1903 3197
455 160 532 205 De
565 160 858 222 Regicmibus
881 163 1225 224 peragrandis.
1511 178 1533 223 5
1546 179 1569 225 5

108 291 205 342 Dei,
242 291 318 332 sed
363 291 495 332 etiam
537 293 707 333 animas
740 298 922 343 nostras,
957 296 1167 346 quoniam
1200 296 1411 336 carissimi
1444 297 1570 337 nobis

105 365 210 406 facti
233 364 394 406 estis.’'l
429 366 539 418 Quis
561 366 643 406 hac
665 367 873 407 comitate
891 373 934 407 et
955 368 1226 420 benignitate
1245 383 1331 409 non
1354 371 1568 411 afficiatur

105 453 207 492 erga
250 439 465 479 Paulum?
544 439 654 492 Quis
697 439 797 480 huic
839 454 885 480 se
926 447 1070 481 totum
1114 455 1201 481 non
1243 442 1393 482 credat
1435 451 1567 497 atque

104 513 272 554 dedat?
336 514 394 553 Et
425 514 482 553 ob
518 514 632 553 hanc
668 527 844 554 causam
884 514 1102 554 Dominus
1140 515 1290 555 turbas
1328 517 1566 558 esurientes

106 590 239 630 etiam
291 589 422 641 pavit,
465 594 509 628 et
555 588 780 641 discipulis
831 594 1099 641 potestatem
1152 588 1274 629 dedit
1317 591 1569 630 conferendi

106 662 355 704 hominibus
408 662 644 710 sanitates;
692 669 740 701 ut
781 660 863 702 hac
909 663 1182 715 benignitate
1233 662 1434 703 homines
1486 665 1566 704 sibi

92 737 405 789 adjungerent,
434 742 478 776 et
510 736 565 776 ad
597 735 784 776 salutem
817 735 986 775 facilius
1013 743 1231 776 vocarent.

192 816 249 862 30,
284 810 520 863 Frugiferae
547 816 649 850 sunt
672 815 918 850 nostrorum
951 811 1245 863 profectiones
1277 817 1456 864 propter
1477 818 1567 852 stu-

104 885 225 925 dium
267 884 442 924 delendi
475 898 525 924 ac
557 884 808 924 dimittendi
840 890 1033 937 peccata,
1072 884 1394 937 Apostolorum
1433 886 1566 926 etiam

94 957 255 1007 more,2
276 971 461 1011 quorum
492 964 585 998 erat
611 958 849 1010 praedicare
878 958 921 998 in
952 957 1114 998 Christi
1144 959 1322 999 nomine
1351 960 1568 1012 poeniten-

101 1034 209 1074 tiam
244 1039 288 1073 et
321 1032 621 1072 remissionem
659 1038 939 1084 peccatorum
971 1032 1014 1071 in
1044 1045 1196 1072 omnes
1230 1039 1395 1085 gentes,
1426 1047 1566 1086 eaque

102 1107 351 1157 dimittere;
386 1107 534 1158 itaque
566 1106 714 1154 nostri,
746 1106 852 1145 dum
885 1106 1004 1145 varia
1033 1105 1128 1146 loca
1159 1113 1406 1159 peragrant,
1441 1108 1566 1148 innu-

102 1183 233 1223 meris
273 1195 351 1235 per
390 1181 665 1234 poenitentiae
708 1186 1032 1220 sacramentum
1082 1186 1263 1233 peccata
1305 1180 1563 1232 dimittunt3

100 1257 300 1297 homines
356 1262 516 1303 autem,
570 1260 818 1294 nostrorum
871 1261 965 1294 tum
1017 1254 1227 1303 doctrina,
1280 1259 1375 1294 tum
1431 1254 1564 1294 etiam

99 1331 320 1383 probitate
370 1334 600 1382 perspecta
646 1342 746 1368 cum
793 1328 1002 1368 comitate
1049 1328 1296 1380 conjuncta,
1340 1327 1465 1368 facile
1507 1329 1564 1369 ad

85 1417 172 1444 eos
209 1403 455 1451 convolant,
480 1402 740 1443 confitentes
778 1408 821 1441 et
857 1403 1170 1441 annuntiantes
1208 1408 1332 1442 actus
1368 1416 1480 1451 suos,
1515 1409 1564 1443 ut

97 1478 202 1518 olim
235 1476 555 1530 Apostolorum
589 1483 788 1529 tempore
820 1475 946 1516 multi
979 1476 1277 1516 credentium:
1311 1482 1354 1515 et
1383 1476 1561 1528 quidem

83 1551 344 1605 *complures
390 1556 605 1591 anteactae
649 1552 750 1591 vitae
804 1551 1004 1591 universa
1055 1557 1237 1603 peccata
1288 1549 1563 1601 confitentur,

97 1632 140 1666 et
178 1625 365 1678 insignia
401 1638 597 1677 persaepe
634 1623 828 1665 facinora
859 1625 933 1664 diu
972 1630 1074 1664 ante
1110 1630 1313 1665 contecta
1349 1631 1481 1677 atque
1520 1625 1562 1664 in

97 1699 369 1740 confessione
405 1699 637 1751 praeterita.
709 1699 865 1751 Neque
907 1699 1040 1739 modo
1083 1705 1331 1739 nostrorum
1373 1699 1563 1738 benevo-

96 1772 231 1812 lentia
271 1771 398 1812 facile
440 1772 495 1811 ad
539 1772 581 1811 id
625 1772 914 1821 adducuntur,
949 1778 996 1812 ut
1033 1786 1078 1812 se
1120 1786 1166 1813 se
1203 1778 1321 1812 totos
1363 1773 1562 1824 pandant

96 1851 231 1898 atque
264 1845 489 1897 aperiant3
527 1858 677 1884 verum
712 1846 844 1885 etiam
874 1846 977 1898 quia
1006 1847 1124 1898 apud
1157 1846 1370 1886 viatorem
1404 1852 1447 1885 et
1475 1846 1562 1886 cito

95 1923 433 1971 praetereuntem
467 1919 754 1967 sacerdotem,
785 1932 917 1971 quem
953 1932 1039 1958 non
1072 1932 1245 1971 semper
1275 1924 1378 1959 ante
1410 1919 1560 1959 oculos

93 1992 284 2032 habituri
316 1998 430 2040 sunt,
455 2005 541 2032 non
571 1999 636 2033 est
657 2007 789 2045 grave
818 1994 1059 2033 admodum
1092 1993 1306 2046 pudorem
1338 1993 1561 2046 paulisper

81 2079 266 2119 ponere,
309 2071 353 2105 et
393 2079 472 2106 sua
513 2067 729 2106 dedecora
769 2066 993 2107 confiteri:
1037 2081 1134 2119 quae
1177 2081 1309 2107 causa
1350 2067 1441 2118 fuit,
1484 2081 1560 2108 cur

92 2141 226 2180 etiam
266 2139 513 2180 Concilium
541 2140 849 2181 Tridentinum
875 2140 1052 2192 jusserit
1086 2141 1422 2181 extraordinarii
1454 2155 1556 2181 con-

91 2213 256 2254 fessarii
294 2214 468 2267 copiam
502 2214 907 2255 sanctimonialibus
937 2214 1039 2263 fieri,
1070 2229 1157 2268 quo
1186 2215 1351 2256 scilicet
1380 2215 1557 2257 liberius

80 2301 169 2329 -sua
199 2289 411 2329 auderent
442 2288 609 2341 aperire
641 2287 853 2341 peccata.3

174 2368 234 2413 40,
268 2362 470 2415 Denique
522 2362 733 2403 salutares
785 2370 828 2403 et
880 2364 1007 2404 utiles
1058 2371 1160 2405 sunt
1210 2371 1457 2405 nostrorum
1512 2365 1553 2404 in

73 2435 261 2475 -deserta
298 2436 394 2476 loca
425 2436 729 2489 profectiones,
754 2451 811 2477 ex
845 2439 1228 2479 administratione
1257 2439 1391 2479 divini
1420 2440 1550 2479 verbi.

90 2508 202 2561 Quae
228 2510 406 2562 quidem
437 2511 599 2563 triplex
626 2518 717 2552 est:
748 2512 851 2553 Una
872 2527 969 2565 quae
997 2513 1281 2553 concionibus
1307 2514 1555 2554 continetur

88 2581 360 2636 publicisque
382 2586 657 2626 sermonibus
677 2600 685 2627 ε
718 2586 874 2626 Altera
897 2601 994 2639 quae
1018 2588 1285 2628 catechismo
1308 2589 1364 2628 ad
1393 2602 1552 2641 pueros

87 2656 302 2709 rudesque
325 2659 522 2711 populos,
547 2660 602 2700 de
624 2675 711 2713 qua
733 2663 776 2701 in
799 2662 990 2703 Actibus
1013 2663 1073 2702 ita
1102 2662 1287 2716 legimus
1307 2676 1316 2703 :
1349 2662 1551 2714 “Aquila

72 2733 131 2769 »et
162 2728 355 2771 Priscilla
385 2741 715 2786 assumpserunt
748 2735 916 2788 Apollo
943 2736 1148 2788 Judaeum
1178 2736 1549 2786 Alexandrinum,

85 2807 130 2843 et
152 2802 405 2856 diligentius
434 2815 734 2859 exposuerunt
764 2811 801 2850 ei
828 2811 944 2850 viam
973 2811 1154 2851 Domini
1174 2810 1235 2851 :''4
1266 2811 1427 2859 Tertia,
1451 2824 1548 2862 quae

173 2889 185 2910 ²
213 2900 225 2922 1
245 2892 360 2924 Thess.
381 2902 411 2925 2.
530 2894 543 2913 ²
567 2896 647 2928 Luc.
668 2906 720 2938 24.
843 2898 856 2917 ³
881 2900 966 2932 Sess.
988 2906 1039 2941 25.
1061 2902 1076 2938 g
1105 2909 1152 2932 10.
1274 2899 1287 2918 ⁴²
1311 2901 1386 2932 Act.
1412 2900 1458 2933 18.
