1903 3197
264 191 362 250 468
600 189 682 236 De
714 189 904 236 ratione
934 189 1128 237 vivendi
1167 190 1429 237 Socz'etatz's.

265 329 310 365 et
342 322 427 364 hoc
461 323 601 363 multo
631 322 810 375 majoris
838 323 989 377 gloriae
1020 324 1132 373 Dei3
1171 324 1290 377 quod
1321 323 1514 364 faciebat
1553 324 1743 366 Paulus.1

266 399 320 439 In
357 398 516 438 animis
558 398 689 450 igitur
732 397 873 451 major
919 398 1018 439 Deo
1065 398 1205 451 gloria
1250 397 1458 449 defertur,
1493 399 1528 438 si
1570 412 1742 453 semper

264 471 448 512 meliora
498 477 725 512 sectemur.
810 472 863 512 In
908 472 1163 525 corporibus
1217 473 1353 512 etiam
1414 472 1556 524 major
1606 472 1746 526 gloria

265 546 364 587 Deo
409 546 605 587 Domino
646 552 797 587 nostro
833 546 1036 596 defertur,
1080 548 1115 587 si
1158 562 1182 587 e
1224 547 1397 587 duobus
1444 561 1480 588 v.
1525 561 1563 600 g.
1615 548 1744 588 bonis

264 620 422 661 melius
483 621 589 661 item
658 620 876 674 seligatur.
982 621 1156 662 Bonum
1214 627 1280 661 est
1347 621 1464 661 enim
1532 620 1743 661 domandi

262 696 457 748 corporis
489 709 620 736 causa
653 695 759 736 illud
804 701 990 736 atterere
1032 703 1075 736 et
1119 709 1340 736 macerare
1377 695 1569 748 jejuniis,
1617 710 1744 749 aspe-

262 769 462 823 rioreque
498 770 616 810 victu
652 770 721 810 vel
763 770 893 810 cultu.
973 770 1146 810 Bonum
1185 771 1290 811 item
1325 771 1362 810 ei
1396 784 1577 824 parcere
1611 770 1746 811 inter-

263 844 381 894 dum,
406 850 451 885 et
480 845 706 884 moderate
738 844 954 896 castigare
986 844 1208 884 interdum
1241 846 1412 885 etiamsi
1438 846 1551 885 vires
1583 845 1741 899 langu-

264 924 378 968 eant,
412 918 593 958 omnino
626 931 715 957 non
749 917 919 966 laedere,
953 917 1031 957 sed
1069 917 1162 970 ejus
1200 919 1331 958 robur
1366 919 1543 959 tuendis
1579 920 1740 960 animis

262 992 567 1047 proximisque
604 991 812 1044 juvandis
863 1005 1091 1032 reservare.
1179 992 1280 1032 Hoc
1332 999 1480 1033 autem
1529 993 1740 1045 judicare,

263 1066 441 1120 quando
501 1065 687 1106 alterum
747 1065 885 1106 altero
953 1065 1108 1106 melius
1160 1067 1226 1114 sit,
1280 1066 1336 1106 ad
1390 1080 1490 1106 eum
1556 1072 1739 1120 spectat,

263 1140 337 1193 qui
375 1140 535 1180 divinae
578 1139 704 1180 nobis
747 1140 803 1179 sit
839 1139 1079 1180 voluntatis
1121 1140 1344 1193 interpres
1410 1139 1545 1193 Sequi
1589 1146 1738 1182 autem

263 1214 457 1254 divinam
480 1213 767 1262 voluntatem,
792 1214 836 1253 id
863 1212 1028 1254 scilicet
1058 1214 1101 1253 in
1130 1214 1213 1254 Dei
1237 1214 1423 1266 gloriam
1446 1214 1574 1263 cedit,
1600 1220 1644 1254 et
1665 1215 1742 1255 ubi

264 1287 432 1328 bonum
470 1287 587 1327 bono
625 1287 768 1339 majus
806 1287 1039 1340 sequimur,
1078 1301 1130 1327 co
1174 1288 1306 1327 etiam
1351 1288 1492 1340 major
1534 1288 1647 1328 redit
1683 1288 1741 1329 ad

264 1362 510 1402 Dominum
533 1361 682 1415 gloria.
763 1362 822 1402 Et
853 1361 938 1402 hoc
958 1362 1163 1402 videlicet
1189 1368 1255 1402 est
1289 1362 1567 1415 “glorificare
1591 1363 1738 1403 Deum

264 1437 308 1476 in
337 1449 520 1489 corpore
549 1434 690 1485 suo‚’'2
712 1442 760 1476 ut
789 1437 851 1476 ait
884 1436 1044 1476 Paulus
1068 1437 1123 1476 ad
1148 1436 1426 1486 Corinthios;
1461 1443 1504 1477 et
1526 1437 1739 1490 majorem

265 1511 365 1551 Deo
403 1510 601 1550 Domino
639 1516 788 1550 nostro
824 1510 1011 1562 gloriam
1054 1511 1096 1550 in
1139 1512 1228 1551 suis
1262 1510 1429 1552 deferre
1470 1511 1738 1564 corporibUS,

264 1589 313 1624 ut
335 1584 397 1624 ait
420 1590 570 1624 noster
598 1584 727 1624 Pater
760 1584 971 1636 Ignatius.
1038 1584 1318 1625 Glorificatur
1349 1592 1497 1626 autem
1531 1586 1740 1634 maxime,

266 1658 446 1711 quando
469 1671 627 1711 corpus
657 1658 740 1698 hoc
770 1672 858 1698 non
888 1664 1038 1699 nostro
1068 1659 1247 1699 arbitrio
1277 1673 1426 1711 regere
1453 1665 1497 1699 et
1526 1659 1743 1700 moderari

265 1732 480 1781 volumus,
524 1732 602 1772 sed
646 1733 689 1772 in
731 1732 861 1772 rebus
903 1733 1121 1782 omnibus,
1174 1735 1419 1786 praesertim
1471 1733 1745 1786 poenitentiis

265 1812 425 1859 sponte
458 1805 661 1856 ferendis,
695 1805 801 1846 illud
840 1806 926 1846 Dei
955 1806 1173 1847 voluntati
1209 1807 1476 1860 subjicimus,
1507 1807 1631 1860 cujus
1663 1820 1744 1848 nos

264 1881 349 1921 toti
393 1894 557 1929 sumus,
592 1880 700 1920 dum
753 1893 832 1920 nos
879 1880 963 1933 ipsi
1005 1886 1224 1921 rectorum
1277 1888 1526 1922 nostrorum
1569 1881 1746 1934 judiciis

266 1955 550 2008 consiliisque
584 1955 898 1995 submittimus.
979 1954 1039 1995 Et
1073 1961 1307 2008 propterea
1340 1956 1447 1996 dicit
1479 1955 1537 1995 ibi
1573 1955 1744 2005 Paulus,

266 2030 409 2070 “Non
439 2030 544 2070 estis
575 2029 734 2069 vestri:
768 2029 905 2082 empti
935 2029 1054 2069 enim
1084 2030 1188 2069 estis
1220 2029 1361 2083 pretio
1391 2043 1582 2082 magno;
1614 2029 1745 2082 glori-

265 2103 396 2144 ficate
433 2109 477 2144 et
511 2108 687 2156 portate
720 2103 867 2143 Deum
901 2103 945 2143 in
978 2117 1160 2156 corpore
1190 2102 1371 2144 vestr0.⁷'
1437 2103 1501 2144 Ut
1535 2103 1652 2142 enim
1684 2102 1744 2143 ibi

267 2177 429 2218 Paulus
486 2177 740 2218 Corinthios
788 2177 915 2230 jubet
966 2178 1186 2218 abstinere
1237 2178 1534 2226 fornicatione,
1588 2176 1744 2230 “Quia

268 2264 421 2291 eorum
474 2263 657 2303 corpora
698 2250 917 2303 templum
971 2257 1074 2291 sunt
1127 2251 1316 2304 Spiritus
1369 2251 1547 2300 Sancti;
1601 2264 1744 2304 neque

268 2325 334 2364 sui
377 2330 491 2373 sunt,
535 2324 613 2364 sed
655 2323 749 2376 ejus
791 2324 866 2376 qui
908 2337 987 2364 suo
1024 2324 1237 2377 sanguine
1279 2338 1354 2364 eos
1397 2323 1647 2374 redemit;''
1699 2330 1745 2364 et

267 2411 400 2451 supra
445 2397 578 2438 etiam
621 2397 809 2446 dixerat,
863 2397 950 2439 “Si
992 2398 1090 2450 quis
1136 2411 1288 2438 eorum
1341 2397 1614 2450 inquinando
1665 2410 1745 2438 suo

267 2485 451 2525 corpore
485 2471 703 2524 templum
741 2471 827 2511 Dei
860 2470 1080 2521 violasset,
1115 2470 1207 2512 fore
1239 2477 1287 2511 ut
1318 2471 1591 2524 disperderet
1622 2470 1744 2512 illum

269 2543 481 2596 Deus;”3
525 2546 586 2585 ita
618 2558 676 2585 ex
709 2545 865 2586 eadem
902 2558 1046 2594 causa,
1081 2546 1185 2598 quia
1219 2558 1306 2586 non
1341 2559 1493 2586 sumus
1522 2546 1669 2595 nostri,
1701 2552 1746 2586 et

269 2632 455 2673 corpora
482 2618 590 2668 haec,
621 2633 721 2672 quae
754 2620 957 2673 gerimus,
980 2619 1198 2674 templum
1229 2627 1331 2661 sunt
1361 2620 1551 2674 Spiritus
1578 2620 1749 2671 Sancti,

270 2706 358 2734 non
409 2692 513 2734 licet
554 2706 606 2734 ea
647 2693 774 2734 nobis
815 2693 1027 2734 arbitratu
1080 2700 1229 2735 nostro
1274 2694 1489 2747 castigare
1541 2693 1745 2747 maleque

270 2766 496 2819 mulctare,
531 2781 586 2809 ne
633 2768 667 2808 si
714 2767 932 2822 templum
979 2768 1063 2808 Dei
1110 2769 1388 2818 destruimus,
1427 2768 1627 2809 destruat
1672 2767 1744 2807 ille

268 2840 460 2883 vicissim
483 2855 574 2883 nos
628 2841 719 2884 Sed
741 2842 785 2883 in
808 2842 859 2884 iis
882 2842 1139 2883 exercendis
1161 2843 1495 2896 affligendisque
1517 2841 1741 2892 debemus,

486 2937 499 2958 ¹
526 2947 552 2973 1.
571 2940 647 2973 Cor.
672 2948 720 2973 10.
901 2939 915 2959 ²
941 2948 968 2973 1.
990 2940 1064 2974 Cor.
1087 2940 1116 2973 6.
1304 2939 1318 2960 ³
1345 2948 1371 2973 1.
1394 2940 1468 2973 Cor.
1491 2948 1519 2981 3.
