1903 3197
291 159 314 205 5
324 146 383 204 58
610 141 690 186 De
725 143 914 189 ratione
948 143 1142 189 vivendi
1175 141 1434 190 Socz'elcztz's.

287 276 474 317 tentatio
509 288 642 327 quam
676 280 834 327 pacata
859 275 949 314 vita
972 280 1066 314 tum
1095 276 1249 316 melior
1278 282 1374 315 tum
1410 275 1585 315 utilior?
1619 290 1758 329 quan-

287 357 422 402 toque
465 348 571 397 illos,
615 348 688 400 qui
736 349 779 387 in
831 348 1007 400 pulvere
1050 349 1229 401 acieque
1271 354 1510 398 versantur,
1554 349 1757 391 clariores

287 423 574 474 fortioresque
607 421 847 461 efficiat?”l
922 422 980 462 Et
1014 436 1119 462 mox
1153 423 1207 462 de
1243 422 1420 470 Satana,
1455 423 1530 475 qui
1562 424 1756 476 pessimo

285 497 409 537 illum
433 497 646 549 percussit
668 496 822 545 ulcere,
847 499 867 516 “
885 497 1159 548 Postquam,”
1185 497 1338 548 inquit,
1365 495 1537 536 “latera
1561 497 1756 550 undique

282 571 485 624 perfodit,
514 570 606 623 ipse
643 570 821 622 quidem
860 570 1027 610 nullum
1066 577 1298 622 qusestum,
1324 570 1546 610 nullumve
1585 570 1753 611 lucrum

284 646 415 685 fecit:
449 658 528 684 nec
551 645 666 683 enim
690 644 943 684 thesaurum
968 645 1174 684 obrutum
1205 644 1392 697 praedari
1424 645 1595 697 potuit;
1630 646 1756 685 nobis

285 734 388 760 vero
421 719 542 758 illum
576 719 618 757 in
652 718 831 758 clariore
853 717 947 757 luce
970 718 1201 758 collocavit
1223 731 1230 767 ;
1264 718 1455 770 fecitque
1479 723 1526 757 ut
1550 718 1675 758 nobis
1698 732 1754 758 ex

286 807 339 833 ea
383 793 568 832 laterum
612 792 844 831 effossione
886 797 999 831 esset
1042 791 1082 830 in
1119 792 1195 830 viri
1234 792 1440 832 interiora
1483 799 1753 845 prospectus,

289 867 491 919 illiusque
514 879 619 918 opes
643 866 863 904 universos
887 865 1196 905 cerneremus.'’
1232 864 1343 917 Quae
1363 866 1539 918 quidem
1559 867 1756 920 pluribus

290 941 334 980 in
359 938 682 992 Olympiodoro
706 939 992 990 prosequitur.

378 1013 466 1053 Sed
510 1012 714 1064 objicies:
768 1025 854 1051 non
897 1025 1050 1051 omnes
1093 1025 1150 1051 ex
1186 1012 1430 1052 tentatione
1463 1019 1756 1065 proventum;

288 1087 414 1126 multi
445 1086 572 1133 enim,
604 1099 703 1125 cum
734 1086 889 1125 morbo
919 1091 1154 1134 tentantur,
1183 1086 1416 1126 tentationi
1449 1087 1753 1136 succumbunt,

286 1161 557 1213 minimeque
609 1174 654 1200 se
706 1160 924 1212 patientes
972 1165 1015 1199 et
1066 1166 1318 1200 constantes
1362 1161 1612 1201 ostendunt.
1698 1162 1756 1202 Et

287 1233 565 1277 Climachus‘2
607 1234 662 1274 de
705 1234 980 1274 Discretione
1023 1234 1162 1284 docet,
1201 1234 1436 1275 nonnullos
1489 1248 1546 1274 ex
1589 1235 1639 1275 iis
1682 1237 1755 1288 qui

287 1309 442 1350 morbo
478 1309 622 1349 affecti
658 1314 769 1356 sunt,
794 1307 1092 1360 blasphemiae,
1119 1308 1227 1348 alios
1256 1307 1438 1358 acediae,
1469 1309 1758 1362 perpetuique

287 1384 498 1433 moeroris,
543 1382 759 1435 quosdam
807 1382 1126 1434 gastrimargia?
1169 1395 1219 1422 ac
1262 1382 1561 1422 fornicationis
1603 1383 1756 1435 spiritu

286 1457 521 1510 perurgeri.
587 1457 683 1496 Imo
720 1456 764 1495 B.
798 1456 1045 1508 Greg01·iuS‚
1080 1469 1179 1495 cum
1218 1456 1274 1496 ad
1315 1456 1584 1509 Episcopum
1625 1456 1759 1496 Mari—

290 1544 422 1571 anum
451 1530 610 1577 scribit,
635 1529 728 1581 ejus
760 1529 877 1581 apud
902 1529 1049 1568 Deum
1082 1542 1232 1581 preces
1263 1529 1480 1582 implorat,
1504 1536 1552 1570 ut
1583 1544 1758 1583 percus-

289 1605 422 1644 sionis
445 1618 535 1643 sure
559 1617 661 1655 erga
685 1617 730 1642 se
759 1602 932 1655 flagella
965 1604 1180 1656 propitius
1213 1604 1396 1656 mitiget,
1421 1610 1464 1644 et
1495 1605 1756 1657 patientiam

284 1678 505 1718 tolerandi
559 1676 798 1716 concedat:
852 1676 957 1715 “Ne
1010 1676 1180 1725 nimio‚''
1226 1677 1378 1728 inquit,
1423 1678 1579 1729 “quod
1631 1678 1756 1725 absit,

285 1752 422 1791 taedio
465 1751 507 1790 in
551 1750 873 1802 impatientiam
916 1763 990 1789 cor
1032 1756 1245 1802 erumpat,
1276 1756 1319 1790 et
1361 1763 1460 1802 quze
1502 1751 1639 1791 curari
1683 1764 1760 1804 per

286 1825 465 1878 plagam
494 1829 667 1876 poterat
694 1823 833 1876 culpa,
859 1829 1024 1863 crescat
1056 1837 1112 1863 ex
1137 1823 1393 1864 murmu1·e.''
1457 1823 1590 1876 Quod
1614 1825 1648 1864 si
1671 1825 1755 1865 hoc

284 1904 435 1938 tantus
467 1899 541 1945 vir,
576 1897 681 1949 quid
725 1896 885 1936 facient
928 1897 1167 1937 imbecilles
1210 1897 1397 1937 necdum
1440 1912 1756 1951 usquequaque

287 1972 492 2025 perfecti!

375 2045 565 2085 Accedit
611 2044 729 2097 quod
780 2045 981 2093 Satanas,
1026 2051 1185 2084 nostrae
1239 2051 1393 2085 nactus
1445 2046 1758 2086 imbecillitatis

287 2119 575 2167 occasionem,
611 2124 658 2157 ut
694 2132 823 2170 supra
859 2118 1064 2167 diximus,
1104 2119 1312 2159 audacius
1348 2120 1391 2159 id
1430 2119 1639 2172 temporis
1677 2132 1757 2159 nos

288 2198 527 2245 oppugnat.
611 2192 827 2231 Przeterea
869 2192 1069 2231 videmus
1123 2192 1303 2244 aliquos,
1335 2206 1445 2232 cum
1498 2206 1555 2231 ex
1604 2192 1757 2232 morbo

284 2264 598 2313 convaluerint,
642 2265 830 2304 evasisse
880 2265 1128 2314 deteriores,
1172 2265 1403 2313 molliores,
1448 2271 1491 2305 et
1533 2265 1575 2304 in
1628 2278 1754 2305 suum

287 2351 446 2390 corpus
503 2337 882 2389 indulgentiores3
946 2338 1213 2390 eosdemque
1275 2338 1383 2378 cibis
1444 2338 1755 2391 aegrotantium

282 2410 613 2451 delicatioribus
637 2416 837 2450 assuetos
856 2424 1058 2463 respuere
1082 2425 1187 2451 mox
1212 2425 1480 2461 communes,
1501 2418 1544 2453 et
1561 2425 1756 2465 quaerere

285 2484 517 2525 lautiores:
565 2484 798 2524 nonnullos
834 2485 965 2524 etiam
1003 2492 1122 2525 metu
1166 2487 1263 2526 novi
1309 2487 1447 2527 morbi
1491 2486 1548 2527 ab
1583 2486 1755 2527 usitatis

285 2559 561 2611 poenitentice
615 2558 770 2597 studiis
822 2558 1079 2610 caeterisque
1134 2560 1310 2612 pietatis
1364 2560 1755 2600 exercitationibus

284 2632 489 2681 revocari,
533 2638 576 2672 et
629 2632 716 2671 suis
758 2632 1011 2684 corporibus
1061 2647 1247 2685 parcere.
1332 2633 1571 2686 Quomodo
1623 2634 1756 2687 igitur

284 2705 450 2746 donum
484 2706 567 2745 Dei
602 2712 667 2746 est
700 2706 794 2759 ipsa
827 2706 966 2746 morbi
999 2708 1218 2748 tentatio?

374 2780 654 2833 Respondeo,
690 2786 837 2820 nostro
871 2780 913 2820 id
947 2780 1037 2820 fieri
1071 2781 1189 2831 vitio,
1214 2796 1267 2822 ne
1300 2782 1488 2823 fructum
1522 2796 1578 2822 ex
1612 2787 1753 2823 tenta·

464 2868 475 2887 ¹
503 2871 605 2902 Hom.
627 2879 655 2910 9.
680 2871 720 2902 ad
746 2871 825 2912 Pop.
849 2871 927 2902 Ant.
950 2877 979 2902 et
1006 2872 1038 2902 in
1065 2872 1134 2903 Cat.
1158 2873 1214 2903 Gr,
1404 2870 1417 2890 2
1442 2872 1497 2904 Gr.
1520 2872 1572 2903 26.
