1903 3197
684 201 764 246 De
800 200 1045 247 castitate.
1505 214 1529 258 3
1541 215 1562 245 2
1572 211 1595 257 5

132 333 306 374 clitari.’'
389 333 448 374 Et
471 331 789 380 “emortuam,''
814 332 966 384 inquit,
993 333 1300 372 “senectutem
1341 331 1598 372 intestinum

132 406 217 447 hoc
248 406 412 447 malum
444 406 603 459 saepius
635 403 911 457 inquietat.’'1
974 405 1027 444 Id
1060 404 1290 444 confirmat
1323 403 1597 444 Bernardus:

134 480 315 534 “Super
346 481 494 520 omnia
526 479 645 519 mala
679 478 915 518 delectatio
938 478 1091 526 carnis,
1116 491 1214 530 quae
1247 477 1302 517 ab
1335 477 1440 529 ipsis
1466 490 1598 517 cuna-

133 554 248 595 bulis
289 567 461 607 semper
505 566 677 593 mecum
724 553 869 600 crevit,
909 551 1015 591 mihi
1062 564 1236 603 semper
1281 550 1479 598 adhaesit,
1517 563 1596 590 nec

133 627 277 669 adhuc
332 627 426 680 jam
475 640 567 680 prae
618 632 843 666 senectute
900 624 1205 665 deficientibus
1262 624 1471 663 membris
1528 636 1598 663 me

133 700 353 742 deserit.”2
433 700 654 741 Climacus
707 705 854 739 autem
906 699 983 738 vix
1035 698 1126 738 fieri
1178 711 1308 750 posse
1359 702 1498 750 putat,
1550 702 1600 736 ut

133 775 343 828 quamdiu
386 774 429 813 in
465 773 547 814 hac
583 774 673 814 vita
705 787 855 813 sumus
898 772 1090 812 libidinis
1127 772 1335 812 sedentur
1371 770 1598 819 incendia3

133 853 177 889 et
218 849 264 888 B.
290 847 537 900 Gregorius,
576 846 678 887 licet
729 847 772 886 in
820 846 909 886 suis
957 845 1158 898 Dialogis
1200 845 1359 884 sentire
1400 844 1600 883 videatur

133 920 358 961 molestias
384 921 524 960 carnis
553 921 610 960 ad
639 933 802 960 annum
839 933 977 972 usque
1011 918 1427 972 quinquagesimum
1461 917 1600 957 solere

133 1007 229 1034 esse
268 993 627 1042 vehementiores,
669 999 820 1033 tamen
872 994 915 1032 in
968 993 1156 1045 primam
1202 991 1421 1044 Regulam
1468 990 1599 1031 dicit:

133 1068 290 1107 “Dum
314 1067 356 1106 in
379 1081 508 1107 carne
530 1080 692 1116 sumus,
715 1067 907 1107 libidinis
938 1080 1017 1106 nos
1047 1066 1175 1105 fortia
1205 1065 1322 1106 bella
1350 1063 1598 1105 sustinere.'’

137 1141 440 1193 Hieronymus
481 1154 685 1193 quoque:
728 1141 797 1180 De
834 1146 1039 1193 suspecto
1082 1139 1371 1179 contubernio
1404 1138 1598 1186 vitando,

134 1220 267 1267 negat
296 1214 394 1254 ullis
426 1214 469 1253 in
501 1214 706 1254 aetatibus
728 1219 871 1253 tutam
903 1227 996 1253 esse
1026 1210 1285 1253 libidinem.3
1337 1212 1396 1252 Et
1420 1211 1599 1263 quidem

133 1287 388 1340 exemplum
419 1288 461 1326 in
492 1286 728 1339 Scripturis
762 1287 936 1328 Sanctis
967 1286 1181 1327 habemus
1214 1286 1400 1325 duorum
1431 1298 1598 1333 senum,

134 1362 209 1414 qui
231 1360 445 1402 vulnerati
469 1366 571 1400 sunt
592 1374 741 1400 amore
766 1360 992 1409 Susannae‚
1017 1374 1203 1412 quorum
1228 1359 1413 1399 alterum
1439 1358 1600 1398 Daniel

133 1435 461 1475 “inveteratum
494 1434 663 1474 dierum
696 1434 911 1474 malorum
928 1433 946 1447 ”
971 1434 1176 1486 appellat.

218 1508 289 1549 Ac
311 1515 469 1562 praeter
491 1522 541 1548 ea
559 1522 657 1561 quae
676 1508 730 1548 de
753 1509 931 1548 senibus
954 1514 1185 1548 narrantur
1206 1508 1249 1547 in
1263 1508 1379 1547 Vitis
1403 1507 1600 1555 Patrum‚

134 1583 281 1624 scribit
319 1583 363 1622 B.
383 1582 603 1635 Jordanus
640 1582 794 1623 Saxon
827 1596 872 1622 se
905 1596 961 1622 ex
992 1596 1094 1622 sene
1125 1582 1319 1634 quodam
1350 1581 1600 1621 centenario

134 1657 398 1710 quaesivisse,
426 1670 482 1697 an
519 1657 561 1696 in
599 1670 650 1696 ea
687 1657 820 1696 etiam
859 1662 990 1696 aetate
1023 1662 1169 1696 motus
1203 1656 1395 1695 libidinis
1428 1655 1601 1707 experi-

133 1736 261 1780 retur,
303 1730 693 1782 respondisseque:
748 1729 946 1770 “Adhuc
993 1744 1039 1770 se
1085 1729 1310 1769 hominem
1358 1742 1464 1778 esse,
1510 1742 1598 1768 non

135 1804 251 1844 enim
293 1803 523 1843 deficiente
565 1808 697 1843 aetate
739 1803 887 1843 deficit
929 1804 1226 1856 emoriturque
1271 1801 1466 1851 libido;'’
1511 1802 1599 1841 imo

134 1890 252 1929 saepe
278 1891 378 1917 cum
405 1882 548 1926 aetate,
572 1878 605 1916 si
629 1876 772 1916 eidem
795 1877 991 1928 Jordano
1014 1877 1243 1925 credimus,
1266 1876 1419 1916 crescit
1441 1875 1599 1915 saltem

134 1950 293 1990 mentis
329 1950 560 2002 cordisque
596 1950 959 2002 concupiscentia.
1031 1950 1271 2002 Nunquam
1315 1949 1431 1988 enim
1474 1949 1599 1988 deest

134 2024 315 2073 animus,
363 2024 437 2075 qui
483 2029 560 2063 aut
611 2024 912 2063 recordatione
964 2023 1185 2076 praeteriti,
1228 2028 1304 2062 aut
1345 2035 1422 2075 spe
1464 2022 1597 2061 futuri

133 2097 383 2137 delectetur.
468 2097 625 2149 Itaque
676 2103 824 2137 narrat
865 2111 911 2137 se
952 2111 978 2136 a
1020 2096 1316 2148 nonagenario
1368 2095 1596 2143 audivisse,

132 2170 178 2211 in
201 2176 424 2211 senectute
447 2169 569 2209 illum
592 2184 670 2210 sua
692 2170 1052 2220 vehementiores,
1073 2183 1207 2223 quam
1230 2183 1425 2222 unquam
1454 2175 1595 2217 antea,

131 2244 406 2285 titillationes
439 2250 481 2284 et
519 2243 741 2284 molestias
778 2245 919 2284 carnis
952 2245 1084 2284 fuisse
1116 2256 1383 2297 perpessum.
1460 2242 1596 2295 Cujus

130 2319 242 2359 ratio
274 2332 325 2359 ea
357 2318 479 2358 reddi
512 2324 669 2371 potest,
692 2318 761 2358 vel
794 2319 907 2370 quia,
932 2324 980 2358 ut
1012 2319 1055 2357 in
1090 2317 1332 2358 Moralibus
1360 2315 1597 2368 Gregorius

131 2392 220 2432 ait:
244 2391 498 2444 “Antiquus
519 2391 658 2431 hostis
680 2391 939 2444 plerumque
965 2392 1218 2432 hominibus
1244 2397 1348 2431 tunc
1377 2390 1598 2443 graviores

132 2465 285 2518 culpas
318 2467 486 2519 ingerit,
519 2480 618 2506 curn
660 2467 890 2519 praesentis
925 2467 1028 2506 vitae
1061 2465 1248 2506 termino
1285 2465 1382 2505 illos
1419 2464 1598 2517 propin-

132 2552 267 2592 quare
308 2540 560 2593 cognoscit;
601 2540 670 2580 vel
713 2545 839 2588 certe,
875 2541 977 2592 quia
1014 2554 1087 2580 eas
1128 2539 1345 2592 permittit
1379 2538 1502 2578 Deus
1539 2537 1596 2578 ad

133 2613 362 2652 materiam
406 2614 547 2653 meriti
590 2612 871 2653 uberiorem.’'
935 2613 1053 2653 Nam
1097 2613 1216 2665 quod
1259 2611 1404 2652 David
1448 2624 1596 2662 regem

125 2684 221 2737 Jam
249 2687 635 2738 septuagenarium
664 2687 887 2727 memoriae
917 2687 1098 2727 tradunt
1125 2686 1271 2727 Sacrae
1299 2685 1471 2732 Literae,
1495 2696 1595 2723 eum

131 2757 306 2811 Abisag
367 2759 704 2810 Sunamitidem‚
755 2762 981 2812 praestanti
1049 2760 1189 2800 forma
1248 2758 1453 2812 puellam,
1507 2769 1595 2796 non

134 2832 404 2885 cognovisse,
434 2845 521 2872 non
552 2832 597 2872 id
628 2833 772 2873 aetatis
804 2833 1047 2874 deficientis
1075 2834 1193 2881 vitio,
1224 2833 1300 2872 sed
1337 2830 1595 2884 perfectioni

132 2918 146 2939 ¹
170 2920 227 2952 Ad
253 2921 362 2953 Soror.
383 2931 428 2953 cc.
445 2920 498 2961 26,
518 2919 570 2953 28.
662 2920 676 2939 ²
699 2922 753 2953 De
777 2922 928 2954 Interior.
949 2923 1048 2954 Doni.
1070 2933 1097 2954 c.
1118 2921 1169 2962 36.
1262 2919 1276 2939 ³
1302 2920 1406 2961 Epist.
1423 2926 1474 2960 47.
1495 2918 1595 2959 (117).
