1903 3197
643 130 724 174 De
753 129 1010 176 Examina
1126 152 1131 157 ·
1465 143 1488 172 2
1498 128 1524 173 8
1533 141 1561 186 3

92 262 218 315 jungi
251 275 350 302 cum
381 261 559 314 proprio
591 273 641 300 ac
672 258 890 312 peculiari,
915 260 1032 312 quod
1065 265 1132 300 est
1161 261 1367 300 Examen
1399 260 1558 312 ipsum,

97 341 146 375 ut
175 335 295 375 modi
321 335 437 384 dixi;
459 347 574 383 nam,
603 346 873 385 quamquam
906 332 991 372 alia
1012 338 1218 384 poterant
1239 333 1295 372 ad
1319 333 1558 372 faciliorem

95 409 300 449 vitiorum
324 407 629 461 expulsionem
658 406 863 459 praesidia
891 406 1077 458 suggeri,
1101 411 1250 445 tamen
1282 406 1558 458 intelligebat

97 482 227 522 Pater
256 489 404 522 noster
436 482 648 534 Ignatius,
680 480 724 520 in
754 479 822 519 his
851 493 950 532 quae
981 479 1133 531 gratiae
1165 485 1279 527 sunt,
1311 479 1558 530 cujusmodi

95 561 199 595 sunt
227 568 481 608 progressus
512 553 648 594 nostri
683 552 941 606 spirituales,
970 553 1123 604 gratiae
1157 565 1238 591 nos
1279 565 1406 604 egere
1446 566 1558 603 prae-

95 628 220 678 sidio,
262 634 306 669 et
346 628 524 680 quidem
567 626 707 666 multo
749 626 901 678 magis,
945 639 1078 677 quam
1120 626 1164 664 in
1205 624 1273 664 his
1315 638 1414 677 quae
1456 630 1560 664 sunt

96 707 275 742 naturae.
337 701 463 740 Licet
502 700 635 753 igitur
675 712 908 739 commune
940 698 1140 738 videatur
1173 711 1267 738 esse
1303 697 1558 750 praesidium

95 775 152 815 ad
188 773 493 827 expulsionem
522 773 728 813 vitiorum
760 772 1011 825 imploratio
1045 771 1349 824 flagitatioque
1382 771 1558 810 Divinae

93 847 258 900 gratiae,
302 847 346 887 id
397 852 547 887 tamen
598 860 697 887 cum
751 846 986 886 Examinis
1037 845 1266 897 diligentia
1309 857 1360 884 ac
1411 843 1559 883 studio

95 920 278 961 efficitur
308 921 532 974 proprium
562 934 613 960 ac
643 920 871 973 peculiare.
935 918 1163 972 Quantum
1206 924 1355 959 autem
1394 919 1438 957 in
1472 916 1557 957 hoc

94 994 308 1033 momenti
351 995 418 1043 sit,
453 1000 621 1034 veteres
662 998 949 1047 agnoverunt,
982 998 1030 1033 ut
1071 1007 1128 1032 ex
1173 992 1352 1032 Patrum
1390 991 1559 1032 collati-

94 1067 252 1107 onibus
293 1068 398 1107 satis
444 1067 709 1119 intelligitur.
773 1067 847 1108 Sic
888 1067 1004 1106 enim
1059 1067 1306 1114 Cassianus,
1349 1079 1449 1105 cum
1500 1065 1558 1105 de

94 1140 298 1181 vitiorum
359 1140 562 1181 hostibus
622 1142 820 1194 disputat
881 1141 961 1181 sub
1024 1140 1276 1194 Serapionis
1336 1153 1523 1193 persona
1549 1152 1558 1179 :

94 1213 288 1254 “Certos
320 1227 399 1254 nos
431 1228 525 1254 esse
557 1215 771 1261 convenit,
795 1219 886 1254 tam
920 1214 1025 1266 ipsis
1054 1227 1196 1253 rerum
1228 1213 1558 1266 experimentis,

95 1300 229 1339 quam
282 1288 520 1327 innumeris
564 1287 800 1340 Scripturae
842 1288 1105 1327 testimoniis
1151 1288 1355 1334 eruditos,
1399 1287 1558 1326 nostris

95 1373 174 1400 nos
196 1360 371 1407 viribus,
395 1361 476 1399 nisi
508 1361 591 1400 Dei
622 1360 755 1400 solius
784 1361 951 1400 auxilio
973 1360 1214 1409 fulciamur,
1237 1366 1384 1400 tantos
1407 1359 1558 1399 hostes

95 1447 300 1486 superare
322 1447 409 1473 non
432 1447 572 1486 posse,
593 1439 635 1473 et
657 1434 713 1474 ad
738 1435 880 1486 ipsum
904 1434 1099 1486 quotidie
1122 1446 1342 1473 summam
1364 1433 1558 1472 victoriae

97 1514 258 1547 nostrae
291 1507 446 1547 referre
478 1506 695 1548 debere.’'1
758 1508 817 1547 Et
853 1508 986 1560 paulo
1018 1507 1129 1547 infra
1164 1507 1407 1548 consimilia
1441 1506 1558 1554 dicit,

97 1587 146 1621 ut
178 1581 310 1620 etiam
339 1581 616 1621 antecedenti
649 1582 801 1634 capite.
866 1581 999 1621 Porro
1028 1581 1280 1621 testimonia
1308 1580 1558 1633 Scripturae,

100 1667 212 1706 quae,
251 1654 369 1704 dicit,
401 1660 504 1694 sunt
534 1654 663 1707 hujus
694 1654 901 1707 spiritalis
932 1656 1126 1695 victoriae
1157 1654 1309 1707 figurae
1342 1655 1560 1706 quaedam,

98 1740 157 1767 ex
188 1728 406 1780 corporeis
437 1734 626 1780 sumptae
658 1729 858 1768 victoriis.
942 1728 1114 1768 Dicitur
1155 1728 1271 1767 enim
1313 1729 1368 1768 ad
1412 1741 1559 1780 regem

98 1801 359 1840 Amasiam:
394 1800 482 1841 “Si
513 1807 643 1854 putas
675 1803 718 1841 in
750 1802 904 1841 robore
933 1802 1152 1841 exercitus
1174 1802 1289 1841 bella
1311 1802 1559 1849 consistere,

99 1875 293 1926 superari
337 1880 380 1914 te
423 1873 553 1914 faciet
604 1876 728 1914 Deus
769 1875 825 1914 ab
876 1874 1085 1914 hostibus.
1151 1874 1236 1914 Dei
1279 1876 1442 1927 quippe
1494 1880 1562 1915 est

98 1948 321 1999 adjuvare,
343 1953 386 1987 et
418 1948 461 1987 in
485 1948 635 2000 fugam
669 1947 955 1989 converteres*
973 1946 988 1970 ²
1049 1948 1235 1996 Deinde,
1259 1962 1359 1988 cum
1388 1949 1563 1988 timeret

99 2021 316 2074 Josaphat
347 2034 426 2061 rex
459 2021 641 2074 ejusque
674 2022 892 2061 exercitus
930 2021 1154 2062 Moabitas
1188 2028 1231 2062 et
1261 2021 1561 2070 Ammonitas,

101 2097 268 2137 dictum
302 2101 367 2136 est
400 2096 486 2135 eis:
520 2095 704 2135 “Nolite
737 2096 902 2145 timere,
932 2109 1013 2135 nec
1044 2096 1241 2148 paveatis
1271 2096 1385 2135 hanc
1415 2096 1562 2135 multi-

100 2169 332 2218 tudinem3
364 2183 451 2209 non
485 2170 598 2209 enim
633 2175 699 2209 est
727 2175 873 2209 vestra
903 2182 1064 2222 pugna,
1093 2170 1170 2209 sed
1201 2169 1323 2217 Deis
1347 2175 1390 2210 et
1427 2183 1561 2210 mox:

97 2243 239 2283 “Non
277 2243 394 2283 eritis
430 2257 508 2300 vos
539 2244 613 2296 qui
656 2243 932 2292 dimicabitis,
965 2244 1042 2283 sed
1075 2244 1386 2284 tantummodo
1429 2243 1563 2284 confi-

98 2316 252 2356 denter
293 2323 418 2365 state,
461 2323 505 2357 et
545 2318 750 2357 videbitis
801 2317 1016 2357 auxilium
1070 2317 1251 2357 Domini
1302 2331 1433 2370 super
1473 2331 1562 2359 VOS.

101 2389 208 2430 Cras
233 2391 514 2443 egrediemini
548 2397 697 2431 contra
727 2404 813 2441 eos,
836 2398 880 2432 et
912 2391 1132 2431 Dominus
1165 2391 1246 2431 erit
1273 2389 1562 2432 vobiscum.’'3

98 2464 473 2515 “Egrediemini‚''
517 2465 668 2517 inquit,
711 2465 858 2517 egredi
901 2465 1017 2504 enim
1059 2470 1232 2505 tantum
1279 2465 1415 2517 jubet,
1459 2465 1564 2517 quia

99 2535 206 2576 nihil
248 2543 341 2577 erat
381 2538 432 2577 iis
473 2538 694 2590 agendum
737 2538 854 2578 aliud
902 2539 982 2578 nisi
1025 2544 1074 2578 ut
1115 2538 1435 2591 egrederentur,
1473 2551 1561 2590 quo

99 2608 208 2649 nihil
250 2609 447 2660 facilius;
498 2624 600 2651 nam
642 2624 838 2664 pugnare
881 2617 924 2651 et
959 2611 1186 2652 victoriam
1228 2625 1390 2664 parere,
1424 2611 1468 2650 id
1505 2609 1562 2650 ad

98 2682 342 2723 Dominum
365 2684 621 2735 pertinebat.

184 2756 288 2808 Jam
324 2757 358 2795 si
391 2757 447 2796 ad
481 2757 720 2798 vincendos
756 2758 1145 2811 profligandosque
1180 2757 1330 2798 hostes
1371 2755 1564 2808 corporis

249 2843 261 2864 ²
287 2845 372 2877 Coll.
394 2851 424 2886 5.
445 2855 472 2877 c.
496 2852 544 2886 15.
717 2846 730 2864 2
753 2855 784 2878 2.
812 2847 952 2888 Paralip.
976 2853 1028 2888 25.
1208 2844 1221 2864 ³
1247 2845 1333 2877 Ibid.
1355 2853 1405 2876 20.
