1903 3197
305 214 399 272 648
625 214 704 260 De
736 215 922 260 ratione
957 213 1150 260 vivendi
1182 213 1442 259 societatis.

304 360 482 387 causam
506 348 611 388 dicit
629 361 723 388 esse
742 347 1001 388 Plutarchus
1019 348 1074 388 de
1095 347 1249 388 Amor.
1274 347 1390 387 Frat.
1413 359 1489 386 cur
1506 345 1549 385 in
1571 343 1766 384 humano

305 435 486 474 corpore
539 422 660 462 Deus
712 423 919 475 pleraque
979 423 1084 463 bina
1139 421 1299 469 fecerit,
1346 425 1527 473 propter
1582 418 1767 458 salutem

305 502 597 549 mutuumque
638 497 881 547 auxilium;
929 511 1032 537 nam
1074 510 1232 537 manus
1274 508 1453 535 manum
1498 492 1688 545 adjuvat,
1727 497 1772 531 et

304 583 382 622 pes
424 571 609 623 pedem3
662 572 848 625 ideoque
899 573 1032 612 etiam
1085 571 1305 611 Dominus
1353 570 1481 610 binos
1532 566 1771 619 discipulos

305 644 434 691 misit,
459 651 506 684 ut
528 646 764 686 observant
786 647 998 687 doctores.
1057 646 1369 686 Bonaventura
1393 643 1516 696 Spec.
1538 642 1654 682 Disc.
1674 654 1713 693 p.
1729 652 1768 690 4.

304 733 336 758 6.
373 730 439 760 2.:
493 721 631 760 “Non
675 728 740 761 est
781 722 962 769 tutum,''
1000 722 1152 774 inquit,
1193 724 1303 760 “aut
1344 719 1505 758 decens
1542 715 1767 768 religiosis,

305 806 417 845 quos
440 796 641 846 congruit
663 795 790 835 binos
813 796 884 845 ire,
907 796 1093 835 alterum
1117 795 1172 835 ab
1195 794 1332 834 altero
1354 793 1527 845 longius
1550 790 1741 843 separari
1761 805 1769 829 :

304 868 494 921 talisque
523 871 742 922 separatio
771 871 832 910 eis
864 871 907 910 in
940 869 1192 923 periculum,
1221 875 1263 908 et
1295 866 1622 908 occurrentibus
1654 864 1772 904 cedit

304 942 346 981 in
381 943 674 983 scandalum.’'

393 1016 553 1068 Quoad
596 1019 847 1058 secundum.
913 1019 1014 1058 Duo
1057 1018 1254 1058 maxime
1305 1017 1348 1056 in
1398 1017 1493 1068 ipso
1535 1015 1770 1055 comitatus

305 1091 458 1131 ordine
494 1094 796 1133 conservando
838 1094 1054 1133 servanda
1090 1099 1202 1140 sunt,
1242 1106 1299 1132 ex
1336 1091 1495 1144 quibus
1532 1089 1668 1129 oritur
1703 1087 1769 1127 vis

303 1166 449 1205 decori
483 1173 615 1219 atque
647 1168 887 1208 modestiae.

394 1240 599 1282 Primum.
687 1243 739 1282 In
792 1243 1049 1283 ambulandi
1102 1243 1271 1282 ratione
1322 1247 1369 1281 ut
1421 1254 1516 1280 mos
1568 1243 1772 1285 servetur,

306 1314 471 1355 scilicet
520 1330 574 1355 ne
626 1316 736 1356 alter
786 1317 972 1357 alterum
1025 1317 1295 1357 ambulando
1346 1320 1595 1368 praecurrat,
1639 1312 1773 1352 comi-

306 1395 486 1446 temque
508 1390 687 1430 fratrem
710 1398 810 1444 post
843 1406 889 1432 se
921 1392 1120 1432 deserat:
1152 1392 1227 1431 sed
1258 1390 1439 1444 aequalis
1469 1390 1525 1428 sit
1547 1388 1774 1439 utriusque

306 1464 529 1515 ingressio,
564 1466 645 1504 nisi
678 1466 790 1506 forte
820 1467 1014 1519 dignitas
1056 1466 1251 1519 adjuncti
1284 1465 1456 1506 comitis
1487 1462 1691 1517 postulet,
1725 1466 1774 1500 ut

306 1537 426 1576 sinas
468 1552 567 1578 eum
611 1539 839 1592 aliquanto
881 1541 1045 1593 praeire.
1116 1540 1217 1594 Qua
1259 1541 1314 1580 de
1356 1553 1401 1579 re
1453 1539 1773 1580 Bonaventura,

309 1612 433 1664 Spec.
459 1613 576 1653 Disc.
602 1628 639 1666 p.
666 1626 699 1654 2.
725 1629 757 1655 6.
775 1615 810 1654 6.
834 1632 840 1655 :
871 1616 988 1655 “Est
1011 1622 1053 1655 et
1077 1616 1184 1655 ordo
1207 1613 1494 1659 reverentize,''
1518 1612 1671 1664 inquit,
1695 1613 1774 1649 “et

306 1687 522 1727 decentia}
575 1689 617 1728 in
672 1690 856 1737 incessu,
911 1696 957 1730 ut
1009 1704 1097 1730 non
1149 1690 1313 1743 passim
1367 1675 1582 1728 seniorem
1631 1685 1778 1738 junior

305 1762 574 1801 antecedat.'’

395 1836 454 1875 Et
498 1836 636 1876 Isaias
678 1836 836 1877 Abbas
886 1839 941 1877 de
991 1838 1175 1890 Junior:
1228 1836 1314 1878 “Si
1357 1849 1456 1876 cum
1499 1831 1775 1886 majoribus,’'

306 1911 459 1963 inquit,
496 1912 611 1951 “iter
642 1912 756 1962 facit,
790 1927 844 1952 ne
873 1913 1095 1966 prcecedat
1117 1912 1334 1952 omnino.''
1358 1925 1395 1964 p.
1427 1910 1514 1950 168.
1540 1923 1595 1948 or.
1623 1919 1656 1947 2.

398 1986 458 2025 Et
477 1985 663 2026 Doroth.
684 1986 772 2027 Ser.
793 1998 865 2037 24:
890 1987 1031 2028 “Cum
1052 1987 1252 2027 ambulas
1271 1987 1310 2025 in
1328 1987 1398 2025 via
1415 1999 1469 2025 ne
1486 1995 1779 2037 praeoccupes,

307 2066 384 2099 aut
407 2061 634 2112 praecedas
660 2061 850 2113 majores
878 2068 1003 2102 tuos:
1036 2062 1153 2115 quod
1187 2062 1221 2101 si
1254 2068 1378 2101 tuum
1412 2060 1491 2099 erit
1522 2057 1782 2111 praecedere,

308 2134 567 2186 prasstolare
590 2136 758 2174 socium
786 2142 921 2183 tuum,
946 2150 1087 2188 neque
1117 2136 1305 2176 multum
1328 2135 1434 2174 velis
1457 2147 1556 2173 eum
1580 2131 1781 2172 anteire.”

397 2208 605 2248 Alterum
645 2216 710 2249 est
755 2210 796 2249 in
840 2211 974 2250 totius
1012 2211 1241 2250 exterioris
1277 2209 1468 2249 hominis
1510 2206 1782 2247 continentia

310 2296 360 2322 ac
404 2284 733 2323 moderatione:
781 2290 827 2324 ut
865 2286 978 2325 inter
1018 2285 1335 2325 ambulandum
1374 2283 1558 2323 eandem
1597 2287 1779 2334 uterque

310 2358 680 2406 moderationem,
720 2359 865 2410 quoad
919 2359 1011 2411 ejus
1064 2359 1153 2399 fieri
1204 2365 1361 2412 potest,
1409 2359 1451 2397 in
1503 2357 1780 2397 continendis

311 2431 461 2479 oculis,
504 2431 664 2483 lingua,
703 2433 959 2485 caeterisque
1001 2434 1219 2479 membris,
1258 2447 1336 2472 nec
1378 2446 1465 2471 non
1507 2437 1628 2471 veste
1670 2431 1776 2483 ipsa,

312 2519 487 2558 semper
528 2505 747 2546 adhibeat.
822 2507 939 2546 Nam
982 2508 1016 2546 si
1060 2507 1168 2547 alter
1203 2508 1418 2547 demissos
1455 2512 1498 2545 et
1540 2505 1777 2553 modestos,

310 2580 422 2620 alter
462 2594 598 2632 vagos
641 2587 684 2620 et
726 2588 919 2621 errantes
961 2582 1110 2622 oculos
1150 2588 1301 2635 gerat;
1346 2581 1455 2621 alter
1491 2581 1534 2620 in
1576 2594 1778 2620 sermone

313 2656 368 2694 sit
401 2669 559 2708 parcus
592 2661 634 2695 et
667 2669 797 2703 rarus,
823 2656 932 2695 alter
962 2656 1148 2696 blateret
1181 2657 1435 2709 loquaxque
1467 2656 1548 2705 sit;
1596 2655 1705 2695 alter
1733 2656 1776 2695 in

313 2736 438 2769 motu
463 2730 759 2769 membrorum
787 2730 993 2770 decorum
1017 2745 1189 2784 semper
1218 2731 1430 2776 attendat,
1455 2730 1564 2769 alter
1589 2736 1707 2770 totus
1731 2743 1777 2769 se

313 2804 461 2856 agitet,
496 2810 716 2856 caputque
748 2810 791 2844 et
822 2794 979 2844 manus
1012 2805 1129 2845 foede
1160 2805 1408 2854 concutiat3
1446 2804 1555 2844 alter
1586 2804 1775 2856 denique

313 2878 427 2918 intra
468 2878 650 2931 pallium
703 2892 797 2918 sese
849 2879 1048 2919 modeste
1098 2880 1332 2927 contineat,
1376 2879 1485 2919 alter
1533 2879 1575 2918 id
1618 2891 1773 2931 parum

314 2953 528 2993 concinne
563 2959 697 3006 gerat,
729 2967 868 3006 eoque
902 2960 977 2993 aut
1010 2968 1085 2994 ora
1122 2953 1338 3003 obvolvat,
1370 2960 1445 2993 aut
1479 2953 1533 2993 ad
1571 2952 1775 2992 humeros
