1903 3197
319 196 412 255 578
650 193 731 239 De
763 193 952 239 ratione
983 192 1176 238 vivendi
1216 194 1475 241 Societalz‘s.

317 328 517 368 trabatur
550 340 644 366 esse
681 326 975 377 contrarium3
1021 326 1139 367 nulla
1176 327 1382 380 voluptas
1419 327 1621 380 interior;
1669 331 1786 372 nulla

319 401 508 441 tristitiae
541 400 769 453 mitigatio.

407 475 556 528 Quare
578 488 677 514 cum
701 479 825 514 tanta
852 474 980 514 fuerit
1008 474 1214 515 atrocitas
1245 475 1398 524 morbi,
1422 480 1469 515 ut
1501 475 1535 515 si
1567 483 1788 529 spectetur

318 550 532 590 acerbitas
584 548 898 598 acerbissimus,
942 548 975 588 si
1019 549 1246 601 turpitudo
1294 549 1573 599 foedissimus,
1615 551 1650 590 si
1692 551 1786 591 diu-

315 624 501 664 turnitas
554 623 845 675 longissimus
893 622 928 662 si
981 623 1253 675 perpetuitas
1308 623 1505 663 maxime
1557 624 1787 664 continens

316 704 359 738 et
382 696 582 738 assiduus
615 696 773 745 fuerit;
813 710 869 735 ex
903 695 1039 736 altera
1070 710 1174 736 vero
1206 702 1331 749 parte
1365 696 1496 736 nullae
1530 710 1596 737 res
1629 705 1785 747 essent,

316 786 415 824 quae
456 777 627 812 tantam
669 771 757 810 vim
801 770 939 809 morbi
983 769 1117 809 lenire
1160 776 1235 810 aut
1276 770 1424 823 aliquo
1468 771 1601 812 modo
1643 771 1785 812 levare

315 851 506 898 possent,
550 858 636 884 non
678 844 762 884 loci
805 843 1048 890 salubritas
1089 857 1176 883 non
1213 846 1521 896 opportunitas
1563 845 1784 895 domicilii,

315 934 401 960 non
454 919 651 959 fomenta
701 918 902 965 vestium,
947 917 1178 968 cultusque
1224 917 1448 967 lectorum,
1492 933 1578 959 non
1621 934 1785 960 mensae

313 994 597 1044 ciborumque
650 991 914 1043 jucunditas,
974 1004 1060 1030 non
1119 991 1417 1031 ministrorum
1475 994 1613 1045 copia,
1665 994 1784 1034 nulla

312 1067 502 1119 denique
568 1065 839 1119 {egritudinis
901 1065 1179 1117 tristitiaeque
1242 1065 1401 1105 solatia
1427 1080 1435 1105 :
1507 1080 1606 1106 cum
1670 1068 1781 1116 talis,

312 1143 504 1194 inquam,
532 1146 575 1180 et
607 1145 757 1180 tantus
790 1139 918 1179 fuerit
950 1138 1009 1178 illi
1043 1139 1232 1186 morbus,
1258 1145 1430 1179 tantum
1464 1145 1614 1180 tamen
1648 1142 1780 1181 animi

311 1216 451 1264 robur,
482 1220 654 1255 tantam
688 1213 1004 1262 fortitudinem,
1031 1219 1202 1253 tantam
1236 1215 1529 1254 constantiam
1565 1221 1777 1268 perpetuo

310 1290 462 1337 tenuit,
502 1295 549 1329 ut
587 1288 810 1341 patientiae
846 1288 1106 1340 virtutisque
1141 1287 1350 1327 miraculo
1385 1288 1564 1328 Satanae
1602 1289 1778 1342 quidem

310 1364 486 1417 fregerit
510 1362 752 1410 andaciam,
774 1362 1028 1414 ingentique
1051 1375 1150 1401 eum
1176 1362 1330 1401 rubore
1349 1362 1607 1414 perfuderit3
1640 1363 1779 1404 homi-

311 1438 437 1477 nibus
469 1451 571 1477 vero
604 1436 871 1476 documento
905 1434 1032 1474 fuerit
1065 1435 1288 1484 universis,
1322 1436 1700 1487 quemadmodum
1734 1438 1775 1476 in

313 1512 568 1552 morborum
592 1509 828 1550 afflictione
852 1522 896 1548 se
918 1514 1082 1561 gerant.
1117 1507 1246 1560 Quod
1268 1509 1383 1548 enim
1403 1508 1569 1548 lucrum
1590 1509 1779 1551 Satanas

310 1584 423 1633 fecit,
447 1598 546 1624 cum
578 1583 670 1634 ejus
700 1596 856 1635 corpus
886 1582 1110 1630 conscidit,
1134 1582 1269 1621 latera
1293 1582 1486 1634 undique
1509 1583 1710 1635 perfodit,
1735 1590 1777 1624 et

309 1658 365 1698 de
402 1657 511 1697 solio
551 1658 592 1696 in
631 1656 950 1708 sterquilinium
989 1655 1178 1707 abjecit;
1222 1655 1301 1694 nisi
1339 1662 1385 1695 ut
1418 1669 1475 1695 ex
1508 1670 1559 1696 ea
1591 1657 1776 1698 laterum

311 1732 555 1779 effossione,
583 1735 629 1769 ut
653 1729 714 1769 ait
738 1729 1093 1781 Chrysostomus,
1118 1729 1243 1768 nobis
1267 1734 1381 1768 esset
1405 1730 1448 1768 in
1473 1730 1677 1770 interiora
1698 1733 1776 1772 viri

310 1810 579 1857 prospectus,
613 1802 815 1854 illiusque
852 1816 957 1854 opes
995 1802 1217 1841 universas
1260 1804 1565 1843 cerneremus?
1630 1804 1778 1845 Cerni-

312 1891 408 1917 mus
435 1878 550 1916 enim
579 1875 931 1929 praeclarissimas
956 1876 997 1914 in
1022 1875 1114 1926 ejus
1144 1876 1434 1927 aegrotatione
1459 1877 1667 1918 virtutes:
1701 1879 1776 1919 sed

309 1951 529 2004 praecipue
551 1955 649 1997 tres,
673 1948 944 2001 patientiam,
973 1953 1021 1988 ut
1050 1948 1257 1997 diximus,
1281 1949 1558 2001 singularem,
1589 1951 1776 1992 admira-

309 2024 442 2064 bilem
465 2023 759 2063 humilitatem
785 2022 1008 2074 animique
1033 2022 1307 2070 modestiam,
1328 2023 1539 2063 eximiam
1564 2024 1606 2064 in
1631 2025 1775 2066 Deum

310 2099 532 2151 pietatem.

399 2170 662 2211 Patientiam
699 2169 891 2222 quidem,
926 2170 1027 2222 quia
1065 2183 1162 2208 cum
1200 2168 1301 2209 illuc
1333 2184 1485 2210 omnes
1518 2178 1701 2212 conatus
1733 2179 1776 2213 et

310 2250 586 2284 tentamenta
615 2242 777 2283 diaboli
809 2242 1080 2290 referrentur,
1104 2248 1151 2282 ut
1181 2242 1325 2294 impiis
1358 2242 1456 2282 Deo
1484 2243 1571 2294 Job
1597 2245 1777 2286 vocibus

308 2317 652 2366 com⁷iciaretur;
715 2314 1007 2362 nihilominus,
1054 2315 1279 2367 Scriptura
1331 2321 1454 2363 teste,
1509 2315 1635 2356 labiis
1686 2319 1776 2358 suis

310 2404 535 2443 nunquam
585 2389 794 2442 peccavit,
840 2401 981 2440 neque
1033 2387 1216 2427 stultum
1269 2388 1372 2440 quid
1425 2395 1577 2429 contra
1630 2390 1775 2431 Deum

309 2466 480 2505 locutus
511 2469 585 2503 est.
652 2463 762 2511 Imo,
787 2462 885 2501 Deo
915 2462 1010 2513 ipso
1040 2466 1162 2508 teste,
1187 2460 1358 2501 locutus
1388 2467 1453 2502 est
1482 2468 1600 2503 recta
1629 2478 1775 2505 coram

310 2553 388 2579 eo:
432 2537 550 2590 quod
588 2536 767 2589 quidem
806 2549 857 2575 eo
895 2541 961 2575 est
993 2534 1304 2584 admirabilius,
1339 2537 1457 2588 quod
1490 2550 1544 2576 ne
1576 2538 1776 2592 conjugis

309 2612 487 2664 (widem
523 2609 836 2657 imbecillitate,
866 2621 1010 2661 quam,
1035 2608 1091 2648 ad
1127 2608 1413 2660 quatiendam
1449 2609 1568 2650 illam
1598 2613 1776 2664 pietatis

309 2687 475 2734 turrim,
507 2684 738 2724 verborum
768 2681 1034 2722 contumelia
1065 2682 1203 2722 Satan
1237 2689 1490 2733 armaverat,
1515 2685 1773 2736 patientiam

309 2759 509 2808 deseruit,
534 2772 612 2798 nec
634 2757 866 2798 verborum
895 2755 1063 2808 jaculis,
1087 2769 1166 2795 nec
1198 2755 1432 2797 liberorum
1462 2759 1774 2809 recordatione,

308 2846 388 2873 nec
421 2847 509 2872 suae
542 2845 749 2872 a:rumnce
781 2829 1200 2870 commemoratione
1231 2830 1287 2870 ad
1320 2830 1603 2872 maledictum
1638 2832 1773 2873 ullum

307 2906 521 2960 impulsus
544 2911 633 2947 est:
668 2918 766 2947 cum
791 2910 938 2945 tamen
963 2904 1017 2943 ad
1042 2902 1244 2956 idipsum,
1263 2909 1311 2944 ut
1332 2904 1393 2945 ait
1418 2904 1770 2959 Chrysostomus,
