1903 3197
297 166 363 209 40
753 150 833 196 De
867 150 1116 197 societatis
1150 151 1204 196 F
1199 151 1288 198 ine.

297 282 602 335 Augustinus:
656 281 948 323 “Admonere
989 296 1223 336 possumus
1264 297 1342 336 per
1377 286 1608 337 strepitum
1643 286 1762 326 vocis

298 362 485 406 nostrae3
538 356 573 396 si
609 369 696 396 non
730 357 786 396 sit
823 357 940 397 intus
975 358 1048 410 qui
1087 358 1255 407 doceat,
1295 358 1435 398 inanis
1471 358 1521 398 fit
1555 360 1761 412 strepitus

298 437 455 471 noster.
521 429 791 471 Cathedram
823 430 866 470 in
896 430 1009 471 coelo
1037 431 1183 480 habet,
1207 432 1280 484 qui
1311 432 1444 472 corda
1467 433 1625 473 docet:
1658 447 1762 486 ergo

298 505 353 545 de
375 504 488 544 coelo
509 504 651 556 gratia
674 504 766 556 ejus
788 504 990 556 precibus
1012 503 1288 545 evocanda.’'1

386 577 460 617 Ex
483 590 571 628 quo
600 576 759 629 colligo
790 577 989 617 maximo
1017 591 1090 617 eos
1121 578 1164 617 in
1195 591 1336 617 errore
1357 578 1529 627 versari,
1553 579 1638 631 qui,
1662 593 1761 619 cum

297 651 353 691 ad
394 651 642 690 animorum
684 663 839 690 causas
880 651 1152 701 accesserint,
1197 651 1380 691 nimium
1423 666 1514 691 suae
1549 653 1761 693 doctrinae

295 723 504 773 tribuunt,
537 723 721 762 nimium
755 729 922 763 naturae
954 725 1093 773 donis,
1117 725 1276 777 quibus
1308 724 1419 765 forte
1450 726 1532 766 sibi
1559 725 1764 767 videntur

296 797 505 837 instructi.
571 796 692 836 Nihil
728 797 841 837 enim
880 797 963 838 ista
994 798 1142 838 valent
1168 799 1211 838 in
1243 799 1488 839 animorum
1525 801 1763 852 quaerenda

297 871 450 920 salute,
489 872 522 910 si
561 871 781 911 abfuerint
818 871 978 912 divinae
1020 873 1173 924 gratiae
1210 873 1423 925 praesidia.
1487 874 1583 914 Nec
1617 875 1763 915 minus

296 949 451 994 errant,
495 944 567 997 qui
620 958 721 985 cum
770 945 998 998 sapientia,
1042 946 1252 995 doctrina,
1297 947 1553 999 caeterisque
1594 953 1762 988 naturae

294 1017 549 1058 muneribus
591 1031 871 1071 nequaquam
914 1019 1019 1059 satis
1061 1032 1107 1058 se
1148 1026 1326 1059 ornatos
1368 1027 1621 1073 agnoscant,
1660 1035 1762 1062 con-

295 1090 421 1132 tinuo
464 1092 677 1144 abjiciunt
728 1093 909 1142 animos,
952 1093 1277 1146 desperantque
1319 1094 1362 1133 in
1413 1108 1465 1134 eo
1506 1107 1666 1146 genere
1717 1109 1764 1137 se

295 1165 461 1217 aliquid
513 1179 669 1218 posse:
721 1166 904 1218 perinde
949 1180 1000 1206 ac
1042 1167 1076 1206 si
1130 1167 1172 1205 in
1220 1167 1415 1220 ipsorum
1459 1168 1668 1209 facultate
1719 1175 1765 1210 et

295 1239 523 1292 sapientia,
548 1253 637 1280 non
667 1240 710 1279 in
743 1239 827 1280 Dei
857 1239 1056 1280 bonitate
1088 1246 1223 1292 atque
1254 1240 1500 1290 clementia,
1534 1243 1618 1282 sita
1650 1250 1764 1284 esset

294 1311 541 1352 animarum
574 1312 691 1353 salus
724 1319 858 1365 atque
887 1314 1123 1354 conversio.
1188 1313 1305 1353 Nam
1339 1320 1387 1354 ut
1416 1314 1582 1367 reliqua
1602 1300 1762 1357 *omnia

294 1385 337 1424 in
370 1386 474 1439 ipsis
510 1387 597 1426 sint
634 1385 865 1436 imbecilla,
899 1392 1048 1427 tamen
1087 1387 1192 1427 satis
1223 1388 1421 1428 instructi
1455 1388 1674 1441 prodeunt
1704 1390 1760 1430 ad

294 1460 541 1500 animarum
585 1461 704 1501 lucra
746 1466 880 1513 atque
922 1461 1132 1514 praedarn,
1172 1461 1205 1500 si
1249 1461 1397 1501 divina
1439 1462 1638 1502 instructi
1675 1463 1763 1503 sint

293 1535 445 1587 gratia.
509 1534 663 1586 Atque
694 1534 779 1574 hoc
810 1535 991 1575 demum
1025 1535 1195 1575 animos
1230 1535 1363 1576 debet
1394 1536 1567 1576 addere.

381 1608 587 1649 Alterum
630 1622 744 1658 vero,
788 1609 908 1661 quod
961 1609 1016 1649 ad
1069 1610 1251 1649 modum
1303 1614 1485 1662 spectat,
1529 1623 1586 1648 ex
1637 1614 1762 1662 parte

297 1689 446 1723 nostra
487 1683 682 1722 studium
731 1688 797 1722 est
838 1682 1074 1723 vehemens
1117 1697 1167 1723 ac
1209 1683 1447 1736 diligentia,
1487 1696 1586 1735 quae
1628 1683 1762 1724 verbo

293 1756 368 1796 illo
393 1756 731 1796 Constitutionis
750 1759 770 1775 “
785 1756 982 1809 impense
997 1755 1016 1770 ’¹
1035 1756 1314 1809 significatur.
1347 1757 1482 1809 Jubet
1504 1757 1619 1797 enim
1644 1756 1760 1798 Con-

298 1830 469 1870 stitutio
499 1831 593 1882 ipsa
622 1830 666 1868 in
696 1829 882 1870 salutern
917 1830 1224 1882 proximorum
1254 1844 1305 1870 ac
1338 1830 1651 1883 perfectionem
1681 1844 1761 1872 nos

295 1909 414 1945 totos
446 1893 724 1956 impendere:
757 1903 840 1944 hoc
873 1909 949 1952 est,
973 1904 1084 1943 vires
1110 1917 1264 1944 omnes
1295 1916 1346 1944 ac
1378 1918 1542 1953 nervos,
1566 1911 1610 1945 et
1635 1904 1761 1957 quid-

296 1977 402 2030 quid
424 1976 620 2017 valemus
642 1990 694 2016 ac
715 1990 875 2017 sumus.
941 1977 1042 2017 Hoc
1065 1983 1131 2017 est
1154 1978 1270 2017 enim
1294 1978 1524 2031 “impense
1539 1978 1559 1993 '’
1579 1993 1587 2019 :
1616 1993 1761 2032 neque

297 2051 403 2091 satis
435 2057 501 2091 est
533 2051 753 2090 mediocre
785 2050 964 2102 aliquod
1001 2051 1224 2101 studium;
1261 2052 1337 2091 sed
1369 2051 1606 2092 vehemens
1644 2052 1760 2092 Con-

295 2125 467 2166 stitutio
518 2125 706 2176 requirit.
792 2124 845 2163 Id
897 2125 1015 2176 quod
1068 2139 1125 2164 ex
1176 2125 1314 2165 tribus
1364 2125 1549 2178 perspici
1602 2131 1758 2178 potest.

296 2198 454 2248 Primo,
507 2197 609 2250 quia
660 2197 909 2250 procuratio
959 2197 1114 2238 alienae
1166 2198 1320 2238 salutis
1378 2212 1430 2239 ac
1480 2199 1760 2252 perfectionis

295 2284 384 2312 non
426 2271 571 2311 minus
612 2271 731 2311 cadit
773 2271 817 2310 in
870 2271 1103 2312 Societatis
1145 2271 1289 2321 finem,
1332 2285 1465 2324 quam
1511 2273 1761 2325 procuratio

294 2345 512 2399 propriae:
557 2346 633 2385 sed
676 2345 898 2398 propriam
936 2346 1055 2385 omni
1094 2346 1240 2386 studio
1277 2345 1472 2386 diximus
1509 2360 1603 2386 esse
1639 2360 1757 2398 quae-

296 2419 490 2468 rendam,
524 2424 567 2459 et
598 2418 714 2458 hunc
751 2432 845 2459 esse
887 2419 1161 2471 propositum
1205 2419 1331 2459 nobis
1368 2419 1499 2459 finem
1520 2432 1529 2468 ;
1573 2432 1678 2472 ergo
1715 2427 1759 2461 et

296 2492 453 2533 eodem
496 2492 639 2532 aliena
680 2492 796 2532 salus
844 2492 1142 2544 perfectioque
1183 2492 1385 2532 curanda.
1454 2492 1670 2542 Secundo,
1713 2493 1757 2533 id

294 2565 478 2618 intelligi
529 2572 676 2618 potest
718 2580 776 2605 ex
828 2565 1059 2618 multiplici
1112 2571 1326 2618 apparatu
1377 2565 1756 2619 instrumentoque

294 2638 540 2688 Societatis‚
564 2652 652 2690 quo
685 2640 740 2678 ad
773 2640 1018 2679 animarum
1042 2652 1194 2678 causas
1226 2652 1328 2678 suos
1360 2645 1588 2691 praeparat.
1653 2640 1755 2679 Huc

294 2712 412 2752 enirn
434 2718 635 2765 spectant
658 2713 807 2752 omnia
835 2712 1057 2752 literarum
1088 2713 1246 2761 studia,
1269 2725 1509 2765 omnesque
1531 2713 1753 2761 doctrinae,

293 2785 335 2826 in
359 2785 517 2838 quibus
539 2785 735 2838 plerique
757 2787 819 2826 ita
842 2786 1085 2826 desudant:
1113 2785 1198 2825 huc
1220 2785 1337 2827 dona
1359 2787 1507 2826 omnia
1529 2792 1573 2826 et
1589 2787 1756 2828 talenta

478 2873 490 2893 1
517 2875 558 2906 In
575 2875 609 2905 id
628 2883 641 2905 1
658 2875 754 2915 Joan.
770 2883 799 2906 2.
853 2875 876 2891 “
889 2875 1014 2907 Unctio
1031 2875 1133 2917 ipsius
1151 2875 1248 2906 docet
1264 2885 1323 2906 vos
1339 2875 1380 2907 de
1396 2875 1583 2907 omnibus.''
