1903 3197
496 194 576 240 De
607 194 793 256 agenda
828 193 1000 256 ubique
1034 195 1146 242 vila.
1497 199 1558 256 67

95 327 305 381 deviginti
343 327 446 380 ipsis
480 327 604 367 annis
637 340 691 367 ne
719 327 900 367 verbum
937 327 1114 379 quidem
1154 328 1209 368 ab
1246 341 1297 368 eo
1335 327 1558 378 blandum,

95 409 170 444 aut
213 403 419 443 usitatam
462 415 800 442 communemve
842 400 1154 441 salutationem
1196 403 1375 455 accepit.
1469 402 1558 444 Sed

95 477 240 518 dices:
271 476 341 516 hic
363 490 493 529 quem
517 481 670 516 nactus
702 489 798 516 sum
831 475 995 515 Rector
1023 489 1074 515 ac
1105 474 1324 528 Superior,
1347 476 1557 517 humilem

96 564 166 591 me
203 564 376 603 semper
414 549 548 590 habet
585 555 718 602 atque
761 550 802 588 in
845 549 1091 601 postremis,
1126 554 1170 588 et
1207 549 1353 589 studio
1390 550 1558 602 insequi

96 639 166 665 me
188 625 369 674 videtur,
388 624 566 676 quinam
597 624 728 676 igitur
750 622 871 663 illum
896 623 969 662 diu
1001 622 1162 662 seram!
1226 622 1400 674 Nempe
1428 623 1560 663 bene-

93 698 240 740 ficium
278 698 370 750 ejus
408 711 511 750 erga
547 704 592 738 te
628 711 787 745 narras,
818 697 892 749 qui
930 696 1010 736 tibi
1041 696 1213 736 virtutis
1251 696 1481 736 materiam
1517 702 1560 736 et

93 772 347 813 facultatem
376 772 571 825 praebet;
605 772 647 811 in
674 770 758 811 hoc
791 772 908 811 enim
938 771 1022 811 sita
1055 777 1120 810 est
1152 770 1295 810 omnis
1327 769 1559 823 disciplina

94 846 264 887 virtutis
306 852 440 898 atque
482 845 713 899 profectus.
790 846 849 885 Et
885 845 1130 886 communis
1173 849 1239 884 est
1276 843 1354 885 SS.
1381 844 1558 885 Patrum

93 920 311 960 sententia
343 933 428 968 eos,
463 920 536 972 qui
568 919 810 972 suscipiunt
845 919 1059 972 regendas
1090 919 1272 967 animas,
1296 918 1454 958 debere
1486 931 1561 958 eas

93 993 345 1035 humilitate
376 994 655 1047 potissimum
689 1006 904 1042 exercere,
937 1006 1079 1045 neque
1110 992 1234 1045 pejus
1267 1005 1361 1032 esse
1393 997 1561 1032 rectore

93 1067 169 1108 illo
210 1069 282 1120 qui
321 1068 595 1108 subditorum
628 1067 927 1107 voluntatibus
964 1067 1246 1108 obsecundat.
1311 1066 1560 1120 “Quisquis

92 1141 277 1190 autem,’'
324 1141 544 1182 Climacus
593 1141 744 1193 inquit,
786 1141 1133 1180 “misericordiae
1186 1147 1261 1181 aut
1312 1140 1560 1181 clementiae

95 1217 273 1256 nomine
308 1215 583 1255 subditorum
620 1214 921 1254 voluntatibus
964 1228 1130 1254 morem
1172 1215 1294 1266 gerit,
1329 1214 1458 1255 faciet
1501 1220 1561 1265 ut,

95 1303 194 1329 cum
233 1289 288 1329 ad
332 1294 518 1329 mortem
562 1288 621 1328 illi
664 1289 949 1341 pervenerint,
983 1289 1070 1329 suis
1108 1289 1327 1341 magistris
1365 1302 1415 1329 ac
1448 1302 1560 1342 prae-

94 1364 249 1416 positis
279 1362 555 1412 maledicant,
579 1362 697 1415 quod
727 1363 784 1403 ab
807 1363 857 1403 iis
886 1363 1032 1415 potius
1054 1363 1226 1415 decepti
1257 1376 1390 1415 quam
1419 1363 1559 1415 adjuti

95 1435 377 1478 videantur.''1
424 1437 622 1477 Proderit
645 1437 778 1477 etiam
809 1437 865 1477 ad
892 1436 1134 1477 tollendam
1163 1436 1278 1476 hanc
1304 1437 1560 1477 mutationis

93 1525 281 1561 causam,
315 1511 567 1551 meminisse
595 1524 740 1563 quam,
776 1510 831 1551 ad
871 1510 1178 1551 extenuandas
1211 1510 1560 1563 minuendasque

93 1592 373 1638 peccatorum
403 1598 569 1638 poenas,
595 1585 934 1637 Praepositorum
962 1585 1018 1624 sit
1049 1590 1296 1637 opportuna
1326 1585 1560 1635 severitas;

94 1672 195 1700 nam
229 1673 328 1699 cum
362 1658 510 1699 durior
547 1659 815 1711 Praepositus
851 1657 958 1698 nihil
996 1659 1175 1711 impune
1211 1659 1405 1710 patiatur
1441 1658 1560 1699 abire

94 1734 137 1772 in
166 1733 233 1773 his
263 1732 499 1785 Religiosae
529 1733 632 1772 vitae
662 1732 872 1779 claustris,
898 1732 1141 1784 Purgatorii
1174 1732 1371 1784 profecto
1402 1745 1559 1785 poenas

94 1805 235 1846 elevat
283 1812 417 1858 atque
469 1807 701 1855 imminuit,
745 1806 903 1858 quibus
957 1813 1118 1846 nostrae
1170 1806 1405 1859 expiandae
1457 1811 1559 1846 sunt

95 1893 236 1920 noxae.
302 1879 410 1918 Ideo
445 1879 491 1918 B.
516 1879 796 1927 Bertrandus‚
824 1885 871 1919 ut
905 1878 1006 1919 alibi
1043 1880 1249 1928 dicemus,
1277 1879 1429 1920 solitus
1464 1893 1560 1921 esse

94 1953 252 1994 dicitur
282 1966 380 1992 cum
411 1952 585 1992 cuidam
618 1952 821 1992 coenobio
852 1958 1071 2004 praeesset,
1095 1966 1273 1993 suorum
1294 1952 1363 1992 vel
1394 1953 1558 1994 levissi-

95 2040 190 2067 mas
218 2039 359 2066 noxas
387 2026 577 2078 graviter
597 2025 831 2075 vindicare,
854 2039 908 2066 ne
930 2026 1192 2078 purgatoriis
1216 2032 1361 2067 essent
1383 2027 1558 2079 ignibus

95 2100 339 2153 expiandae.
404 2099 533 2147 Nam,
563 2105 611 2139 ut
641 2098 876 2152 Gregorius
909 2100 952 2139 in
987 2099 1229 2140 Moralibus
1262 2100 1334 2150 ait,
1359 2099 1557 2142 “Subdi-

89 2182 233 2216 torum
275 2174 392 2223 vitia,
434 2187 532 2225 quae
579 2187 605 2213 a
656 2173 876 2226 magistris
927 2173 1061 2214 modo
1102 2173 1171 2213 vel
1223 2173 1556 2215 dissimulantur

89 2248 286 2301 judicari,
312 2246 381 2287 vel
418 2253 651 2299 nequeunt,
682 2247 829 2287 divino
866 2247 1017 2300 procul
1054 2247 1188 2288 dubio
1219 2247 1386 2299 judicio
1423 2261 1556 2289 reser-

93 2319 310 2362 vantur.’'2
342 2319 474 2373 Quod
497 2320 729 2361 confirmat
752 2320 1000 2361 Bernardus
1022 2320 1078 2361 ad
1102 2319 1307 2361 Sororem
1333 2321 1468 2363 Serm.
1494 2322 1554 2363 18.

94 2395 276 2435 “Multo
318 2393 472 2433 melius
510 2399 576 2434 est
613 2394 740 2434 nobis
783 2395 825 2433 in
868 2393 950 2434 hac
983 2395 1074 2434 vita
1107 2408 1133 2434 a
1166 2394 1359 2447 praelatis
1396 2396 1563 2436 nostris-

95 2484 174 2523 pro
226 2467 503 2521 negligentiis
555 2468 723 2521 corripi,
761 2481 892 2520 quam
936 2468 979 2507 in
1026 2467 1170 2508 futura
1211 2468 1302 2508 vita
1342 2468 1554 2509 damnari.

97 2543 256 2583 Melius
297 2548 363 2582 est
399 2542 525 2582 nobis
557 2542 600 2581 in
637 2541 720 2582 hoc
756 2540 918 2581 saeculo
949 2555 975 2581 a
1008 2542 1244 2594 propositis
1280 2543 1438 2582 nostris
1474 2556 1560 2595 pro·

95 2616 512 2668 transgressionibus
538 2615 753 2667 castigari,
776 2628 909 2667 quam
939 2615 982 2654 in
1011 2614 1157 2655 futuro
1186 2616 1346 2656 saeculo
1374 2614 1555 2669 puniri.'‘

98 2691 332 2742 Propterea
360 2689 486 2741 jubet
522 2702 714 2729 sororem
753 2689 791 2728 ei
824 2689 988 2742 gratias
1021 2702 1162 2742 agere,
1186 2690 1261 2741 qui
1295 2703 1391 2730 eam
1426 2689 1555 2730 casti-

95 2765 272 2817 gaverit,
296 2769 340 2803 et
370 2764 407 2803 ei
440 2763 513 2815 qui
546 2763 834 2815 increpaverit
865 2763 1029 2815 gratias
1061 2763 1309 2815 rependere.

185 2837 351 2890 Quinta
380 2850 565 2889 quoque,
600 2838 633 2876 si
671 2842 788 2877 recte
818 2837 1115 2890 perpenditur,
1143 2836 1380 2888 reperietur
1410 2847 1555 2884 causa,

354 2925 365 2944 ³
392 2926 497 2968 Epist.
518 2926 559 2957 ad
580 2926 759 2965 Pastorem,
779 2935 806 2957 c.
825 2933 873 2966 14.
1024 2924 1037 2944 Β
1060 2925 1099 2957 L.
1120 2930 1172 2965 25,
1192 2934 1219 2956 c.
1240 2928 1292 2964 35.

274 2989 300 3019 F
335 2990 356 3017 2
