1903 3197
230 180 324 239 586
557 180 637 226 De
671 179 865 226 ratione
896 178 1091 226 vivendi
1123 179 1386 226 Socz'elatz's.

229 312 386 354 eadem
410 326 544 367 opera
571 319 615 354 et
645 313 935 355 offensionem
959 313 1045 354 Dei
1067 314 1171 363 vito,
1195 313 1388 354 vitandis
1421 312 1586 354 scilicet
1607 327 1708 367 pec-

228 392 428 428 catorum
466 388 783 437 occasionibus,
817 395 860 429 et
896 388 1205 442 proximorum
1241 387 1522 428 aedificationi
1555 389 1706 430 servio.

230 519 235 523 Ι
316 461 481 511 Tertio,
504 462 665 502 dicitur
696 476 791 503 esse
823 462 956 504 timor
989 462 1171 503 Domini
1204 461 1302 502 finis
1335 461 1577 511 modestiae,
1603 463 1707 515 quia

229 536 303 588 qui
340 549 441 576 vere
478 536 627 576 Deum
662 543 837 578 veretur
873 551 923 578 ac
961 538 1101 586 timet,
1139 537 1409 590 compositos
1445 535 1580 576 habet
1618 550 1707 577 non

228 609 371 650 solum
415 609 550 650 animi
593 616 752 661 motus,
794 625 946 651 verum
989 611 1122 652 etiam
1165 610 1369 664 corporis.
1455 610 1582 650 Patet
1624 610 1708 650 hoc

229 684 539 737 experimento
562 699 650 725 non
677 685 788 735 levi;
822 685 940 739 quod
973 691 1017 726 et
1049 686 1092 725 in
1125 685 1296 725 ardenti
1319 690 1580 737 attentaque
1613 698 1708 725 ora-

233 759 353 800 ti0ne
385 759 709 800 modestissime
739 774 819 801 nos
845 759 1066 813 gerimus:
1099 760 1294 812 itemque
1316 773 1416 800 cum
1450 759 1506 799 ab
1540 764 1710 799 attenta

230 833 429 874 oratione
459 835 716 882 recedimus,
741 834 802 875 ita
832 840 881 874 ut
910 833 1016 874 nihil
1048 834 1189 887 magis
1212 834 1338 874 nobis
1361 834 1467 887 ipsis
1491 833 1709 887 composi-

229 913 325 948 tum
349 915 644 960 ornatumque
666 908 878 948 videatur.
914 908 1153 960 Propterea
1174 908 1373 961 praecipit
1398 908 1710 948 Bonaventura

231 982 287 1022 de
312 981 443 1022 Infor.
469 982 600 1022 novit.
626 996 658 1023 c.
690 994 750 1034 19.
814 982 916 1023 “Ut
939 995 1038 1022 eam
1061 982 1326 1022 modestiam
1355 995 1529 1035 semper
1556 982 1709 1036 praefe—

231 1069 392 1107 ramus,
416 1070 466 1097 ac
489 1057 523 1096 si
546 1070 572 1096 a
594 1057 756 1097 devota
779 1057 1108 1097 discesserimus
1131 1056 1365 1098 oratione.”

427 1258 526 1289 CUR
561 1258 877 1290 SCRIBANTUR
910 1259 975 1289 DE
1009 1260 1263 1291 MODESTIA
1297 1260 1519 1291 REGULAE.

322 1347 506 1402 QUOAD
536 1349 1049 1391 SECUNDUM—Potest
1072 1351 1291 1404 quispiam
1316 1352 1473 1391 merito
1496 1351 1709 1400 dubitare,

234 1436 311 1463 cur
340 1424 374 1463 si
406 1424 610 1464 interiore
640 1424 820 1464 homine
849 1425 1124 1465 conformato
1148 1431 1282 1478 atque
1304 1426 1552 1478 composito
1575 1426 1712 1465 oritur

233 1497 430 1551 perfecta
463 1499 693 1539 exterioris
725 1498 916 1539 hominis
949 1499 1223 1552 compositio,
1249 1513 1426 1540 necesse
1457 1501 1514 1539 sit
1546 1500 1602 1539 ad
1636 1514 1710 1540 eas

236 1573 422 1625 regulas,
446 1587 544 1625 quae
575 1573 894 1626 componendis
924 1573 1082 1613 animis
1104 1573 1378 1623 adhibentur,
1404 1573 1510 1614 alias
1534 1588 1711 1627 quoque

235 1647 424 1700 adjicere
477 1647 797 1700 componendis
849 1648 1115 1701 corporibus,
1159 1648 1415 1701 hominique
1468 1648 1711 1688 exteriori?

234 1721 403 1762 Verum
441 1728 603 1776 praeter
639 1722 847 1775 exempla
887 1722 1163 1772 Sanctorum,
1197 1723 1271 1775 qui
1309 1723 1397 1763 suis
1432 1723 1713 1763 instituendis

236 1795 414 1836 familiis
445 1803 578 1849 atque
607 1796 821 1837 ccenobiis
852 1796 894 1836 in
928 1797 979 1836 iis
1009 1810 1108 1849 quae
1138 1797 1193 1836 ad
1225 1796 1501 1846 modestiam,
1535 1803 1579 1837 et
1608 1798 1713 1838 ceri-

236 1871 408 1911 monias
445 1872 678 1924 pertinent,
716 1871 784 1911 vel
823 1871 878 1911 ad
918 1871 1087 1912 minuta
1124 1871 1412 1920 descendunt,
1449 1871 1602 1911 multae
1639 1885 1714 1912 cur

235 1958 262 1986 a
294 1945 422 1985 nobis
454 1946 711 1995 scribantur,
744 1952 931 1999 possunt
960 1946 1102 1986 afferri
1134 1946 1352 1986 rationes:
1386 1945 1462 1986 sed
1493 1946 1714 1999 praecipue

235 2019 441 2072 quinque.

327 2094 473 2135 Prima
505 2101 571 2135 est
592 2109 598 2135 :
634 2094 751 2147 Quia
774 2095 875 2136 licet
898 2109 954 2135 ex
979 2095 1149 2135 interna
1171 2094 1362 2135 hominis
1392 2094 1714 2148 compositione

237 2170 502 2222 compositio
532 2170 697 2210 oriatur
727 2170 932 2220 exterior,
955 2175 1105 2210 tamen
1136 2183 1224 2210 non
1255 2169 1463 2209 continuo
1493 2168 1566 2208 illa
1595 2182 1714 2209 com-

237 2250 446 2296 paratur;
481 2258 560 2284 nec
584 2245 713 2284 simul
736 2258 786 2284 ac
810 2244 968 2296 aliquis
985 2245 1041 2284 ad
1066 2244 1321 2297 religionem
1345 2244 1538 2291 accessit,
1563 2243 1715 2282 mode-

238 2323 356 2357 ratas
389 2324 432 2358 et
465 2325 647 2371 pacatas
679 2319 852 2359 obtinet
884 2319 1018 2358 animi
1052 2319 1415 2371 perturbationes.
1485 2317 1716 2357 “Difficile

239 2397 306 2431 est
333 2392 486 2441 enim,”
516 2398 564 2432 ut
593 2393 654 2432 ait
684 2392 854 2432 Tullius
883 2393 939 2432 ad
968 2391 1019 2444 Q.
1050 2392 1239 2441 fratrem,
1266 2394 1472 2432 “mutare
1500 2397 1715 2441 naturam,

239 2471 282 2506 et
318 2466 437 2519 quod
473 2473 539 2507 est
572 2468 749 2520 penitus
784 2467 963 2507 insitum
1002 2466 1209 2515 moribus,
1234 2466 1276 2505 id
1313 2466 1459 2505 subito
1494 2465 1714 2506 evellere.'’

239 2541 341 2594 Jam
374 2542 409 2581 si
443 2541 773 2594 expectandum
808 2541 864 2580 sit
896 2540 1002 2580 dum
1036 2540 1171 2580 homo
1194 2545 1487 2593 componatur
1508 2541 1716 2590 internus

242 2616 421 2668 quando
458 2616 640 2656 tandem
679 2615 909 2655 exterioris
951 2614 1143 2655 hominis
1183 2615 1300 2663 vitia,
1341 2628 1441 2667 quae
1484 2615 1527 2654 in
1565 2613 1716 2654 oculos

240 2691 441 2732 incidunt
482 2691 801 2744 proximorum,
837 2696 913 2730 aut
954 2689 1048 2730 tolli
1092 2689 1312 2742 incipient,
1348 2695 1425 2729 aut
1466 2688 1614 2741 aliqua
1656 2702 1714 2728 ex

242 2772 368 2819 parte
390 2765 607 2805 diminui?
661 2765 847 2815 Deinde,
870 2765 1073 2817 quamvis
1096 2764 1241 2804 subito
1264 2769 1508 2804 mutaretur
1529 2764 1712 2812 animus,

241 2846 285 2880 et
322 2853 485 2892 magna
522 2840 721 2880 omnium
756 2839 1012 2880 intimorum
1051 2845 1252 2880 motuum
1287 2839 1532 2879 moderatio
1565 2852 1715 2880 conse-

243 2920 460 2967 queretur,
496 2928 584 2955 non
619 2920 769 2955 tamen
803 2914 1013 2954 continuo
1047 2915 1185 2955 oritur
1218 2914 1261 2954 in
1297 2914 1489 2966 corporis
1524 2913 1717 2953 motibus
