1903 3197
303 193 398 251 580
625 193 705 239 De
738 195 928 240 ratione
962 196 1156 243 vivendi
1190 197 1449 246 Socz‘etatz's.

299 326 497 375 faciebat,
529 327 604 379 qui
636 326 797 368 nullius
829 328 910 368 sibi
944 329 1083 382 culpae
1117 330 1327 380 conscius,
1351 331 1584 372 verebatur
1604 338 1766 383 tamen,

299 414 352 441 ne
376 415 484 454 quas
507 401 613 442 olim
633 402 828 443 maculas
850 404 1123 456 suscepisset,
1143 418 1327 457 quarum
1351 404 1474 445 Deus
1497 411 1591 446 turn
1614 420 1769 459 poenas

297 483 498 518 sumeret.
565 477 683 526 Ideo,
707 492 739 518 c.
771 489 846 527 10;
882 477 965 519 “Si
996 478 1209 531 peccavi,”
1234 479 1386 531 inquit,
1412 482 1493 519 “et
1524 479 1580 519 ad
1614 478 1768 520 horam

295 552 529 605 pepercisti
569 552 686 600 mihi,
721 566 796 592 cur
831 553 888 593 ab
925 552 1155 605 iniquitate
1190 566 1288 593 mea
1324 553 1538 593 mundum
1572 567 1642 594 me
1674 568 1768 595 esse

297 640 384 667 non
416 625 644 679 pateris?''
684 628 929 680 eodemque
972 633 1174 680 spectant
1206 627 1290 677 illa,
1325 641 1424 679 quae
1457 627 1562 668 dicit
1598 642 1689 681 cap.
1730 639 1766 680 7.

295 704 314 720 “
334 701 578 755 Usquequo
612 715 699 742 non
731 702 873 755 parcis
904 701 1075 742 mihi?'’
1100 703 1223 754 quasi
1258 702 1401 743 dicat:
1437 703 1567 755 Saepe
1593 703 1765 743 veniam

293 781 576 828 peccatorum
638 777 755 829 petii,
810 790 928 829 saepe
990 783 1038 816 ut
1092 777 1197 816 mihi
1258 790 1456 829 parceres
1508 777 1731 817 obsecravi
1759 791 1768 826 ;

294 863 524 902 quousque
566 843 698 903 igitur
735 864 823 890 non
860 851 1002 902 parcis
1046 849 1183 889 mihi?
1232 863 1390 903 nempe
1432 852 1487 891 de
1529 851 1768 904 propitiato

292 930 476 976 peccato
509 923 687 964 nolebat
722 938 815 964 esse
848 924 940 964 sine
974 930 1108 973 metu,
1138 924 1236 964 ideo
1269 925 1576 976 antiquissima
1608 925 1767 967 delicta

293 1003 623 1047 commemorat,
702 1003 917 1050 tanquam
995 1011 1174 1038 causam
1251 999 1479 1050 praesentis
1554 1000 1766 1052 supplicii.

294 1069 569 1123 “Quantas‚”
603 1071 757 1124 inquit,
787 1071 966 1112 “habeo
999 1071 1253 1124 iniquitates
1286 1077 1330 1111 et
1361 1072 1573 1124 peccata?
1605 1073 1767 1113 scelera

292 1157 392 1184 mea
433 1150 565 1197 atque
608 1145 768 1186 delicta
811 1146 995 1186 ostende
1039 1145 1181 1186 mihi.“
1246 1145 1322 1186 Ad
1357 1146 1528 1186 occulta
1565 1146 1768 1187 videlicet

291 1218 452 1259 delicta
503 1219 713 1271 confugit,
769 1233 868 1272 quze
921 1220 1002 1260 sibi
1054 1234 1079 1260 a
1132 1220 1230 1260 Deo
1281 1220 1387 1260 velit
1438 1221 1621 1269 ostendi,
1666 1235 1764 1261 cum

293 1292 526 1333 manifesta
564 1307 651 1333 non
688 1300 847 1334 cernat.
913 1295 972 1334 Et
1004 1308 1095 1347 cap.
1138 1306 1197 1345 14,
1232 1295 1337 1334 “Tu
1377 1295 1555 1347 quidem
1592 1309 1767 1348 gressus

293 1380 415 1407 meos
467 1367 765 1416 dinumerasti,
819 1369 896 1408 sed
949 1383 1079 1422 parce
1131 1369 1323 1421 peccatis
1381 1368 1550 1418 meis;’'
1603 1369 1767 1411 scilicet

291 1448 505 1494 tanquam
539 1441 700 1482 abditis
735 1441 839 1482 mihi
873 1443 1046 1496 ignotis.
1113 1444 1171 1483 Et
1205 1457 1337 1483 mox:
1374 1443 1606 1496 “Signasti
1639 1445 1763 1496 quasi

293 1516 336 1554 in
378 1514 552 1555 sacculo
595 1515 755 1556 delicta
793 1530 901 1565 mea,
937 1517 1014 1556 sed
1052 1518 1211 1557 curasti
1245 1517 1520 1569 iniquitatem
1555 1519 1763 1568 meam;”

292 1589 418 1641 quasi
471 1588 600 1637 dicat,
654 1591 852 1630 omnium
905 1597 1187 1643 peccatorum
1242 1605 1439 1631 meorum
1493 1594 1762 1639 memoriam,

292 1676 392 1715 quae
435 1663 541 1702 mihi
585 1663 767 1704 forsitan
815 1664 1074 1705 exciderant
1128 1666 1361 1718 minusque
1403 1671 1508 1705 nota
1559 1673 1672 1715 sunt,
1717 1673 1763 1707 tu

292 1736 629 1788 diligentissime
672 1743 885 1790 tanquam
929 1739 972 1777 in
1014 1738 1189 1778 sacculo
1231 1740 1526 1788 conservasti;
1579 1740 1766 1793 ideoque

292 1811 347 1850 ad
391 1824 441 1850 ea
491 1812 683 1851 curanda
736 1811 989 1863 hujusmodi
1042 1813 1186 1866 plagae
1238 1813 1501 1866 supplicium
1554 1814 1765 1867 irrogasti.

294 1885 353 1924 Et
385 1884 517 1925 alibi:
552 1884 708 1937 “Quid
743 1886 900 1927 faciam
924 1887 1013 1935 tibi,
1039 1901 1064 1927 o
1097 1894 1245 1928 custos
1277 1887 1540 1928 hominum?
1572 1902 1647 1929 cur
1679 1901 1766 1930 non

292 1959 410 2000 tollis
452 1966 683 2012 peccatum
723 1975 882 2010 meum,
922 1968 965 2002 et
1007 1976 1141 2014 quare
1184 1976 1270 2002 non
1308 1961 1450 2002 aufers
1488 1963 1765 2015 iniquitatem

294 2033 508 2074 meam?'’
573 2034 746 2087 Quibus
789 2036 904 2075 enim
948 2036 1092 2088 poenis
1134 2036 1212 2076 tibi
1261 2036 1541 2086 satisfaciam,
1584 2038 1765 2078 omnino

294 2121 381 2148 non
431 2108 626 2161 reperio:
679 2115 755 2149 tua
807 2115 979 2149 tantum
1034 2110 1332 2150 misericordia
1382 2124 1493 2163 opus
1545 2116 1621 2159 est,
1665 2125 1764 2163 quae

294 2187 524 2234 peccatum
559 2196 705 2223 meum
737 2183 874 2232 tollat,
900 2189 953 2233 et,
978 2198 1112 2236 quam
1136 2198 1223 2224 non
1246 2185 1352 2225 satis
1379 2198 1583 2236 agnosco,
1608 2185 1764 2237 iniqui-

292 2261 430 2295 tatem
465 2256 643 2296 auferat.
710 2258 768 2296 Et
791 2271 881 2310 cap.
914 2269 971 2308 13.
1038 2258 1345 2298 “Consumere
1377 2271 1447 2298 me
1477 2258 1540 2297 vis
1572 2259 1764 2310 peccatis

293 2329 601 2369 adolescentiae
657 2330 803 2370 meae.''
886 2330 1005 2383 Quid
1059 2332 1190 2384 igitur
1235 2331 1317 2372 hoc
1363 2333 1454 2371 viro
1507 2331 1765 2372 molestius?

292 2401 400 2453 quid
423 2401 655 2442 humilius?
685 2404 758 2455 qui
778 2410 820 2443 et
840 2404 1136 2444 innocentiam
1159 2418 1284 2445 suam
1308 2404 1535 2457 intelligat,
1555 2411 1597 2445 et
1615 2411 1763 2446 tamen

291 2475 444 2528 culpas
497 2482 539 2515 et
592 2483 774 2529 peccata
826 2491 913 2517 non
972 2478 1145 2518 abnuat.
1243 2478 1474 2519 Habemus
1526 2480 1763 2531 patienffiae,

292 2548 506 2588 habemus
540 2555 582 2589 et
615 2551 883 2591 documenta
917 2552 1146 2591 modestiae
1179 2557 1312 2604 atque
1343 2551 1614 2594 humilitatis.

384 2623 541 2663 Restat
583 2625 724 2676 pietas
772 2639 874 2678 erga
925 2617 1106 2675 Detim;
1159 2640 1257 2678 quae
1311 2626 1404 2679 ipsa
1457 2640 1632 2679 quoque
1683 2628 1765 2667 fuit

293 2697 486 2749 insignis,
521 2704 614 2737 tum
649 2699 750 2750 quia
784 2699 840 2738 ad
881 2700 964 2739 Dei
1002 2700 1324 2752 providentiam
1365 2699 1579 2741 referebat
1616 2702 1763 2742 omnia

292 2783 584 2823 qucecumque
618 2786 720 2812 casu
755 2772 886 2825 vulgo
922 2779 1135 2826 putantur
1167 2774 1363 2824 invecta;
1402 2780 1496 2814 tum
1529 2774 1632 2826 quia
1664 2788 1763 2827 spes

291 2856 394 2883 suas
416 2843 591 2885 locabat
613 2846 656 2884 in
683 2846 805 2896 Deo,
840 2851 933 2886 tum
968 2847 1157 2900 denique
1189 2848 1291 2900 quia
1326 2848 1468 2888 omnis
1498 2848 1590 2900 ejus
1620 2861 1762 2888 sermo

290 2922 366 2957 aut
389 2918 444 2958 de
468 2919 566 2959 Deo
589 2926 691 2968 erat,
717 2926 792 2960 aut
815 2926 930 2961 certe
953 2935 1051 2961 cum
1077 2921 1185 2961 Deo.
