1903 3197
305 158 403 214 476
635 152 715 198 De
747 149 936 197 ratione
970 149 1162 196 vivendi
1196 147 1455 194 Socz'etcztz‘s.

305 285 482 328 difficile
524 290 590 325 est
631 284 736 324 dare
777 289 941 323 certam
983 281 1191 334 regulam,
1235 279 1316 319 nisi
1358 276 1477 330 quod
1520 276 1631 315 inter
1681 273 1769 315 duo

306 374 480 413 semper
502 359 696 399 medium
719 355 928 398 teneas.”1
958 355 1253 397 Tertullianus
1271 353 1326 393 de
1342 351 1495 405 priscis
1514 348 1772 391 Christianis

306 435 480 476 scribit:
545 437 567 453 “
582 432 753 481 Editur,
809 436 1023 484 quantum
1075 429 1315 470 esurientes
1366 426 1556 478 capiunt,
1607 423 1771 464 bibitur

309 514 525 562 quantum
548 507 718 560 pudicis
741 511 807 546 est
830 503 998 545 utile.”2

397 583 450 622 In
480 581 728 634 quantitate
759 593 862 620 vero
894 579 1092 627 discreta,
1116 577 1324 624 ciborum,
1349 580 1397 615 ut
1428 573 1534 621 dixi,
1566 584 1775 612 numerus

310 663 354 698 et
374 657 563 697 varietas
585 654 894 695 consideratur.
959 651 1060 705 Qua
1088 653 1132 691 in
1154 665 1199 691 re
1219 649 1407 690 habetur
1428 653 1472 687 et
1500 661 1524 687 a
1556 646 1777 688 Societate

308 730 573 772 valetudinis
605 729 727 777 ratio,
753 728 856 780 quia
883 727 1140 767 varietatem
1169 729 1376 772 removet,
1402 736 1500 775 quae
1531 721 1669 760 noxia
1697 724 1776 769 est,

313 804 732 855 multitudinemque
766 802 991 850 ciborum;
1027 800 1139 839 sicut
1179 804 1357 839 sanctus
1391 795 1668 842 Benedictus,
1702 793 1776 846 qui

311 880 400 920 duo
422 884 597 918 tantum
619 875 913 929 pulmentaria
936 879 1061 914 cocta
1082 872 1335 926 praescribit,
1353 875 1432 911 “ut
1453 868 1600 918 forte,''
1624 867 1777 919 inquit,

315 953 425 1006 “qui
458 966 516 992 ex
549 964 636 990 uno
669 963 756 989 non
789 949 981 1002 potuerit
1013 948 1152 995 edere,
1180 960 1238 986 ex
1273 946 1358 986 alio
1393 944 1634 984 reficiatur:
1667 948 1711 982 et
1742 941 1777 981 si

316 1027 476 1067 fuerint
510 1025 612 1064 inde
647 1037 792 1077 poma,
829 1028 905 1063 aut
941 1021 1167 1062 nascentia
1206 1019 1490 1073 leguminum,
1518 1017 1707 1057 addatur
1738 1020 1783 1055 et

539 1096 555 1120 3

315 1097 530 1140 tertium.''
618 1098 688 1137 Ita
729 1102 878 1137 nostra
921 1096 1119 1137 Societas
1155 1100 1280 1135 terna
1316 1091 1585 1145 quotidianis
1622 1087 1783 1129 mensis

316 1174 486 1227 praebet
518 1171 728 1212 obsonia:
762 1171 851 1210 duo
884 1175 1038 1220 cocta;
1070 1169 1248 1209 tertium
1276 1180 1333 1207 ex
1364 1165 1507 1219 pomis
1540 1169 1616 1204 aut
1645 1175 1785 1203 caseo.

320 1246 616 1300 Multiplicem
650 1259 754 1286 vero
783 1245 1054 1292 varietatem,
1085 1242 1368 1283 seminarium
1399 1239 1664 1287 morborum,
1691 1250 1785 1277 om-

317 1322 421 1362 nino
458 1321 600 1361 tollit:
645 1333 759 1368 nam,
796 1325 844 1359 ut
886 1320 1016 1359 refert
1055 1317 1271 1365 Clemens
1309 1314 1591 1367 Antiphanes
1633 1310 1787 1351 Delius

318 1396 515 1436 medicus
556 1394 624 1435 vel
670 1394 786 1434 hanc
832 1406 965 1433 unam
1008 1392 1124 1432 dixit
1165 1405 1259 1431 esse
1302 1389 1553 1430 morborum
1596 1398 1786 1434 causam,

317 1471 515 1512 ciborum
537 1470 806 1510 varietatem.

409 1545 551 1585 Obest
588 1549 736 1583 autem
774 1541 1014 1582 valetudini
1053 1539 1312 1592 dupliciter:
1349 1537 1551 1591 primum,
1589 1535 1703 1588 quia,
1737 1538 1786 1573 ut

323 1619 442 1659 idem
497 1617 703 1658 Clemens
755 1617 827 1664 ait,
872 1614 1051 1654 insitum
1093 1619 1248 1653 natura
1291 1626 1379 1652 non
1432 1617 1498 1652 est
1539 1609 1794 1662 corporibus

324 1693 496 1740 nostris,
540 1696 588 1730 ut
629 1689 859 1742 multiplici
903 1689 1100 1727 ciborum
1141 1687 1353 1726 varietate
1400 1682 1652 1738 juventer24
1703 1683 1794 1722 imo

324 1766 503 1806 sanitati
537 1771 580 1805 et
611 1764 776 1804 viribus
807 1762 1003 1802 maxime
1034 1761 1266 1800 convenire
1299 1761 1360 1799 ait
1394 1759 1591 1799 alimenti
1626 1756 1792 1810 simpli-

323 1841 503 1881 citatem
546 1852 596 1879 ac
639 1837 910 1886 facilitatem,
958 1834 1078 1888 quod
1116 1840 1160 1874 et
1203 1834 1258 1874 ad
1310 1834 1605 1886 digestionem
1652 1837 1696 1871 et
1736 1830 1793 1871 ad

323 1914 551 1955 levitatem
574 1911 767 1965 corporis
791 1910 896 1950 utile
926 1910 981 1950 sit
1003 1923 1010 1949 :
1043 1914 1092 1948 ut
1112 1922 1212 1948 vere
1233 1907 1434 1948 videatur
1456 1905 1562 1946 illud
1592 1906 1635 1945 in
1661 1904 1794 1945 sacris

325 1988 446 2029 libris
487 1993 700 2027 testatum
749 1998 868 2025 esse:
903 1984 984 2023 “in
1032 1981 1181 2023 multis
1220 1982 1328 2022 escis
1366 1982 1446 2021 erit
1483 1975 1794 2030 infirmitas;''5

328 2062 448 2116 quod
481 2075 569 2101 non
602 2061 657 2100 de
691 2059 818 2112 copia
852 2064 896 2098 et
923 2057 964 2097 vi
999 2056 1083 2097 cibi
1121 2056 1369 2104 dumtaxat,
1393 2067 1543 2094 verum
1576 2053 1710 2092 etiam
1741 2051 1797 2092 de

327 2137 539 2178 varietate
590 2133 925 2186 intelligendum
974 2136 1049 2171 est.
1134 2129 1350 2178 Secundo,
1397 2128 1523 2168 obest
1555 2124 1797 2166 valetudini

332 2210 560 2263 epularum
583 2208 782 2255 varietas,
807 2206 910 2258 quia
935 2204 1085 2257 gulam
1109 2210 1152 2244 et
1173 2203 1394 2243 abdomen
1417 2201 1567 2248 irritat,
1591 2200 1797 2252 cogitque

329 2282 662 2336 quodammodo
684 2279 990 2333 temperantiae
1012 2277 1121 2317 fines
1152 2276 1401 2328 limitesque
1422 2274 1614 2314 transire.
1678 2272 1796 2312 Nam

330 2363 379 2398 ut
404 2357 708 2409 Hieronymus
731 2355 817 2394 ait:
850 2352 1001 2393 “Cum
1023 2351 1152 2392 variis
1175 2349 1401 2390 nidoribus
1423 2349 1595 2388 sumant
1619 2346 1795 2400 patinae,

332 2432 388 2472 ad
412 2444 535 2471 esum
558 2430 635 2479 sui,
659 2428 837 2482 expleta
860 2427 1009 2475 esurie,
1034 2425 1157 2478 quasi
1187 2423 1382 2477 captivos
1405 2423 1585 2463 trahunt
1602 2435 1609 2461 :
1625 2419 1645 2435 ''
1679 2418 1799 2472 quod

333 2506 467 2546 etiam
509 2502 726 2557 significat
769 2497 1118 2542 B.Berna1-dus.⁰
1179 2497 1374 2551 Objicies
1415 2496 1522 2537 mihi
1566 2494 1801 2537 societatis

335 2579 698 2621 consuetudinem
740 2590 818 2630 per
860 2575 952 2615 dies
994 2574 1129 2614 festos
1171 2572 1439 2620 celebriores,
1475 2570 1656 2622 diesque
1688 2566 1802 2621 jeju-

335 2655 519 2703 niorum,
556 2666 654 2706 quae
689 2650 900 2691 varietate
941 2648 1088 2702 aliqua
1122 2646 1383 2688 ferculorum
1426 2657 1600 2685 mensas
1631 2642 1804 2682 videtur

332 2729 559 2769 instruere.
639 2726 806 2766 Verum
850 2724 945 2764 haec
986 2724 1082 2777 ipsa
1124 2720 1473 2763 extraordinaria
1508 2719 1648 2759 victus
1695 2715 1807 2757 ratio

462 2842 474 2862 1
500 2844 537 2875 P.
563 2852 589 2874 1.
607 2854 634 2874 c.
655 2842 685 2874 8.
828 2838 841 2857 ²
870 2840 907 2871 C.
931 2848 983 2880 39.
1120 2837 1133 2857 3
1150 2839 1188 2870 L.
1210 2846 1240 2878 3.
1261 2848 1287 2869 c.
1312 2845 1339 2868 1.
1474 2834 1488 2853 ⁴¹
1512 2833 1601 2865 Eccl.
1623 2839 1674 2873 37.

401 2894 414 2914 ⁶
439 2896 565 2927 Contra
586 2894 813 2936 Jovinianum,
839 2892 860 2924 l.
882 2900 912 2923 2.
1093 2889 1106 2909 ⁶
1130 2890 1172 2921 In
1189 2889 1358 2931 Apologia
1374 2888 1416 2920 ad
1434 2886 1646 2924 Gulielmum,
1666 2887 1689 2915 t.
1709 2890 1738 2914 2.
