1903 3197
299 129 380 175 De
410 129 726 192 (edificatione
759 129 820 176 ab
855 130 1051 191 (egrotis
1073 129 1374 192 praestanda.
1477 143 1538 190 54
1545 143 1570 188 3

95 260 242 313 capite
264 266 359 301 tota
381 261 558 314 petitur.
623 260 717 300 Nos
751 274 850 313 quae
882 261 1054 302 duobus
1085 267 1290 315 separata
1321 267 1421 302 sunt
1453 261 1569 312 locis,

98 333 143 373 in
175 348 310 374 unum
341 335 675 389 conjungemus,
698 340 746 374 ut
779 335 822 374 in
848 334 1100 375 Summario
1133 335 1298 376 factum
1331 342 1407 383 est,
1432 349 1569 389 eaque

101 407 228 448 unius
251 408 537 461 ejusdemque
560 408 656 448 loco
679 407 840 460 regulae
864 409 1203 449 numerabimus.

190 481 242 521 Id
275 487 422 522 autem
455 483 735 535 potissimum
768 487 940 534 spectat
976 482 1160 534 Regula,
1193 489 1250 530 ut,
1282 483 1570 535 quemadmo-

97 554 206 595 dum
230 569 324 596 sese
345 569 494 608 gerere
516 556 662 608 quoad
685 555 888 608 spiritum
919 555 1079 595 debeat
1110 563 1312 608 aegrotuS,
1337 557 1568 598 ostendat:

98 635 147 669 et
182 630 288 669 dicit
319 644 418 670 cum
443 628 808 670 “aedificatione'’
872 627 974 681 Quo
1006 628 1103 669 loco
1129 629 1212 669 tria
1244 629 1370 669 nobis
1400 630 1565 670 innuit:

105 708 158 752 10,
192 704 264 743 ubi
302 703 395 744 haec
428 703 662 744 :edificatio
699 704 783 744 sita
820 703 902 752 sit;
952 709 1008 752 20,
1045 708 1210 756 quanta
1249 716 1342 743 esse
1379 702 1566 753 debeat;

101 782 159 828 30,
182 777 287 830 quid
310 791 407 818 eam
432 791 549 831 :egro
572 778 768 818 suadeat.

418 966 444 1021 §⁸
482 976 657 1008 1.—UBI
690 975 990 1007 AEDIFICATIO
1025 976 1130 1005 siit-x
1170 974 1255 1006 sir.

190 1057 320 1098 Hanc
342 1058 473 1111 igitur
489 1058 826 1099 aedificationem
846 1058 982 1098 tribus
1007 1058 1049 1097 in
1073 1058 1202 1098 rebus
1221 1071 1315 1097 esse
1337 1057 1567 1110 significat,

100 1131 143 1171 in
177 1130 433 1181 humilitate,
459 1133 500 1172 in
536 1133 760 1185 patientia,
790 1133 832 1175 in
867 1133 1041 1185 pietate.
1107 1132 1176 1171 De
1212 1132 1364 1185 primis
1398 1131 1569 1172 duabus

98 1205 204 1246 dicit
246 1206 395 1259 regula
433 1206 761 1246 “humilitatem
805 1212 849 1246 et
890 1207 1151 1259 patientiam
1197 1219 1323 1246 suam
1366 1206 1569 1259 praesefe-

100 1280 295 1320 rendo:”
339 1280 394 1319 de
425 1280 553 1320 tertia
585 1286 732 1320 autem
766 1280 838 1320 illa
871 1280 1060 1332 subjicit,
1095 1286 1113 1299 ‘¹
1131 1280 1274 1320 verbis
1306 1280 1390 1333 piis
1427 1286 1470 1321 et
1511 1280 1566 1320 ad

96 1352 436 1393 aedificationem
461 1353 722 1393 facientibus
746 1352 947 1403 utendo,’'
975 1354 1050 1394 διο.

188 1427 500 1467 Humilitatem
553 1427 805 1480 praeseferat
859 1441 977 1480 [eger
1027 1433 1213 1480 oportet,
1259 1427 1418 1480 partim
1466 1441 1569 1480 erga

102 1501 260 1550 Deum,
304 1503 462 1554 partim
507 1516 610 1555 erga
653 1502 847 1542 medicos
891 1507 934 1541 et
977 1500 1221 1553 praefecto&
1264 1501 1424 1554 partim
1467 1513 1568 1553 erga

100 1575 336 1616 ministros.

188 1649 307 1701 Erga
359 1649 505 1689 Deum
557 1648 760 1689 ostendet
813 1648 1109 1689 humilitatem
1163 1648 1352 1701 primum
1400 1649 1436 1688 si
1479 1649 1568 1688 suis

100 1722 291 1775 peccatis
328 1736 374 1762 se
410 1722 539 1775 plecti
578 1723 750 1771 sentiat,
789 1729 833 1763 et
870 1735 1024 1775 poenas
1063 1722 1217 1762 merito
1256 1722 1310 1762 de
1348 1735 1393 1761 56
1430 1722 1568 1761 sumi:

102 1794 214 1835 solet
256 1795 371 1835 enim
415 1809 532 1848 saepe
574 1796 709 1844 Deus,
754 1802 802 1836 ut
844 1796 952 1836 alias
995 1796 1203 1844 diximus,
1246 1795 1303 1835 ad
1346 1794 1568 1848 expianda

101 1876 293 1922 peccata,
338 1870 590 1909 morborum
642 1869 851 1909 adhibere
903 1869 1137 1923 flagellum.
1218 1869 1369 1909 Sancti
1422 1874 1570 1909 autem

98 1943 188 1992 viri,
213 1957 312 1983 cum
346 1944 389 1983 in
422 1943 587 1984 morbis
620 1943 862 1991 inciderint,
900 1944 987 1984 suis
1019 1944 1219 1997 peccatis,
1245 1956 1344 1996 quae
1376 1943 1569 1996 ipsorum

99 2017 324 2058 humilitas
359 2023 436 2067 est,
468 2031 618 2058 eorum
653 2031 808 2058 causas
845 2018 1124 2058 adscribunt:
1170 2024 1216 2058 ut
1251 2017 1440 2058 faciebat
1472 2017 1570 2069 Job,

99 2091 173 2143 qui
210 2091 401 2144 pessimo
455 2105 480 2131 a
536 2091 704 2132 Satana
741 2104 971 2144 percussus
1009 2091 1163 2138 ulcere,
1203 2090 1451 2143 nulliusque
1487 2091 1569 2131 sibi

96 2164 242 2218 'culpae
279 2165 489 2214 conscius,
524 2164 621 2205 Deo
657 2170 806 2206 tamen
845 2165 1045 2206 dicebat:
1095 2165 1326 2218 “Signasti
1364 2165 1488 2217 quasi
1526 2165 1568 2205 in

102 2239 275 2279 sacculo
329 2238 489 2279 delicta
542 2252 652 2288 mea,
691 2239 768 2279 sed
821 2240 980 2280 curasti
1033 2240 1311 2293 iniquitatem
1365 2239 1570 2280 meam.”l

104 2313 406 2354 Existimabat
428 2314 544 2353 enim
568 2313 764 2354 omnium
795 2327 972 2354 suorum
1003 2319 1282 2367 peccatorum
1311 2314 1568 2354 memoriam

98 2401 128 2428 a
151 2388 249 2428 Deo
279 2387 615 2441 diligentissime
645 2388 903 2435 conservari,
930 2394 978 2428 ut
1010 2402 1061 2428 ea
1093 2389 1285 2441 corporis
1317 2387 1569 2429 infirmitate

103 2468 280 2501 curaret.
360 2462 419 2502 Et
460 2461 563 2502 alibi
608 2462 808 2502 dicebat:
862 2463 1065 2504 “Scribis
1108 2469 1260 2503 contra
1301 2476 1372 2503 me
1413 2464 1571 2503 amari-

101 2534 288 2583 tudines,
312 2542 355 2575 et
378 2549 635 2575 consumere
664 2549 735 2576 me
756 2536 820 2576 vis
853 2537 1044 2590 peccatis
1066 2537 1377 2577 adolescentiae
1400 2535 1571 2585 meae,’'²

98 2613 147 2649 -et
175 2608 367 2661 “Usque
389 2623 475 2662 quo
509 2622 595 2649 non
631 2610 773 2662 parcis
805 2610 923 2660 mihi,
957 2624 1038 2651 nec
1063 2611 1248 2651 dimittis
1280 2624 1362 2659 me,
1396 2616 1444 2649 ut
1476 2609 1571 2662 glu-

101 2683 209 2722 tiam
233 2682 413 2722 salivarn
443 2683 620 2723 meam?
683 2684 874 2734 Peccavi,
903 2685 1008 2738 quid
1042 2684 1200 2725 faciam
1233 2685 1325 2733 tibi,
1350 2683 1390 2724 O
1424 2689 1570 2724 custos

99 2756 329 2797 hominum
348 2755 416 2796 ?‘’3
468 2756 541 2796 Ex
565 2757 723 2810 quibus
745 2757 851 2799 locis
873 2759 979 2800 satis
1002 2765 1185 2813 apparet
1207 2764 1373 2811 quanta
1394 2756 1570 2798 humili-

511 2862 523 2882 ¹
548 2864 587 2896 C.
611 2872 660 2904 14.
796 2864 810 2884 2
834 2866 870 2898 C.
897 2873 944 2906 ¹3-
1079 2864 1093 2885 ³
1117 2866 1155 2898 C.
1177 2873 1207 2906 9.
