1903 3197
462 193 541 238 De
574 191 868 253 legg-mnibus
892 191 1234 254 peragrandis.
1522 202 1582 250 57

120 325 278 366 deinde
320 339 451 378 quam
493 324 776 365 vehementer
812 331 968 364 noceat
1010 324 1257 376 quaerendis
1294 324 1452 364 animis
1489 324 1586 376 ipsa

121 400 308 451 libertas,
332 414 433 440 nam
467 399 571 439 dum
601 399 696 439 haec
724 400 880 439 suadet
909 400 1058 439 onmia
1087 399 1333 445 commoda,
1357 398 1582 438 dissuadet

123 482 269 516 autem
313 475 603 521 incommoda,
638 488 813 514 necesse
850 480 916 514 est
953 473 1145 514 studium
1190 473 1295 512 illud
1338 471 1584 523 requirendi

122 551 291 589 animas
329 551 581 601 intepescat,
616 562 713 588 cum
753 548 880 588 simul
923 561 1017 588 esse
1054 561 1140 587 non
1183 547 1322 599 possit
1360 559 1446 584 una
1482 558 1580 584 cum

121 624 268 664 studio
285 623 506 676 quaerendi
530 637 627 675 quae
651 637 729 663 sua
750 628 851 662 sunt
870 637 877 671 ;
913 623 1012 662 ideo
1034 623 1149 662 enim
1171 622 1329 662 Paulus
1348 637 1355 663 :
1381 622 1585 662 “Omnes

121 710 219 749 quae
252 711 329 737 sua
360 703 461 737 sunt
483 704 695 749 quaerunt,
720 711 806 737 non
839 711 936 749 quae
959 697 1062 749 Jesu
1088 697 1249 737 Christi
1269 695 1325 745 ;”1
1362 697 1464 748 quia
1494 695 1580 735 duo

122 771 215 811 haec
257 771 384 811 simul
422 785 516 811 6556
553 785 639 811 non
681 779 874 824 possunt,
909 778 955 811 ut
987 772 1083 823 quis
1120 784 1197 810 sua
1235 769 1364 810 simul
1401 775 1581 822 quaerat.

121 852 164 885 et
207 846 367 886 Christi
405 847 518 898 Jesu.
572 846 664 886 Alii
701 860 814 894 vero,
855 852 911 894 20,
947 846 1238 898 profectiones
1281 849 1497 896 expetunt
1539 844 1582 882 in

120 918 215 960 loca
238 921 418 969 diversa,
442 921 682 960 ambitione
711 920 902 973 quadam
937 926 980 960 et
1011 920 1148 973 gloria
1174 919 1293 959 ducti
1315 932 1323 967 ;
1354 919 1456 970 quia
1483 931 1580 957 cum

119 993 239 1034 domi
270 994 472 1044 resident,
493 994 697 1034 videntur
718 994 798 1034 sibi
830 1008 916 1034 non
944 995 1049 1034 satis
1081 1008 1209 1046 posse
1239 1007 1361 1033 suam
1395 992 1580 1045 prodere

121 1075 164 1108 et
205 1069 426 1109 declarare
465 1069 683 1116 virtutem,
727 1070 967 1121 praesertim
1021 1069 1055 1108 si
1107 1068 1409 1108 humilioribus
1461 1067 1581 1107 domi

122 1143 373 1182 muneribus
415 1148 690 1195 occupentur.
763 1142 928 1182 Contra
962 1156 1064 1182 vero
1106 1156 1204 1182 cum
1247 1142 1362 1182 foras
1404 1146 1580 1185 exeunt.

121 1221 215 1255 tum
253 1216 430 1255 demum
474 1217 643 1255 animas
680 1222 859 1255 sumunt
891 1215 946 1256 ad
990 1229 1150 1268 magna
1187 1216 1390 1268 gerenda,
1424 1215 1582 1267 quibus

121 1290 495 1329 existimationem
542 1289 734 1341 aliquam
777 1304 827 1330 ac
869 1289 1033 1329 famam
1077 1289 1296 1341 colligant,
1335 1302 1409 1328 seu
1451 1288 1582 1341 gnavi

119 1365 371 1416 strenuique
411 1364 500 1409 viri,
544 1377 617 1403 seu
670 1365 919 1416 praestantis
971 1364 1301 1403 concionatoris.
1384 1363 1454 1402 De
1496 1376 1581 1414 qua

118 1437 257 1490 gloria
299 1445 342 1478 et
382 1438 624 1478 ambitione
667 1438 903 1478 Cassianus
946 1439 987 1477 in
1032 1438 1173 1478 Instit.
1216 1438 1334 1476 Mon.
1420 1437 1583 1476 “Facit

122 1512 292 1561 etiam‚'’
316 1513 468 1565 inquit,
494 1512 622 1552 “hzec
652 1512 816 1552 scilicet
843 1513 983 1552 inanis
1009 1511 1158 1564 gloria,
1183 1511 1224 1550 in
1252 1510 1488 1551 solitudine
1516 1510 1589 1550 vel·

123 1586 278 1627 cellula
319 1592 667 1627 commorantem
710 1587 978 1626 diversorum
1022 1586 1179 1625 domos
1220 1599 1271 1625 ac
1320 1585 1587 1625 monasteria

123 1667 270 1700 mente
299 1666 430 1713 atque
460 1661 607 1700 animo
637 1660 873 1705 circumire,
897 1666 939 1700 et
962 1659 1248 1713 plurimorum
1279 1659 1585 1699 conversiones

122 1735 203 1774 sub
226 1735 510 1774 incitamento
540 1735 809 1786 imaginariae
838 1734 1158 1774 exhortationis
1190 1731 1472 1786 acquirere.’‘2
1514 1732 1584 1772 De

124 1808 278 1847 eadem
302 1808 549 1848 Bernardus
572 1809 615 1847 in
640 1808 834 1848 Canticis
853 1822 860 1847 :
895 1807 1160 1848 “Interdum
1183 1807 1295 1847 bene
1317 1806 1585 1859 proficientis

124 1880 378 1934 cujuspiam,
421 1895 518 1921 cum
571 1881 653 1920 sibi
706 1881 921 1933 profusius
967 1881 1133 1933 aliquid
1186 1894 1384 1933 supernae
1431 1880 1584 1932 gratiae

126 1955 307 1994 senserit
334 1955 513 2003 irrorari,
537 1955 654 1994 subit
680 1955 874 1994 animum
898 1954 1162 1994 desiderium
1192 1954 1472 2007 przedicandi,
1496 1967 1583 1993 non

125 2028 302 2080 quidem
335 2029 390 2068 ad
423 2034 626 2081 parentes
658 2033 702 2068 et
733 2029 1015 2081 propinquos,
1042 2028 1173 2080 juxta
1196 2027 1328 2067 illud:
1363 2027 1585 2068 Continuo

124 2115 211 2141 non
234 2102 429 2153 acquievi
453 2102 570 2141 carni
594 2108 636 2141 et
659 2103 872 2153 sanguini,
891 2102 967 2141 sed
987 2103 1109 2154 quasi
1132 2102 1292 2154 purius,
1310 2101 1584 2149 fructuosius,

123 2175 364 2227 fortiusque
385 2176 549 2227 passim
572 2174 628 2215 ad
652 2182 897 2224 extraneOS,
916 2181 959 2215 et
981 2176 1037 2216 ad
1060 2173 1273 2215 omnes.''3
1317 2174 1448 2214 Hanc
1470 2173 1584 2215 frau-

122 2249 223 2289 dem
265 2248 539 2301 vulpeculam
584 2249 830 2289 Bernardus
871 2248 1077 2302 appellat,
1116 2250 1242 2301 eique
1284 2247 1585 2290 recordatione

122 2322 232 2371 finis,
255 2323 328 2375 qui
361 2322 486 2362 nobis
515 2323 558 2361 in
587 2322 653 2362 his
685 2321 1026 2375 profectionibus
1058 2329 1123 2362 est
1151 2322 1413 2375 propositus,
1436 2335 1585 2361 occur-

124 2396 319 2436 rendum.
383 2396 469 2449 Qui
507 2396 683 2448 quidem
721 2402 798 2443 est,
828 2402 875 2436 ut
914 2396 1184 2437 Constitutio
1219 2397 1291 2445 ait,
1322 2395 1463 2447 majus
1501 2395 1587 2435 Dei

124 2471 395 2523 obsequium,
419 2476 463 2510 et
484 2471 730 2510 animarum
753 2469 979 2517 auxilium,
1003 2484 1090 2510 non
1117 2475 1265 2510 nostra
1291 2469 1430 2522 gloria
1452 2475 1587 2522 atque

126 2544 319 2584 ambitio.
384 2544 447 2584 Ut
469 2557 567 2583 cum
593 2544 728 2584 Paulo
751 2543 880 2584 liceat
902 2544 1072 2584 dicere:
1101 2546 1122 2563 “
1138 2544 1232 2584 Nec
1255 2549 1501 2596 quaerentes
1528 2543 1586 2583 ab

126 2617 375 2657 hominibus
407 2618 603 2670 gloriam,
629 2631 769 2670 neque
796 2632 822 2657 a
843 2618 977 2666 vobis,
1002 2631 1144 2670 neque
1174 2618 1231 2657 ab
1264 2616 1418 2657 aliis.'’⁴

216 2690 302 2743 Qui
342 2706 454 2740 vero,
494 2698 550 2742 30,
589 2692 668 2732 has
701 2693 930 2732 missiones
972 2698 1189 2745 expetunt
1231 2693 1347 2732 inani
1390 2689 1583 2743 quodam

126 2765 295 2806 visendi
325 2767 480 2812 studio,
502 2771 735 2819 propterea
757 2767 874 2818 quod
898 2765 1127 2819 pulchrum
1158 2767 1214 2806 sit
1236 2765 1397 2805 multas
1425 2763 1586 2804 obiisse

128 2840 338 2891 regioneS,
373 2844 416 2878 et
452 2852 595 2879 mores
635 2839 863 2879 hominum
903 2839 1140 2880 multorum
1179 2845 1223 2879 et
1256 2838 1384 2878 urbes
1413 2837 1587 2886 vidisse,

235 2926 246 2945 ¹
272 2927 391 2968 Philip.
413 2935 442 2958 2.
558 2926 570 2946 ‘²
595 2929 633 2959 L.
658 2937 706 2960 11.
728 2939 754 2960 c.
780 2937 827 2968 14.
930 2927 943 2947 ³
969 2930 1038 2960 Ser.
1060 2929 1111 2968 64.
1227 2927 1240 2945 ⁴
1268 2936 1279 2957 1
1308 2927 1422 2957 Thess.
1443 2934 1474 2958 2.
