<?xml version="1.0" encoding="UTF-8"?>
<!DOCTYPE html PUBLIC "-//W3C//DTD XHTML 1.0 Transitional//EN"
    "http://www.w3.org/TR/xhtml1/DTD/xhtml1-transitional.dtd">
<html xmlns="http://www.w3.org/1999/xhtml" xml:lang="en" lang="en">
 <head>
  <title>
</title>
<meta http-equiv="Content-Type" content="text/html;charset=utf-8" />
  <meta name='ocr-system' content='tesseract 3.04.00' />
  <meta name='ocr-capabilities' content='ocr_page ocr_carea ocr_par ocr_line ocrx_word'/>
</head>
<body>
  <div class='ocr_page' id='page_1' title='image "./nicolaiorlandini00orla/nicolaiorlandini00orla_0031.png"; bbox 0 0 1903 3197; ppageno 0'>
   <div class='ocr_carea' id='block_1_1' title="bbox 476 168 1611 215">
    <p class='ocr_par' dir='ltr' id='par_1_1' title="bbox 476 168 1611 215">
     <span class='ocr_line' id='line_1_1' title="bbox 476 168 1611 215; baseline 0.002 -2"><span class='ocrx_word' id='word_1_1' title='bbox 476 168 557 213; x_wconf 81' lang='lat' dir='ltr'><strong>De</strong></span> <span class='ocrx_word' id='word_1_2' title='bbox 593 168 637 214; x_wconf 84' lang='lat' dir='ltr'><em>C</em></span> <span class='ocrx_word' id='word_1_3' title='bbox 634 168 1005 214; x_wconf 73' lang='lat' dir='ltr'><strong>onstc&#39;tutionnm</strong></span> <span class='ocrx_word' id='word_1_4' title='bbox 1051 169 1104 214; x_wconf 82' lang='lat' dir='ltr'><em>U</em></span> <span class='ocrx_word' id='word_1_5' title='bbox 1100 169 1287 215; x_wconf 74' lang='lat' dir='ltr'><strong>tz&#39;lz&#39;tale.</strong></span> <span class='ocrx_word' id='word_1_6' title='bbox 1561 181 1576 211; x_wconf 91' lang='grc' dir='ltr'><strong>Ι</strong></span> <span class='ocrx_word' id='word_1_7' title='bbox 1595 181 1611 211; x_wconf 92' lang='lat'>1</span> 
     </span>
    </p>
   </div>
   <div class='ocr_carea' id='block_1_2' title="bbox 143 299 1619 2861">
    <p class='ocr_par' dir='ltr' id='par_1_2' title="bbox 143 299 1619 2861">
     <span class='ocr_line' id='line_1_2' title="bbox 154 299 1614 353; baseline 0 -14"><span class='ocrx_word' id='word_1_8' title='bbox 154 299 281 340; x_wconf 85' lang='lat' dir='ltr'><strong>nobis</strong></span> <span class='ocrx_word' id='word_1_9' title='bbox 306 299 410 340; x_wconf 91' lang='lat' dir='ltr'><strong>dare</strong></span> <span class='ocrx_word' id='word_1_10' title='bbox 444 300 487 339; x_wconf 87' lang='lat' dir='ltr'><strong>in</strong></span> <span class='ocrx_word' id='word_1_11' title='bbox 518 301 588 340; x_wconf 89' lang='lat' dir='ltr'><strong>via</strong></span> <span class='ocrx_word' id='word_1_12' title='bbox 619 300 753 340; x_wconf 89' lang='lat' dir='ltr'><strong>divini</strong></span> <span class='ocrx_word' id='word_1_13' title='bbox 786 300 986 352; x_wconf 88' lang='lat' dir='ltr'><strong>obsequii</strong></span> <span class='ocrx_word' id='word_1_14' title='bbox 1019 301 1356 353; x_wconf 77' lang='lat' dir='ltr'>procedentibus</span> <span class='ocrx_word' id='word_1_15' title='bbox 1392 299 1614 340; x_wconf 90' lang='lat' dir='ltr'><strong>Constitu-</strong></span> 
     </span>
     <span class='ocr_line' id='line_1_3' title="bbox 153 373 1616 425; baseline -0.001 -12"><span class='ocrx_word' id='word_1_16' title='bbox 153 373 296 413; x_wconf 91' lang='lat' dir='ltr'><strong>tiones</strong></span> <span class='ocrx_word' id='word_1_17' title='bbox 333 373 545 422; x_wconf 89' lang='lat' dir='ltr'><strong>dicuntur,</strong></span> <span class='ocrx_word' id='word_1_18' title='bbox 584 374 659 413; x_wconf 91' lang='lat' dir='ltr'><strong>sed</strong></span> <span class='ocrx_word' id='word_1_19' title='bbox 694 374 826 425; x_wconf 84' lang='lat' dir='ltr'><strong>juxta</strong></span> <span class='ocrx_word' id='word_1_20' title='bbox 865 373 1060 413; x_wconf 90' lang='lat' dir='ltr'><strong>Instituti</strong></span> <span class='ocrx_word' id='word_1_21' title='bbox 1099 375 1233 413; x_wconf 84' lang='lat' dir='ltr'>nostri</span> <span class='ocrx_word' id='word_1_22' title='bbox 1273 375 1515 422; x_wconf 89' lang='lat' dir='ltr'><strong>rationem;</strong></span> <span class='ocrx_word' id='word_1_23' title='bbox 1559 387 1616 413; x_wconf 77' lang='lat' dir='ltr'><strong>ex</strong></span> 
     </span>
     <span class='ocr_line' id='line_1_4' title="bbox 156 448 1619 500; baseline 0.001 -13"><span class='ocrx_word' id='word_1_24' title='bbox 156 461 243 499; x_wconf 89' lang='lat' dir='ltr'><strong>quo</strong></span> <span class='ocrx_word' id='word_1_25' title='bbox 280 448 473 497; x_wconf 86' lang='lat' dir='ltr'><strong>efficitur,</strong></span> <span class='ocrx_word' id='word_1_26' title='bbox 511 461 611 487; x_wconf 91' lang='lat' dir='ltr'><strong>eum</strong></span> <span class='ocrx_word' id='word_1_27' title='bbox 646 448 719 500; x_wconf 88' lang='lat' dir='ltr'><strong>qui</strong></span> <span class='ocrx_word' id='word_1_28' title='bbox 753 448 838 487; x_wconf 87' lang='lat' dir='ltr'><strong>alia</strong></span> <span class='ocrx_word' id='word_1_29' title='bbox 867 448 936 487; x_wconf 88' lang='lat' dir='ltr'><strong>via</strong></span> <span class='ocrx_word' id='word_1_30' title='bbox 973 461 1107 499; x_wconf 90' lang='lat' dir='ltr'><strong>quam</strong></span> <span class='ocrx_word' id='word_1_31' title='bbox 1139 448 1361 487; x_wconf 76' lang='lat' dir='ltr'>servandis</span> <span class='ocrx_word' id='word_1_32' title='bbox 1396 448 1619 488; x_wconf 88' lang='lat' dir='ltr'><strong>Constitu-</strong></span> 
     </span>
     <span class='ocr_line' id='line_1_5' title="bbox 155 520 1618 574; baseline 0.001 -14"><span class='ocrx_word' id='word_1_33' title='bbox 155 521 346 561; x_wconf 89' lang='lat' dir='ltr'><strong>tionibus</strong></span> <span class='ocrx_word' id='word_1_34' title='bbox 376 521 433 561; x_wconf 90' lang='lat' dir='ltr'><strong>ad</strong></span> <span class='ocrx_word' id='word_1_35' title='bbox 465 521 778 573; x_wconf 78' lang='lat' dir='ltr'><strong>perfectionem</strong></span> <span class='ocrx_word' id='word_1_36' title='bbox 810 521 1058 574; x_wconf 81' lang='lat' dir='ltr'><strong>religiosam</strong></span> <span class='ocrx_word' id='word_1_37' title='bbox 1096 521 1348 573; x_wconf 78' lang='lat' dir='ltr'><strong>ingreditur,</strong></span> <span class='ocrx_word' id='word_1_38' title='bbox 1385 520 1618 561; x_wconf 82' lang='lat' dir='ltr'><strong>Societatis</strong></span> 
     </span>
     <span class='ocr_line' id='line_1_6' title="bbox 153 594 1615 647; baseline 0 -13"><span class='ocrx_word' id='word_1_39' title='bbox 153 596 353 647; x_wconf 85' lang='lat' dir='ltr'><strong>spiritum</strong></span> <span class='ocrx_word' id='word_1_40' title='bbox 395 607 482 634; x_wconf 87' lang='lat' dir='ltr'><strong>non</strong></span> <span class='ocrx_word' id='word_1_41' title='bbox 533 594 794 647; x_wconf 82' lang='lat' dir='ltr'><strong>praeseferre,</strong></span> <span class='ocrx_word' id='word_1_42' title='bbox 838 609 917 635; x_wconf 87' lang='lat' dir='ltr'><strong>nec</strong></span> <span class='ocrx_word' id='word_1_43' title='bbox 971 595 1166 634; x_wconf 87' lang='lat' dir='ltr'><strong>Instituti</strong></span> <span class='ocrx_word' id='word_1_44' title='bbox 1219 595 1354 634; x_wconf 80' lang='lat' dir='ltr'><strong>nostri</strong></span> <span class='ocrx_word' id='word_1_45' title='bbox 1402 595 1615 634; x_wconf 87' lang='lat' dir='ltr'><strong>rationem</strong></span> 
     </span>
     <span class='ocr_line' id='line_1_7' title="bbox 151 667 1617 721; baseline 0.001 -14"><span class='ocrx_word' id='word_1_46' title='bbox 151 669 426 720; x_wconf 84' lang='lat' dir='ltr'><strong>potissimam</strong></span> <span class='ocrx_word' id='word_1_47' title='bbox 458 668 708 721; x_wconf 86' lang='lat' dir='ltr'><strong>adimplere.</strong></span> <span class='ocrx_word' id='word_1_48' title='bbox 786 668 851 709; x_wconf 91' lang='lat' dir='ltr'><strong>Ut</strong></span> <span class='ocrx_word' id='word_1_49' title='bbox 884 668 939 708; x_wconf 88' lang='lat' dir='ltr'><strong>de</strong></span> <span class='ocrx_word' id='word_1_50' title='bbox 973 668 1237 720; x_wconf 87' lang='lat' dir='ltr'><strong>quibusdam</strong></span> <span class='ocrx_word' id='word_1_51' title='bbox 1270 669 1358 707; x_wconf 85' lang='lat' dir='ltr'><strong>suis</strong></span> <span class='ocrx_word' id='word_1_52' title='bbox 1391 667 1617 708; x_wconf 87' lang='lat' dir='ltr'><strong>monachis</strong></span> 
     </span>
     <span class='ocr_line' id='line_1_8' title="bbox 152 742 1618 794; baseline 0.001 -14"><span class='ocrx_word' id='word_1_53' title='bbox 152 742 325 781; x_wconf 89' lang='lat' dir='ltr'><strong>videtur</strong></span> <span class='ocrx_word' id='word_1_54' title='bbox 353 742 546 781; x_wconf 90' lang='lat' dir='ltr'><strong>indicare</strong></span> <span class='ocrx_word' id='word_1_55' title='bbox 568 742 828 791; x_wconf 85' lang='lat' dir='ltr'><strong>Bernardus,</strong></span> <span class='ocrx_word' id='word_1_56' title='bbox 847 743 921 794; x_wconf 88' lang='lat' dir='ltr'><strong>qui</strong></span> <span class='ocrx_word' id='word_1_57' title='bbox 951 756 1050 782; x_wconf 89' lang='lat' dir='ltr'><strong>cum</strong></span> <span class='ocrx_word' id='word_1_58' title='bbox 1081 743 1303 782; x_wconf 86' lang='lat' dir='ltr'><strong>communi</strong></span> <span class='ocrx_word' id='word_1_59' title='bbox 1327 755 1426 781; x_wconf 86' lang='lat' dir='ltr'><strong>cum</strong></span> <span class='ocrx_word' id='word_1_60' title='bbox 1449 742 1618 782; x_wconf 76' lang='lat' dir='ltr'><strong>caeteris</strong></span> 
     </span>
     <span class='ocr_line' id='line_1_9' title="bbox 149 814 1618 868; baseline 0.001 -14"><span class='ocrx_word' id='word_1_61' title='bbox 149 814 239 854; x_wconf 87' lang='lat' dir='ltr'><strong>vita</strong></span> <span class='ocrx_word' id='word_1_62' title='bbox 261 816 456 855; x_wconf 90' lang='lat' dir='ltr'><strong>contenti</strong></span> <span class='ocrx_word' id='word_1_63' title='bbox 480 828 567 855; x_wconf 91' lang='lat' dir='ltr'><strong>non</strong></span> <span class='ocrx_word' id='word_1_64' title='bbox 591 822 746 864; x_wconf 81' lang='lat' dir='ltr'><strong>essent,</strong></span> <span class='ocrx_word' id='word_1_65' title='bbox 772 829 859 855; x_wconf 90' lang='lat' dir='ltr'><strong>non</strong></span> <span class='ocrx_word' id='word_1_66' title='bbox 891 815 1075 868; x_wconf 87' lang='lat' dir='ltr'><strong>regulari</strong></span> <span class='ocrx_word' id='word_1_67' title='bbox 1095 815 1276 867; x_wconf 84' lang='lat' dir='ltr'><strong>jejunio,</strong></span> <span class='ocrx_word' id='word_1_68' title='bbox 1300 829 1387 855; x_wconf 88' lang='lat' dir='ltr'><strong>non</strong></span> <span class='ocrx_word' id='word_1_69' title='bbox 1411 816 1618 868; x_wconf 87' lang='lat' dir='ltr'><strong>imposita</strong></span> 
     </span>
     <span class='ocr_line' id='line_1_10' title="bbox 151 887 1617 942; baseline 0.001 -15"><span class='ocrx_word' id='word_1_70' title='bbox 151 887 391 941; x_wconf 82' lang='lat' dir='ltr'><strong>disciplina,</strong></span> <span class='ocrx_word' id='word_1_71' title='bbox 446 902 534 929; x_wconf 89' lang='lat' dir='ltr'><strong>non</strong></span> <span class='ocrx_word' id='word_1_72' title='bbox 584 890 755 930; x_wconf 91' lang='lat' dir='ltr'><strong>usitatis</strong></span> <span class='ocrx_word' id='word_1_73' title='bbox 797 888 967 942; x_wconf 86' lang='lat' dir='ltr'><strong>vigiliis,</strong></span> <span class='ocrx_word' id='word_1_74' title='bbox 1012 895 1055 929; x_wconf 90' lang='lat' dir='ltr'><strong>et</strong></span> <span class='ocrx_word' id='word_1_75' title='bbox 1096 890 1404 929; x_wconf 87' lang='lat' dir='ltr'><strong>communibus</strong></span> <span class='ocrx_word' id='word_1_76' title='bbox 1448 890 1617 942; x_wconf 86' lang='lat' dir='ltr'><strong>privata</strong></span> 
     </span>
     <span class='ocr_line' id='line_1_11' title="bbox 149 961 1617 1016; baseline 0.001 -15"><span class='ocrx_word' id='word_1_77' title='bbox 149 961 413 1014; x_wconf 83' lang='lat' dir='ltr'><strong>praeferrent,</strong></span> <span class='ocrx_word' id='word_1_78' title='bbox 433 963 655 1016; x_wconf 80' lang='lat' dir='ltr'><strong>redarguit</strong></span> <span class='ocrx_word' id='word_1_79' title='bbox 678 977 751 1003; x_wconf 90' lang='lat' dir='ltr'><strong>eos</strong></span> <span class='ocrx_word' id='word_1_80' title='bbox 774 969 1004 1016; x_wconf 85' lang='lat' dir='ltr'><strong>tamquam</strong></span> <span class='ocrx_word' id='word_1_81' title='bbox 1029 963 1162 1003; x_wconf 88' lang='lat' dir='ltr'><strong>alium</strong></span> <span class='ocrx_word' id='word_1_82' title='bbox 1185 964 1435 1003; x_wconf 86' lang='lat' dir='ltr'><strong>viderentur</strong></span> <span class='ocrx_word' id='word_1_83' title='bbox 1456 963 1617 1003; x_wconf 86' lang='lat' dir='ltr'><strong>habere</strong></span> 
     </span>
     <span class='ocr_line' id='line_1_12' title="bbox 151 1035 1616 1090; baseline 0.001 -15"><span class='ocrx_word' id='word_1_84' title='bbox 151 1035 363 1088; x_wconf 88' lang='lat' dir='ltr'><strong>spiritum,</strong></span> <span class='ocrx_word' id='word_1_85' title='bbox 416 1036 472 1076; x_wconf 85' lang='lat' dir='ltr'><strong>ab</strong></span> <span class='ocrx_word' id='word_1_86' title='bbox 524 1050 587 1085; x_wconf 91' lang='lat' dir='ltr'><strong>eo,</strong></span> <span class='ocrx_word' id='word_1_87' title='bbox 640 1051 770 1089; x_wconf 88' lang='lat' dir='ltr'><strong>quem</strong></span> <span class='ocrx_word' id='word_1_88' title='bbox 824 1038 1119 1077; x_wconf 87' lang='lat' dir='ltr'><strong>conversionis</strong></span> <span class='ocrx_word' id='word_1_89' title='bbox 1172 1037 1294 1077; x_wconf 88' lang='lat' dir='ltr'><strong>initio</strong></span> <span class='ocrx_word' id='word_1_90' title='bbox 1342 1038 1616 1090; x_wconf 89' lang='lat' dir='ltr'><strong>recepissent.</strong></span> 
     </span>
     <span class='ocr_line' id='line_1_13' title="bbox 152 1109 1619 1164; baseline 0.001 -16"><span class='ocrx_word' id='word_1_91' title='bbox 152 1112 171 1127; x_wconf 86' lang='lat'>“</span> <span class='ocrx_word' id='word_1_92' title='bbox 190 1109 398 1159; x_wconf 86' lang='lat' dir='ltr'><strong>Bonum,”</strong></span> <span class='ocrx_word' id='word_1_93' title='bbox 423 1110 575 1162; x_wconf 89' lang='lat' dir='ltr'><strong>inquit,</strong></span> <span class='ocrx_word' id='word_1_94' title='bbox 602 1114 623 1130; x_wconf 91' lang='lat'><em>“</em></span> <span class='ocrx_word' id='word_1_95' title='bbox 640 1112 901 1164; x_wconf 85' lang='lat' dir='ltr'><strong>receperatis</strong></span> <span class='ocrx_word' id='word_1_96' title='bbox 933 1111 1145 1164; x_wconf 88' lang='lat' dir='ltr'><strong>spiritum,</strong></span> <span class='ocrx_word' id='word_1_97' title='bbox 1169 1112 1245 1151; x_wconf 89' lang='lat' dir='ltr'><strong>sed</strong></span> <span class='ocrx_word' id='word_1_98' title='bbox 1279 1124 1366 1150; x_wconf 88' lang='lat' dir='ltr'><strong>non</strong></span> <span class='ocrx_word' id='word_1_99' title='bbox 1393 1111 1507 1150; x_wconf 88' lang='lat' dir='ltr'><strong>bene</strong></span> <span class='ocrx_word' id='word_1_100' title='bbox 1536 1111 1619 1150; x_wconf 90' lang='lat' dir='ltr'><strong>uti-</strong></span> 
     </span>
     <span class='ocr_line' id='line_1_14' title="bbox 152 1183 1619 1238; baseline 0.001 -16"><span class='ocrx_word' id='word_1_101' title='bbox 152 1183 259 1222; x_wconf 88' lang='lat' dir='ltr'><strong>mini</strong></span> <span class='ocrx_word' id='word_1_102' title='bbox 283 1197 361 1232; x_wconf 84' lang='lat' dir='ltr'><strong>eo;</strong></span> <span class='ocrx_word' id='word_1_103' title='bbox 394 1197 544 1223; x_wconf 87' lang='lat' dir='ltr'><strong>vereor</strong></span> <span class='ocrx_word' id='word_1_104' title='bbox 566 1198 620 1223; x_wconf 90' lang='lat' dir='ltr'><strong>ne</strong></span> <span class='ocrx_word' id='word_1_105' title='bbox 643 1184 777 1224; x_wconf 90' lang='lat' dir='ltr'><strong>alium</strong></span> <span class='ocrx_word' id='word_1_106' title='bbox 800 1199 890 1237; x_wconf 76' lang='lat' dir='ltr'><strong>prae</strong></span> <span class='ocrx_word' id='word_1_107' title='bbox 914 1186 998 1225; x_wconf 86' lang='lat' dir='ltr'><strong>isto</strong></span> <span class='ocrx_word' id='word_1_108' title='bbox 1021 1185 1250 1238; x_wconf 88' lang='lat' dir='ltr'><strong>recipiatis,</strong></span> <span class='ocrx_word' id='word_1_109' title='bbox 1274 1186 1345 1237; x_wconf 87' lang='lat' dir='ltr'><strong>qui</strong></span> <span class='ocrx_word' id='word_1_110' title='bbox 1371 1185 1452 1224; x_wconf 88' lang='lat' dir='ltr'><strong>sub</strong></span> <span class='ocrx_word' id='word_1_111' title='bbox 1475 1185 1619 1237; x_wconf 88' lang='lat' dir='ltr'><strong>specie</strong></span> 
     </span>
     <span class='ocr_line' id='line_1_15' title="bbox 150 1256 1618 1311; baseline 0.001 -15"><span class='ocrx_word' id='word_1_112' title='bbox 150 1257 254 1296; x_wconf 90' lang='lat' dir='ltr'><strong>boni</strong></span> <span class='ocrx_word' id='word_1_113' title='bbox 287 1257 541 1310; x_wconf 83' lang='lat' dir='ltr'><strong>supplantet</strong></span> <span class='ocrx_word' id='word_1_114' title='bbox 569 1256 706 1297; x_wconf 83' lang='lat' dir='ltr'><strong>vos.&#39;’1</strong></span> <span class='ocrx_word' id='word_1_115' title='bbox 769 1259 828 1298; x_wconf 88' lang='lat' dir='ltr'><strong>Et</strong></span> <span class='ocrx_word' id='word_1_116' title='bbox 858 1264 1000 1298; x_wconf 85' lang='lat' dir='ltr'><strong>recte:</strong></span> <span class='ocrx_word' id='word_1_117' title='bbox 1049 1259 1245 1311; x_wconf 84' lang='lat' dir='ltr'><strong>quisquis</strong></span> <span class='ocrx_word' id='word_1_118' title='bbox 1277 1259 1392 1298; x_wconf 81' lang='lat' dir='ltr'><strong>enim</strong></span> <span class='ocrx_word' id='word_1_119' title='bbox 1424 1259 1509 1298; x_wconf 85' lang='lat' dir='ltr'><strong>alia</strong></span> <span class='ocrx_word' id='word_1_120' title='bbox 1537 1259 1618 1307; x_wconf 87' lang='lat' dir='ltr'><strong>via,</strong></span> 
     </span>
     <span class='ocr_line' id='line_1_16' title="bbox 148 1331 1616 1384; baseline 0.001 -14"><span class='ocrx_word' id='word_1_121' title='bbox 148 1344 282 1383; x_wconf 86' lang='lat' dir='ltr'><strong>quam</strong></span> <span class='ocrx_word' id='word_1_122' title='bbox 317 1344 394 1383; x_wconf 91' lang='lat' dir='ltr'><strong>per</strong></span> <span class='ocrx_word' id='word_1_123' title='bbox 421 1345 510 1371; x_wconf 63' lang='lat' dir='ltr'><strong>suae</strong></span> <span class='ocrx_word' id='word_1_124' title='bbox 546 1331 789 1384; x_wconf 70' lang='lat' dir='ltr'><strong>disciplinae</strong></span> <span class='ocrx_word' id='word_1_125' title='bbox 824 1332 943 1383; x_wconf 86' lang='lat' dir='ltr'><strong>leges</strong></span> <span class='ocrx_word' id='word_1_126' title='bbox 978 1332 1033 1372; x_wconf 88' lang='lat' dir='ltr'><strong>ad</strong></span> <span class='ocrx_word' id='word_1_127' title='bbox 1071 1332 1310 1384; x_wconf 86' lang='lat' dir='ltr'><strong>perfectam</strong></span> <span class='ocrx_word' id='word_1_128' title='bbox 1345 1334 1482 1372; x_wconf 86' lang='lat' dir='ltr'><strong>vitam</strong></span> <span class='ocrx_word' id='word_1_129' title='bbox 1515 1345 1616 1372; x_wconf 93' lang='lat' dir='ltr'><strong>con-</strong></span> 
     </span>
     <span class='ocr_line' id='line_1_17' title="bbox 146 1404 1616 1458; baseline 0 -13"><span class='ocrx_word' id='word_1_130' title='bbox 146 1404 298 1453; x_wconf 88' lang='lat' dir='ltr'><strong>tendit,</strong></span> <span class='ocrx_word' id='word_1_131' title='bbox 342 1405 377 1444; x_wconf 91' lang='lat' dir='ltr'><strong>is</strong></span> <span class='ocrx_word' id='word_1_132' title='bbox 419 1405 563 1457; x_wconf 88' lang='lat' dir='ltr'><strong>specie</strong></span> <span class='ocrx_word' id='word_1_133' title='bbox 605 1405 709 1445; x_wconf 87' lang='lat' dir='ltr'><strong>boni</strong></span> <span class='ocrx_word' id='word_1_134' title='bbox 747 1405 958 1458; x_wconf 87' lang='lat' dir='ltr'><strong>deceptus</strong></span> <span class='ocrx_word' id='word_1_135' title='bbox 1001 1406 1057 1446; x_wconf 85' lang='lat' dir='ltr'><strong>ab</strong></span> <span class='ocrx_word' id='word_1_136' title='bbox 1096 1407 1307 1446; x_wconf 86' lang='lat' dir='ltr'><strong>institutis</strong></span> <span class='ocrx_word' id='word_1_137' title='bbox 1348 1406 1535 1454; x_wconf 89' lang='lat' dir='ltr'><strong>aberrat,</strong></span> <span class='ocrx_word' id='word_1_138' title='bbox 1573 1412 1616 1445; x_wconf 92' lang='lat' dir='ltr'><strong>et</strong></span> 
     </span>
     <span class='ocr_line' id='line_1_18' title="bbox 148 1478 1453 1532; baseline 0.002 -15"><span class='ocrx_word' id='word_1_139' title='bbox 148 1478 287 1518; x_wconf 90' lang='lat' dir='ltr'><strong>inanis</strong></span> <span class='ocrx_word' id='word_1_140' title='bbox 310 1478 489 1518; x_wconf 89' lang='lat' dir='ltr'><strong>tandem</strong></span> <span class='ocrx_word' id='word_1_141' title='bbox 520 1484 586 1518; x_wconf 90' lang='lat' dir='ltr'><strong>est</strong></span> <span class='ocrx_word' id='word_1_142' title='bbox 614 1480 756 1519; x_wconf 90' lang='lat' dir='ltr'><strong>omnis</strong></span> <span class='ocrx_word' id='word_1_143' title='bbox 785 1479 878 1531; x_wconf 83' lang='lat' dir='ltr'><strong>ejus</strong></span> <span class='ocrx_word' id='word_1_144' title='bbox 906 1481 1131 1520; x_wconf 90' lang='lat' dir='ltr'><strong>contentio</strong></span> <span class='ocrx_word' id='word_1_145' title='bbox 1158 1486 1291 1532; x_wconf 85' lang='lat' dir='ltr'><strong>atque</strong></span> <span class='ocrx_word' id='word_1_146' title='bbox 1320 1479 1453 1519; x_wconf 87' lang='lat' dir='ltr'><strong>labor.</strong></span> 
     </span>
     <span class='ocr_line' id='line_1_19' title="bbox 235 1552 1614 1606; baseline 0.001 -15"><span class='ocrx_word' id='word_1_147' title='bbox 235 1552 385 1592; x_wconf 88' lang='lat' dir='ltr'><strong>Tertia</strong></span> <span class='ocrx_word' id='word_1_148' title='bbox 408 1552 574 1593; x_wconf 90' lang='lat' dir='ltr'><strong>utilitas</strong></span> <span class='ocrx_word' id='word_1_149' title='bbox 605 1559 682 1602; x_wconf 86' lang='lat' dir='ltr'><strong>cst,</strong></span> <span class='ocrx_word' id='word_1_150' title='bbox 707 1554 826 1606; x_wconf 86' lang='lat' dir='ltr'><strong>quod</strong></span> <span class='ocrx_word' id='word_1_151' title='bbox 853 1553 1233 1594; x_wconf 85' lang='lat' dir='ltr'><strong>Constitutionum</strong></span> <span class='ocrx_word' id='word_1_152' title='bbox 1257 1554 1504 1593; x_wconf 82' lang='lat' dir='ltr'><strong>observatio</strong></span> <span class='ocrx_word' id='word_1_153' title='bbox 1528 1567 1614 1593; x_wconf 86' lang='lat' dir='ltr'><strong>non</strong></span> 
     </span>
     <span class='ocr_line' id='line_1_20' title="bbox 149 1626 1615 1680; baseline 0.001 -15"><span class='ocrx_word' id='word_1_154' title='bbox 149 1626 283 1666; x_wconf 92' lang='lat' dir='ltr'><strong>modo</strong></span> <span class='ocrx_word' id='word_1_155' title='bbox 325 1626 505 1679; x_wconf 88' lang='lat' dir='ltr'><strong>prodest</strong></span> <span class='ocrx_word' id='word_1_156' title='bbox 541 1628 591 1676; x_wconf 87' lang='lat' dir='ltr'><strong>ei,</strong></span> <span class='ocrx_word' id='word_1_157' title='bbox 622 1627 696 1680; x_wconf 89' lang='lat' dir='ltr'><strong>qui</strong></span> <span class='ocrx_word' id='word_1_158' title='bbox 740 1642 813 1667; x_wconf 88' lang='lat' dir='ltr'><strong>eas</strong></span> <span class='ocrx_word' id='word_1_159' title='bbox 857 1634 1011 1676; x_wconf 80' lang='lat' dir='ltr'><strong>servat,</strong></span> <span class='ocrx_word' id='word_1_160' title='bbox 1043 1642 1192 1668; x_wconf 83' lang='lat' dir='ltr'><strong>verum</strong></span> <span class='ocrx_word' id='word_1_161' title='bbox 1231 1628 1364 1668; x_wconf 78' lang='lat' dir='ltr'><strong>etiam</strong></span> <span class='ocrx_word' id='word_1_162' title='bbox 1403 1627 1615 1667; x_wconf 78' lang='lat' dir='ltr'><strong>universae</strong></span> 
     </span>
     <span class='ocr_line' id='line_1_21' title="bbox 147 1700 1617 1753; baseline 0.001 -13"><span class='ocrx_word' id='word_1_163' title='bbox 147 1700 336 1750; x_wconf 77' lang='lat' dir='ltr'><strong>familiae,</strong></span> <span class='ocrx_word' id='word_1_164' title='bbox 367 1701 490 1753; x_wconf 90' lang='lat' dir='ltr'><strong>cujus</strong></span> <span class='ocrx_word' id='word_1_165' title='bbox 522 1708 587 1741; x_wconf 86' lang='lat' dir='ltr'><strong>est</strong></span> <span class='ocrx_word' id='word_1_166' title='bbox 621 1703 899 1752; x_wconf 85' lang='lat' dir='ltr'><strong>membrum;</strong></span> <span class='ocrx_word' id='word_1_167' title='bbox 943 1703 986 1742; x_wconf 90' lang='lat' dir='ltr'><strong>id</strong></span> <span class='ocrx_word' id='word_1_168' title='bbox 1019 1703 1243 1752; x_wconf 69' lang='lat' dir='ltr'><strong>etianrex</strong></span> <span class='ocrx_word' id='word_1_169' title='bbox 1275 1702 1359 1742; x_wconf 91' lang='lat' dir='ltr'><strong>hoc</strong></span> <span class='ocrx_word' id='word_1_170' title='bbox 1393 1702 1617 1742; x_wconf 88' lang='lat' dir='ltr'><strong>Constitu—</strong></span> 
     </span>
     <span class='ocr_line' id='line_1_22' title="bbox 148 1774 1616 1828; baseline 0 -14"><span class='ocrx_word' id='word_1_171' title='bbox 148 1774 318 1814; x_wconf 89' lang='lat' dir='ltr'><strong>tionum</strong></span> <span class='ocrx_word' id='word_1_172' title='bbox 343 1776 564 1815; x_wconf 86' lang='lat' dir='ltr'><strong>Prooemio</strong></span> <span class='ocrx_word' id='word_1_173' title='bbox 588 1775 771 1828; x_wconf 88' lang='lat' dir='ltr'><strong>planum</strong></span> <span class='ocrx_word' id='word_1_174' title='bbox 794 1782 870 1816; x_wconf 91' lang='lat' dir='ltr'><strong>est.</strong></span> <span class='ocrx_word' id='word_1_175' title='bbox 937 1777 1110 1816; x_wconf 88' lang='lat' dir='ltr'><strong>Dicitur</strong></span> <span class='ocrx_word' id='word_1_176' title='bbox 1132 1778 1248 1816; x_wconf 86' lang='lat' dir='ltr'><strong>enim</strong></span> <span class='ocrx_word' id='word_1_177' title='bbox 1272 1777 1421 1816; x_wconf 85' lang='lat' dir='ltr'><strong>divina</strong></span> <span class='ocrx_word' id='word_1_178' title='bbox 1442 1776 1616 1816; x_wconf 84' lang='lat' dir='ltr'><strong>bonitas</strong></span> 
     </span>
     <span class='ocr_line' id='line_1_23' title="bbox 152 1848 1614 1902; baseline -0.001 -13"><span class='ocrx_word' id='word_1_179' title='bbox 152 1848 421 1889; x_wconf 83' lang='lat' dir='ltr'><strong>Societatem</strong></span> <span class='ocrx_word' id='word_1_180' title='bbox 473 1855 782 1889; x_wconf 88' lang='lat' dir='ltr'><strong>conservatura</strong></span> <span class='ocrx_word' id='word_1_181' title='bbox 827 1850 1044 1902; x_wconf 86' lang='lat' dir='ltr'><strong>requirere</strong></span> <span class='ocrx_word' id='word_1_182' title='bbox 1090 1864 1265 1890; x_wconf 90' lang='lat' dir='ltr'><strong>suarum</strong></span> <span class='ocrx_word' id='word_1_183' title='bbox 1318 1856 1614 1890; x_wconf 88' lang='lat' dir='ltr'><strong>creaturarum</strong></span> 
     </span>
     <span class='ocr_line' id='line_1_24' title="bbox 149 1922 1613 1976; baseline 0.001 -15"><span class='ocrx_word' id='word_1_184' title='bbox 149 1922 514 1974; x_wconf 88' lang='lat' dir='ltr'><strong>cooperationem.</strong></span> <span class='ocrx_word' id='word_1_185' title='bbox 595 1922 725 1962; x_wconf 90' lang='lat' dir='ltr'><strong>Hanc</strong></span> <span class='ocrx_word' id='word_1_186' title='bbox 767 1929 916 1963; x_wconf 87' lang='lat' dir='ltr'><strong>autem</strong></span> <span class='ocrx_word' id='word_1_187' title='bbox 959 1924 1315 1976; x_wconf 85' lang='lat' dir='ltr'><strong>cooperationem</strong></span> <span class='ocrx_word' id='word_1_188' title='bbox 1358 1923 1613 1962; x_wconf 87' lang='lat' dir='ltr'><strong>dicebamus</strong></span> 
     </span>
     <span class='ocr_line' id='line_1_25' title="bbox 148 1995 1613 2050; baseline 0.001 -16"><span class='ocrx_word' id='word_1_189' title='bbox 148 2008 243 2035; x_wconf 84' lang='lat' dir='ltr'><strong>esse</strong></span> <span class='ocrx_word' id='word_1_190' title='bbox 275 1995 655 2035; x_wconf 89' lang='lat' dir='ltr'><strong>Constitutionum</strong></span> <span class='ocrx_word' id='word_1_191' title='bbox 687 1996 955 2049; x_wconf 87' lang='lat' dir='ltr'><strong>adjumenta,</strong></span> <span class='ocrx_word' id='word_1_192' title='bbox 979 2011 1078 2050; x_wconf 58' lang='lat' dir='ltr'><strong>quae</strong></span> <span class='ocrx_word' id='word_1_193' title='bbox 1111 2011 1136 2036; x_wconf 91' lang='lat' dir='ltr'><strong>a</strong></span> <span class='ocrx_word' id='word_1_194' title='bbox 1163 1997 1395 2036; x_wconf 86' lang='lat' dir='ltr'><strong>fundatore</strong></span> <span class='ocrx_word' id='word_1_195' title='bbox 1424 1996 1613 2036; x_wconf 75' lang='lat' dir='ltr'><strong>condita:</strong></span> 
     </span>
     <span class='ocr_line' id='line_1_26' title="bbox 145 2071 1612 2123; baseline 0.001 -14"><span class='ocrx_word' id='word_1_196' title='bbox 145 2075 281 2121; x_wconf 86' lang='lat' dir='ltr'><strong>atque</strong></span> <span class='ocrx_word' id='word_1_197' title='bbox 312 2071 578 2122; x_wconf 75' lang='lat' dir='ltr'><strong>praescriptae</strong></span> <span class='ocrx_word' id='word_1_198' title='bbox 612 2076 839 2110; x_wconf 86' lang='lat' dir='ltr'><strong>serventur</strong></span> <span class='ocrx_word' id='word_1_199' title='bbox 869 2084 894 2110; x_wconf 86' lang='lat' dir='ltr'><strong>a</strong></span> <span class='ocrx_word' id='word_1_200' title='bbox 926 2071 1117 2123; x_wconf 84' lang='lat' dir='ltr'><strong>singulis.</strong></span> <span class='ocrx_word' id='word_1_201' title='bbox 1208 2072 1372 2110; x_wconf 84' lang='lat' dir='ltr'><strong>Earum</strong></span> <span class='ocrx_word' id='word_1_202' title='bbox 1407 2071 1538 2123; x_wconf 89' lang='lat' dir='ltr'><strong>igitur</strong></span> <span class='ocrx_word' id='word_1_203' title='bbox 1570 2071 1612 2110; x_wconf 91' lang='lat' dir='ltr'><strong>in</strong></span> 
     </span>
     <span class='ocr_line' id='line_1_27' title="bbox 147 2143 1610 2197; baseline 0.001 -15"><span class='ocrx_word' id='word_1_204' title='bbox 147 2143 329 2195; x_wconf 87' lang='lat' dir='ltr'><strong>singulis</strong></span> <span class='ocrx_word' id='word_1_205' title='bbox 366 2143 615 2184; x_wconf 84' lang='lat' dir='ltr'><strong>observatio</strong></span> <span class='ocrx_word' id='word_1_206' title='bbox 657 2144 713 2183; x_wconf 90' lang='lat' dir='ltr'><strong>ad</strong></span> <span class='ocrx_word' id='word_1_207' title='bbox 753 2144 919 2184; x_wconf 89' lang='lat' dir='ltr'><strong>bonum</strong></span> <span class='ocrx_word' id='word_1_208' title='bbox 956 2145 1146 2197; x_wconf 89' lang='lat' dir='ltr'><strong>pertinet</strong></span> <span class='ocrx_word' id='word_1_209' title='bbox 1183 2144 1374 2197; x_wconf 89' lang='lat' dir='ltr'><strong>corporis</strong></span> <span class='ocrx_word' id='word_1_210' title='bbox 1412 2145 1610 2184; x_wconf 87' lang='lat' dir='ltr'><strong>universi.</strong></span> 
     </span>
     <span class='ocr_line' id='line_1_28' title="bbox 147 2216 1613 2271; baseline 0.001 -15"><span class='ocrx_word' id='word_1_211' title='bbox 147 2216 265 2256; x_wconf 90' lang='lat' dir='ltr'><strong>Nam</strong></span> <span class='ocrx_word' id='word_1_212' title='bbox 300 2230 400 2256; x_wconf 89' lang='lat' dir='ltr'><strong>cum</strong></span> <span class='ocrx_word' id='word_1_213' title='bbox 435 2231 492 2257; x_wconf 80' lang='lat' dir='ltr'><strong>ex</strong></span> <span class='ocrx_word' id='word_1_214' title='bbox 528 2218 724 2270; x_wconf 87' lang='lat' dir='ltr'><strong>partibus</strong></span> <span class='ocrx_word' id='word_1_215' title='bbox 756 2224 901 2257; x_wconf 90' lang='lat' dir='ltr'><strong>totum</strong></span> <span class='ocrx_word' id='word_1_216' title='bbox 931 2224 1114 2267; x_wconf 87' lang='lat' dir='ltr'><strong>constet,</strong></span> <span class='ocrx_word' id='word_1_217' title='bbox 1139 2225 1182 2258; x_wconf 88' lang='lat' dir='ltr'><strong>et</strong></span> <span class='ocrx_word' id='word_1_218' title='bbox 1214 2233 1271 2258; x_wconf 76' lang='lat' dir='ltr'><strong>ex</strong></span> <span class='ocrx_word' id='word_1_219' title='bbox 1306 2218 1488 2271; x_wconf 88' lang='lat' dir='ltr'><strong>singulis</strong></span> <span class='ocrx_word' id='word_1_220' title='bbox 1519 2218 1613 2257; x_wconf 92' lang='lat' dir='ltr'><strong>uni-</strong></span> 
     </span>
     <span class='ocr_line' id='line_1_29' title="bbox 144 2291 1610 2345; baseline 0.002 -15"><span class='ocrx_word' id='word_1_221' title='bbox 144 2291 336 2340; x_wconf 76' lang='lat' dir='ltr'><strong>versitas,</strong></span> <span class='ocrx_word' id='word_1_222' title='bbox 357 2292 391 2331; x_wconf 88' lang='lat' dir='ltr'><strong>si</strong></span> <span class='ocrx_word' id='word_1_223' title='bbox 409 2292 569 2344; x_wconf 88' lang='lat' dir='ltr'><strong>singuli</strong></span> <span class='ocrx_word' id='word_1_224' title='bbox 588 2291 967 2332; x_wconf 87' lang='lat' dir='ltr'><strong>Constitutionum</strong></span> <span class='ocrx_word' id='word_1_225' title='bbox 986 2307 1032 2332; x_wconf 87' lang='lat' dir='ltr'><strong>se</strong></span> <span class='ocrx_word' id='word_1_226' title='bbox 1049 2292 1354 2333; x_wconf 84' lang='lat' dir='ltr'><strong>observatione</strong></span> <span class='ocrx_word' id='word_1_227' title='bbox 1370 2292 1610 2345; x_wconf 87' lang='lat' dir='ltr'><strong>perficiant,</strong></span> 
     </span>
     <span class='ocr_line' id='line_1_30' title="bbox 144 2365 1611 2419; baseline 0.002 -15"><span class='ocrx_word' id='word_1_228' title='bbox 144 2365 240 2417; x_wconf 89' lang='lat' dir='ltr'><strong>quis</strong></span> <span class='ocrx_word' id='word_1_229' title='bbox 263 2365 447 2415; x_wconf 86' lang='lat' dir='ltr'><strong>dubitet,</strong></span> <span class='ocrx_word' id='word_1_230' title='bbox 464 2366 569 2418; x_wconf 91' lang='lat' dir='ltr'><strong>quin</strong></span> <span class='ocrx_word' id='word_1_231' title='bbox 592 2366 747 2406; x_wconf 90' lang='lat' dir='ltr'><strong>eadem</strong></span> <span class='ocrx_word' id='word_1_232' title='bbox 771 2380 905 2419; x_wconf 90' lang='lat' dir='ltr'><strong>opera</strong></span> <span class='ocrx_word' id='word_1_233' title='bbox 927 2381 977 2406; x_wconf 87' lang='lat' dir='ltr'><strong>ac</strong></span> <span class='ocrx_word' id='word_1_234' title='bbox 992 2373 1189 2419; x_wconf 86' lang='lat' dir='ltr'><strong>tempore</strong></span> <span class='ocrx_word' id='word_1_235' title='bbox 1214 2366 1388 2419; x_wconf 90' lang='lat' dir='ltr'><strong>Religio</strong></span> <span class='ocrx_word' id='word_1_236' title='bbox 1411 2366 1611 2407; x_wconf 86' lang='lat' dir='ltr'><strong>universa</strong></span> 
     </span>
     <span class='ocr_line' id='line_1_31' title="bbox 145 2437 1612 2494; baseline 0.003 -17"><span class='ocrx_word' id='word_1_237' title='bbox 145 2437 292 2490; x_wconf 89' lang='lat' dir='ltr'><strong>perfici</strong></span> <span class='ocrx_word' id='word_1_238' title='bbox 335 2439 527 2479; x_wconf 88' lang='lat' dir='ltr'><strong>debeat?</strong></span> <span class='ocrx_word' id='word_1_239' title='bbox 592 2440 777 2490; x_wconf 87' lang='lat' dir='ltr'><strong>Deinde,</strong></span> <span class='ocrx_word' id='word_1_240' title='bbox 816 2441 918 2493; x_wconf 86' lang='lat' dir='ltr'><strong>quia</strong></span> <span class='ocrx_word' id='word_1_241' title='bbox 950 2455 1049 2480; x_wconf 89' lang='lat' dir='ltr'><strong>cum</strong></span> <span class='ocrx_word' id='word_1_242' title='bbox 1088 2442 1185 2494; x_wconf 85' lang='lat' dir='ltr'><strong>quis</strong></span> <span class='ocrx_word' id='word_1_243' title='bbox 1227 2442 1283 2481; x_wconf 91' lang='lat' dir='ltr'><strong>ad</strong></span> <span class='ocrx_word' id='word_1_244' title='bbox 1323 2441 1612 2481; x_wconf 89' lang='lat' dir='ltr'><strong>Constitutio-</strong></span> 
     </span>
     <span class='ocr_line' id='line_1_32' title="bbox 146 2515 1609 2567; baseline 0.003 -17"><span class='ocrx_word' id='word_1_245' title='bbox 146 2523 250 2551; x_wconf 90' lang='lat' dir='ltr'><strong>num</strong></span> <span class='ocrx_word' id='word_1_246' title='bbox 307 2526 508 2553; x_wconf 88' lang='lat' dir='ltr'><strong>normam</strong></span> <span class='ocrx_word' id='word_1_247' title='bbox 568 2527 669 2553; x_wconf 90' lang='lat' dir='ltr'><strong>suas</strong></span> <span class='ocrx_word' id='word_1_248' title='bbox 723 2528 875 2554; x_wconf 90' lang='lat' dir='ltr'><strong>omnes</strong></span> <span class='ocrx_word' id='word_1_249' title='bbox 938 2515 1132 2555; x_wconf 89' lang='lat' dir='ltr'><strong>actiones</strong></span> <span class='ocrx_word' id='word_1_250' title='bbox 1185 2516 1411 2567; x_wconf 86' lang='lat' dir='ltr'><strong>vitamque</strong></span> <span class='ocrx_word' id='word_1_251' title='bbox 1467 2521 1609 2556; x_wconf 90' lang='lat' dir='ltr'><strong>totam</strong></span> 
     </span>
     <span class='ocr_line' id='line_1_33' title="bbox 145 2584 1609 2642; baseline 0.003 -18"><span class='ocrx_word' id='word_1_252' title='bbox 145 2584 301 2637; x_wconf 89' lang='lat' dir='ltr'><strong>dirigit,</strong></span> <span class='ocrx_word' id='word_1_253' title='bbox 355 2587 524 2626; x_wconf 82' lang='lat' dir='ltr'><strong>caeteris</strong></span> <span class='ocrx_word' id='word_1_254' title='bbox 575 2593 641 2627; x_wconf 90' lang='lat' dir='ltr'><strong>est</strong></span> <span class='ocrx_word' id='word_1_255' title='bbox 705 2588 912 2641; x_wconf 83' lang='lat' dir='ltr'><strong>exemplo</strong></span> <span class='ocrx_word' id='word_1_256' title='bbox 977 2589 1128 2628; x_wconf 88' lang='lat' dir='ltr'><strong>similis</strong></span> <span class='ocrx_word' id='word_1_257' title='bbox 1181 2589 1435 2642; x_wconf 78' lang='lat' dir='ltr'><strong>disciplinae,</strong></span> <span class='ocrx_word' id='word_1_258' title='bbox 1491 2590 1609 2642; x_wconf 89' lang='lat' dir='ltr'><strong>quod</strong></span> 
     </span>
     <span class='ocr_line' id='line_1_34' title="bbox 143 2652 1610 2714; baseline 0.004 -18"><span class='ocrx_word' id='word_1_259' title='bbox 143 2658 305 2697; x_wconf 89' lang='lat' dir='ltr'><strong>sensim</strong></span> <span class='ocrx_word' id='word_1_260' title='bbox 332 2666 485 2700; x_wconf 89' lang='lat' dir='ltr'><strong>manat</strong></span> <span class='ocrx_word' id='word_1_261' title='bbox 513 2660 569 2700; x_wconf 88' lang='lat' dir='ltr'><strong>ad</strong></span> <span class='ocrx_word' id='word_1_262' title='bbox 602 2661 791 2712; x_wconf 88' lang='lat' dir='ltr'><strong>multos;</strong></span> <span class='ocrx_word' id='word_1_263' title='bbox 823 2676 880 2701; x_wconf 76' lang='lat' dir='ltr'><strong>ex</strong></span> <span class='ocrx_word' id='word_1_264' title='bbox 910 2675 998 2714; x_wconf 87' lang='lat' dir='ltr'><strong>quo</strong></span> <span class='ocrx_word' id='word_1_265' title='bbox 1028 2662 1222 2712; x_wconf 88' lang='lat' dir='ltr'><strong>efficitur,</strong></span> <span class='ocrx_word' id='word_1_266' title='bbox 1255 2652 1402 2714; x_wconf 85' lang='lat' dir='ltr'><strong>utqui</strong></span> <span class='ocrx_word' id='word_1_267' title='bbox 1439 2662 1610 2703; x_wconf 88' lang='lat' dir='ltr'><strong>Consti-</strong></span> 
     </span>
     <span class='ocr_line' id='line_1_35' title="bbox 144 2731 1609 2788; baseline 0.004 -18"><span class='ocrx_word' id='word_1_268' title='bbox 144 2731 335 2771; x_wconf 85' lang='lat' dir='ltr'><strong>tutiones</strong></span> <span class='ocrx_word' id='word_1_269' title='bbox 373 2733 557 2786; x_wconf 87' lang='lat' dir='ltr'><strong>negligit</strong></span> <span class='ocrx_word' id='word_1_270' title='bbox 593 2740 669 2774; x_wconf 87' lang='lat' dir='ltr'><strong>aut</strong></span> <span class='ocrx_word' id='word_1_271' title='bbox 703 2734 849 2785; x_wconf 88' lang='lat' dir='ltr'><strong>violat,</strong></span> <span class='ocrx_word' id='word_1_272' title='bbox 882 2736 928 2785; x_wconf 92' lang='lat' dir='ltr'><strong>is,</strong></span> <span class='ocrx_word' id='word_1_273' title='bbox 962 2737 1080 2788; x_wconf 90' lang='lat' dir='ltr'><strong>quod</strong></span> <span class='ocrx_word' id='word_1_274' title='bbox 1123 2738 1166 2776; x_wconf 90' lang='lat' dir='ltr'><strong>in</strong></span> <span class='ocrx_word' id='word_1_275' title='bbox 1204 2751 1250 2776; x_wconf 89' lang='lat' dir='ltr'><strong>se</strong></span> <span class='ocrx_word' id='word_1_276' title='bbox 1287 2743 1362 2785; x_wconf 82' lang='lat' dir='ltr'><strong>est,</strong></span> <span class='ocrx_word' id='word_1_277' title='bbox 1399 2738 1609 2776; x_wconf 82' lang='lat' dir='ltr'><strong>universae</strong></span> 
     </span>
     <span class='ocr_line' id='line_1_36' title="bbox 144 2803 1612 2861; baseline 0.005 -18"><span class='ocrx_word' id='word_1_278' title='bbox 144 2803 201 2844; x_wconf 87' lang='lat' dir='ltr'><strong>sit</strong></span> <span class='ocrx_word' id='word_1_279' title='bbox 242 2805 484 2858; x_wconf 60' lang='lat' dir='ltr'><strong>disciplinae</strong></span> <span class='ocrx_word' id='word_1_280' title='bbox 532 2808 757 2860; x_wconf 90' lang='lat' dir='ltr'><strong>pernicies,</strong></span> <span class='ocrx_word' id='word_1_281' title='bbox 797 2810 1006 2861; x_wconf 88' lang='lat' dir='ltr'><strong>quoniam</strong></span> <span class='ocrx_word' id='word_1_282' title='bbox 1056 2824 1135 2849; x_wconf 90' lang='lat' dir='ltr'><strong>suo</strong></span> <span class='ocrx_word' id='word_1_283' title='bbox 1178 2816 1359 2850; x_wconf 82' lang='lat' dir='ltr'><strong>caeteros</strong></span> <span class='ocrx_word' id='word_1_284' title='bbox 1401 2811 1526 2850; x_wconf 87' lang='lat' dir='ltr'><strong>vitiat</strong></span> <span class='ocrx_word' id='word_1_285' title='bbox 1569 2817 1612 2850; x_wconf 90' lang='lat' dir='ltr'><strong>et</strong></span> 
     </span>
    </p>
   </div>
   <div class='ocr_carea' id='block_1_3' title="bbox 702 2896 1051 2939">
    <p class='ocr_par' dir='ltr' id='par_1_3' title="bbox 702 2896 1051 2939">
     <span class='ocr_line' id='line_1_37' title="bbox 702 2896 1051 2939; baseline 0 -8"><span class='ocrx_word' id='word_1_286' title='bbox 702 2896 714 2916; x_wconf 74' lang='lat'>1</span> <span class='ocrx_word' id='word_1_287' title='bbox 740 2899 810 2931; x_wconf 85' lang='lat' dir='ltr'><strong>Ser.</strong></span> <span class='ocrx_word' id='word_1_288' title='bbox 834 2907 873 2939; x_wconf 92' lang='lat'><strong>19</strong></span> <span class='ocrx_word' id='word_1_289' title='bbox 896 2899 930 2930; x_wconf 90' lang='lat' dir='ltr'><strong>in</strong></span> <span class='ocrx_word' id='word_1_290' title='bbox 955 2900 1051 2931; x_wconf 87' lang='lat' dir='ltr'><strong>Cant.</strong></span> 
     </span>
    </p>
   </div>
  </div>
 </body>
</html>
