1903 3197
279 210 334 240 22
549 193 629 238 De
664 192 708 239 C
705 192 1078 239 onstz'tutz‘onum
1119 191 1465 238 Observa'h‘one.

273 324 558 379 adimplenda
594 325 801 378 consequi
831 326 978 366 divina
1014 326 1154 378 gratia
1186 325 1347 365 comite
1381 337 1469 364 non
1506 323 1739 376 possimus-

274 400 349 440 Ad
392 400 506 440 hanc
556 405 705 439 autem
747 399 1085 447 observantiam,
1131 405 1177 439 ut
1225 399 1279 438 sit
1320 404 1536 443 constans
1579 398 1744 436 amoris

273 472 478 513 videlicet
519 473 671 526 spiritu
714 487 824 526 opus
866 479 942 521 est,
985 479 1033 513 ut
1085 486 1215 525 supra
1267 471 1518 524 significavi.
1584 470 1746 522 Neque

274 547 391 587 enim
414 547 519 587 satis
542 548 749 587 diuturna
772 561 865 587 esse
887 552 1044 599 potest,
1066 548 1099 586 si
1123 547 1271 599 potius
1295 551 1412 585 metu
1437 558 1569 597 quam
1593 558 1746 584 amore

276 627 511 661 serventur.
575 621 692 660 Nam
716 621 790 673 qui
813 621 1001 673 diligunt
1025 621 1183 668 Deum,
1210 617 1565 660 Ecclesiasticus1
1590 618 1742 670 inquit,

277 695 559 747 replebuntur
589 694 685 747 lege
712 695 832 747 ejus;
876 701 918 734 et
948 700 996 734 ut
1030 695 1248 733 Dominus
1278 693 1395 746 apud
1418 693 1636 745 Joannem
1671 692 1750 739 ait„

280 767 326 808 Si
363 769 460 820 quis
493 768 635 821 diligit
667 782 748 817 me,
789 782 1035 808 sermonem
1070 781 1216 807 meum
1255 767 1452 807 servabit.
1519 766 1750 806 Constitu-v

276 844 418 882 tiones
441 849 588 882 autem
619 849 778 882 nostrae
802 856 1025 882 sermones
1048 841 1380 894 quodammodo
1412 842 1619 894 legesque
1642 847 1743 880 sunt

279 917 394 965 Dei;
428 916 690 968 evangelicis
732 917 895 969 quippe
933 917 1049 956 nixae
1092 916 1295 964 consiliis,
1329 914 1545 967 quidquid
1583 915 1742 954 animis

276 991 467 1030 salutare
517 991 787 1043 praecipiunt,
833 1005 889 1030 ex
942 991 1036 1043 ipso
1087 989 1299 1042 evangelii
1343 989 1463 1029 fonte
1515 989 1714 1029 derivant
1735 1002 1750 1027 ;Δ

277 1078 427 1104 amore
464 1064 595 1116 igitur
630 1065 788 1104 servari
827 1070 869 1103 et
906 1065 1113 1103 custodiri
1152 1077 1197 1102 56
1234 1062 1396 1102 volunt.
1460 1062 1612 1114 Atque
1648 1061 1751 1101 haec‘

278 1137 334 1177 de
367 1138 500 1177 modo
533 1139 648 1177 satis,

366 1211 534 1258 Restat,
574 1217 632 1258 ut,
671 1212 788 1263 quod
827 1212 955 1251 tertio
993 1210 1089 1251 1060
1131 1211 1404 1263 propositum
1444 1215 1546 1257 erat,
1586 1209 1752 1261 quibus-

278 1284 453 1323 auxiliis
505 1284 715 1324 mediisve
772 1284 943 1324 facilem
1009 1285 1133 1324 nobis
1191 1298 1339 1324 earum
1393 1284 1748 1323 observationem·

278 1358 513 1398 reddamus
545 1372 601 1397 ex
635 1358 790 1398 iisdem
826 1358 1227 1399 Constitutionibus
1255 1372 1543 1411 exponamus

872 1611 1030 1653 PARS
1068 1613 1150 1652 III.

467 1719 530 1749 DE
562 1719 786 1750 AUXILHS
820 1720 880 1750 ET
914 1721 1086 1751 MEDHS
1118 1721 1278 1761 JUXTA
1314 1721 1553 1751 REGULAM

655 1784 808 1816 SUMM.
845 1785 906 1827 52.
942 1787 1004 1816 EX
1039 1786 1206 1817 CONST.
1243 1787 1277 1817 Γ.
1310 1789 1367 1817 ΙΟ.

367 1873 565 1913 “Omnes
588 1874 768 1913 demum
793 1875 1087 1915 observationi
1113 1876 1490 1916 Constitutionum
1520 1876 1754 1915 studeantt·

279 1947 334 1986 ad
359 1961 492 1999 quam
517 1948 696 1987 easdem
719 1949 839 1997 scire,
863 1948 1019 1988 saltem
1044 1963 1142 2001 quae
1166 1951 1222 1990 ad
1245 1950 1488 2002 quemlibet
1514 1951 1745 2003 pertinent,

280 2034 457 2060 necesse
500 2027 565 2060 est
588 2035 594 2060 :
648 2035 783 2073 quare
826 2021 970 2074 legere
1011 2024 1079 2063 vel
1132 2023 1283 2063 audire
1335 2024 1511 2064 easdem
1565 2025 1747 2076 singulis

281 2095 505 2134 mensibus
529 2094 788 2146 oportebit.''

367 2168 472 2207 Tria
503 2168 627 2207 nobis
657 2168 823 2207 auxilia
853 2169 908 2208 ad
933 2169 1170 2209 faciliorem
1200 2170 1577 2210 Constitutionum
1601 2172 1748 2211 obser—

280 2241 502 2281 vationem
521 2240 871 2281 Constitutiones
888 2243 993 2294 ipsae
1008 2244 1305 2295 suppeditant.
1326 2245 1533 2294 Primum,
1549 2246 1745 2285 crebram

281 2328 431 2355 earum
465 2315 710 2362 lectionem,
735 2329 833 2367 quae
867 2315 1037 2356 illarum
1070 2323 1113 2356 et
1146 2317 1372 2357 scientiam
1405 2319 1557 2370 pariat,
1582 2325 1625 2358 et
1658 2332 1747 2358 me-

284 2388 469 2427 moriam
500 2395 690 2428 renovet.
755 2388 875 2428 Dicit
902 2390 1017 2429 enim
1043 2390 1311 2431 Constitutio
1338 2391 1460 2431 hzec:
1495 2391 1568 2431 Ad
1599 2405 1744 2443 quarn,

282 2461 446 2501 scilicet
469 2461 831 2510 observationem,
858 2463 1035 2503 easdem
1066 2464 1184 2512 scire,
1210 2465 1365 2505 saltem
1392 2479 1490 2517 quae
1513 2465 1567 2504 ad
1595 2478 1755 2516 quem--

283 2534 391 2574 libet
442 2535 674 2587 pertinent,
728 2549 904 2576 necesse
957 2543 1031 2577 est.
1125 2538 1257 2590 Quod
1311 2545 1457 2578 autem
1517 2538 1600 2578 hoc
1652 2537 1747 2578 loco

285 2607 556 2648 Constitutio
574 2609 679 2648 dicit
698 2609 870 2657 “scire,''
887 2610 929 2649 in
947 2611 1097 2663 regula
1113 2612 1335 2651 communi
1351 2617 1573 2664 postrema
1591 2612 1751 2651 dicitur

283 2681 605 2734 “intelligere'':
631 2682 870 2734 “Singuli,'’
894 2684 1046 2737 inquit,
1064 2685 1172 2725 “has
1195 2685 1367 2738 regulas
1396 2684 1589 2724 habeant
1615 2691 1658 2725 et
1685 2685 1758 2724 in·-

284 2754 524 2808 telligant.''
560 2755 750 2795 Necesse
775 2763 840 2796 est
863 2757 978 2796 enim
1007 2772 1156 2798 earum
1184 2765 1333 2798 tenere
1359 2758 1586 2797 scientiam
1617 2763 1754 2809 atque

285 2828 634 2881 intelligentiam,
657 2835 716 2879 ut,
737 2843 835 2870 cum
860 2845 969 2883 opus
994 2832 1134 2881 fuerit,
1158 2832 1213 2871 ad
1238 2832 1456 2871 actionem
1480 2836 1757 2871 revocentuiz.

958 2918 968 2937 ¹
995 2921 1032 2952 C.
1053 2929 1082 2952 2.
