1903 3197
316 181 405 237 196
630 179 712 225 De
744 181 935 226 ratione
967 183 1160 229 vivendi
1193 182 1452 229 Socielatz's.

395 310 684 352 Confirmavit
715 312 809 353 haec
842 314 974 354 etiam
1008 314 1053 354 B.
1074 314 1335 367 Gregorius:
1386 319 1407 335 “
1428 314 1585 364 Prius,’'
1623 316 1774 368 inquit,

305 386 696 438 “conspersionem
735 388 1075 441 uniuscujusque
1116 389 1324 441 antiquus
1362 388 1636 429 adversarius
1678 403 1773 442 per-

304 457 443 511 spicit,
468 465 511 499 et
533 465 636 500 tunc
659 462 915 502 tentationis
948 462 1127 515 laqueos
1162 463 1354 515 apponit.
1419 463 1550 503 Alius
1583 477 1774 516 namque

303 532 426 582 laetis,
469 533 579 574 alius
620 535 827 586 tristibus,
870 536 979 576 alius
1021 537 1198 585 timidis,
1249 537 1359 576 alius
1404 536 1527 576 elatis
1580 538 1774 577 moribus

301 606 480 647 existit:
514 621 601 660 quo
623 623 726 662 ergo
753 610 949 650 occultus
982 610 1253 650 adversarius
1278 610 1404 650 facile
1427 611 1583 663 capiat,
1607 612 1773 652 vicinas

301 682 684 733 conspersionibus
726 683 1008 736 deceptiones
1061 690 1198 737 parat.
1276 683 1392 736 Quia
1435 685 1552 723 enim
1606 684 1770 725 laetitiae

300 755 503 808 voluptas
528 756 661 808 juxta
690 763 766 806 est,
792 758 903 798 laetis
938 759 1132 798 moribus
1157 759 1376 798 luxuriam
1401 759 1635 811 proponit:
1669 759 1771 811 quia

302 829 478 870 tristitia
511 831 552 870 in
586 831 693 871 iram
722 831 847 872 facile
881 832 1050 882 labitur,
1074 833 1272 872 tristibus
1299 832 1507 885 poculum
1540 833 1772 873 discordiae

301 904 516 958 porrigit;
570 907 672 958 quia
724 906 865 946 timidi
931 906 1144 959 supplicia
1208 907 1456 953 formidant,
1509 907 1772 960 paventibus

301 984 487 1019 terrores
533 979 749 1028 intentat;
803 986 846 1019 et
889 981 991 1032 quia
1036 981 1176 1020 elatos
1218 980 1373 1020 extolli
1426 980 1629 1021 laudibus
1671 995 1772 1022 con-

299 1053 436 1105 spicit,
470 1067 543 1092 eos
581 1053 637 1093 ad
676 1067 863 1106 quaequc
895 1054 1081 1094 voluerit
1120 1053 1292 1094 blandis
1324 1054 1547 1094 favoribus
1578 1055 1771 1095 trahit.''1

300 1125 359 1166 Et
410 1126 682 1167 Bernardus:
732 1127 858 1167 “Hic
901 1127 1001 1176 est‚’‘
1051 1128 1202 1180 inquit,
1249 1128 1358 1180 “qui
1399 1128 1564 1180 jugiter
1608 1128 1770 1168 machi-

300 1205 428 1241 natur
464 1200 642 1251 malum,
676 1202 749 1254 qui
784 1202 999 1242 desideria
1034 1202 1175 1242 carnis
1209 1202 1399 1255 instigat,
1434 1202 1508 1254 qui
1540 1203 1769 1256 concupis-

300 1274 454 1314 centiae
487 1275 633 1327 ignem
668 1276 911 1316 naturalem
942 1275 1275 1328 quodammodo
1298 1277 1526 1316 venenatis
1555 1278 1770 1329 suggesti—

298 1349 456 1389 onibus
478 1349 635 1399 sufflat,
660 1349 833 1390 illicitos
864 1355 1011 1390 motus
1045 1350 1302 1399 inflammat,
1326 1351 1494 1403 peccati
1519 1351 1770 1392 occasiones

297 1429 435 1475 parat,
460 1430 503 1464 et
526 1424 646 1464 mille
669 1424 855 1464 nocendi
885 1424 1053 1464 artibus
1076 1425 1209 1464 corda
1235 1424 1466 1464 hominum
1490 1431 1660 1465 tentare
1683 1439 1770 1466 non

296 1503 449 1538 cessat.
515 1498 601 1538 Hic
625 1504 690 1538 est
712 1499 785 1551 qui
817 1511 974 1538 manus
1002 1504 1172 1539 nostras
1199 1499 1376 1552 proprio
1398 1498 1573 1552 cingulo
1603 1499 1768 1552 alligat,

300 1577 353 1620 et,
382 1577 431 1612 ut
456 1572 624 1622 dicitur,
652 1572 808 1613 baculo
843 1579 992 1613 nostro
1023 1586 1102 1613 nos
1131 1573 1288 1623 caedit;
1323 1579 1370 1613 ut
1396 1587 1508 1621 caro,
1534 1587 1632 1625 quae
1665 1574 1770 1615 data

298 1651 366 1686 est
402 1645 445 1685 in
484 1646 764 1698 adjutorium,
801 1647 843 1686 in
881 1647 1051 1686 ruinam
1089 1647 1213 1686 nobis
1249 1652 1292 1686 et
1325 1646 1367 1686 in
1401 1646 1606 1699 laqueum
1639 1646 1773 1687 fiat.‘'²'

301 1719 428 1760 Idem
481 1721 524 1759 in
578 1721 722 1761 Tract.
771 1721 825 1760 de
886 1721 1054 1761 Ordine
1105 1722 1237 1761 vitae:
1301 1720 1412 1760 “Ex
1468 1720 1554 1768 ea,''
1616 1721 1769 1773 inquit,

298 1795 461 1846 “parte
502 1793 728 1834 hominem
772 1794 974 1834 diabolus
1011 1800 1165 1841 tentat,
1205 1808 1292 1846 qua
1335 1807 1435 1833 eum
1479 1807 1556 1846 per
1597 1807 1771 1835 excres-

299 1872 471 1907 centem
514 1867 743 1908 humorem
788 1867 914 1907 facile
957 1868 1010 1907 ad
1060 1868 1166 1907 vitia
1209 1867 1404 1907 inclinari
1452 1867 1678 1920 conspicit,
1722 1874 1771 1908 ut

299 1941 542 1981 secundum
565 1941 761 1981 humoris
784 1942 1141 1994 conspersionem
1165 1940 1374 1982 adhibeat
1397 1939 1751 1981 tentationem.‘’3

302 2015 575 2069 Exemplum
632 2016 757 2069 ponit
814 2016 1038 2069 Didymus
1096 2016 1138 2055 in
1195 2016 1312 2068 Juda
1364 2015 1598 2068 proditore,
1645 2015 1769 2068 cujus

299 2091 432 2131 verba
467 2091 529 2130 sic
565 2091 877 2143 interpretatus
920 2096 986 2130 est
1025 2090 1070 2130 Β.
1098 2089 1428 2141 Hieronymus:
1478 2089 1770 2130 “Observans

299 2163 513 2213 diabolus,
549 2163 813 2215 quibusdam
859 2163 1052 2203 motibus
1095 2169 1138 2203 et
1180 2163 1487 2215 operationum
1532 2162 1677 2215 signis,
1713 2163 1770 2203 ad

298 2249 400 2289 quae
437 2236 717 2289 potissimum
754 2236 859 2276 vitia
895 2236 1023 2288 Judae
1061 2250 1135 2276 cor
1171 2242 1285 2276 esset
1327 2236 1582 2289 proclivum,
1615 2237 1768 2289 depre-

301 2310 455 2350 hendit
487 2324 587 2350 eum
621 2316 772 2363 patere
802 2310 969 2350 insidiis
1002 2310 1208 2359 avaritiae‚
1240 2317 1293 2358 et,
1319 2316 1492 2363 reperta
1514 2310 1768 2363 cupiditatis

297 2383 444 2436 janua,
479 2383 596 2424 misit
628 2383 671 2423 in
705 2390 898 2424 mentem
933 2383 1027 2436 ejus
1054 2385 1279 2436 quomodo
1311 2384 1605 2425 desideratam
1639 2398 1770 2437 pecu—

300 2458 421 2498 niam
453 2458 680 2510 acciperet,
712 2463 756 2497 et
784 2471 862 2510 per
889 2457 1165 2498 occasionem
1199 2457 1303 2498 lucri
1336 2458 1535 2511 proditor
1564 2458 1767 2510 Magistri

302 2538 345 2572 et
379 2530 619 2572 Salvatoris
652 2531 717 2571 sui
747 2532 969 2580 existeret,
999 2537 1230 2584 argentum
1263 2545 1342 2585 pro
1374 2532 1540 2584 pietate
1572 2545 1768 2572 commu-

298 2610 409 2655 tans,
433 2611 475 2645 et
497 2604 736 2658 suscipiens
759 2605 948 2657 pretium
971 2606 1143 2645 sceleris
1166 2620 1191 2646 a
1214 2605 1443 2646 Pharisaeis
1466 2612 1510 2646 et
1531 2606 1707 2658 Judaeis.

390 2684 444 2718 2³.
472 2678 684 2731 Objectio.
751 2678 839 2719 Cur
871 2679 913 2718 in
937 2679 1085 2731 regula
1118 2693 1205 2719 non
1237 2680 1414 2720 additur
1443 2680 1575 2720 etiam
1609 2679 1767 2720 modus

296 2752 457 2805 aliquis
490 2752 719 2793 resistendi
748 2752 1076 2802 tentationibus,
1100 2754 1211 2794 sicut
1244 2754 1422 2806 ponitur
1453 2752 1768 2794 antevertendi.

853 2864 862 2884 ¹
890 2866 974 2898 Mor.
997 2866 1016 2898 l.
1039 2874 1089 2906 29.
1111 2877 1138 2898 c.
1159 2874 1210 2898 22.

550 2916 564 2935 ²
590 2918 692 2950 Serm.
715 2923 742 2959 5.
765 2917 797 2949 in
816 2917 924 2958 Quad.
1061 2916 1074 2935 ³
1099 2917 1152 2949 De
1168 2917 1283 2950 ordine
1300 2918 1386 2950 vitae.
1408 2929 1436 2950 c.
1461 2926 1509 2950 11.
