1903 3197
485 173 566 219 De
596 170 876 232 Disciplina
911 172 1108 218 Mensoe.
1436 173 1496 230 38
1509 186 1527 216 1

71 308 223 361 inquit,
263 307 344 346 “in
381 318 532 345 mensa
572 304 713 343 facere
754 303 1003 356 religiosum
1045 316 1132 343 non
1175 309 1250 343 est.
1332 303 1530 344 Caveant

74 395 140 430 ne,
181 380 276 420 aliis
327 393 352 419 a
398 377 666 418 comestione
706 376 989 424 cessantibus,
1032 376 1113 428 ipsi
1148 375 1421 416 comedendo
1462 376 1531 417 vel

75 453 296 506 loquendo
347 464 544 492 mensam
586 450 837 499 detineant;
894 462 994 488 cum
1047 462 1133 487 non
1184 449 1239 488 sit
1290 449 1537 500 hominum,

76 527 154 567 sed
196 526 335 578 magis
376 525 605 578 pecudum,
648 537 778 575 super
819 535 1016 562 mensam
1068 522 1330 562 ruminando
1372 523 1541 563 diutius

342 597 357 621 1
448 597 652 638 Clemens
703 598 848 645 etiam,
900 609 956 635 ex
1001 595 1320 644 Ecclesiastico,
1363 595 1535 637 honesti

76 598 333 641 immorari.”

77 673 351 725 modestique
378 671 567 711 hominis
590 683 683 710 esse
705 669 946 717 confirmat,
970 669 1158 721 priorem
1181 668 1390 716 desinere,
1415 675 1458 708 et
1480 669 1541 709 ab-

77 747 309 787 affectione
340 759 385 785 se
427 744 616 784 alienum
648 744 905 783 ostendere:
955 745 974 762 “
994 741 1164 791 Cessa,''
1199 743 1352 794 inquit,
1386 743 1537 795 “prior

77 834 208 860 causa
239 818 492 871 disciplinae,
524 824 567 858 et
599 817 686 857 noli
719 817 879 856 nimius
911 830 1016 863 esse,
1050 830 1104 856 ne
1136 816 1247 856 forte
1278 815 1544 856 offendas.’'²

79 893 294 945 Loquitur
334 899 481 932 autem
525 891 856 931 Ecclesiasticus
903 891 958 930 de
999 890 1259 930 comedendi
1307 890 1537 943 disciplina

79 973 212 1019 atque
243 965 484 1014 honestate,
509 972 552 1005 et
585 965 826 1017 disciplinae
862 978 992 1004 causa
1013 963 1106 1003 vult
1136 964 1328 1016 aliquem
1362 965 1404 1003 in
1437 977 1538 1004 con-

79 1041 203 1080 viviis
237 1053 405 1080 cessare
438 1040 567 1092 prius,
603 1038 685 1078 hoc
720 1044 784 1078 est
818 1043 866 1077 ut
900 1051 945 1077 se
979 1037 1090 1077 bene
1123 1037 1372 1077 institutum
1406 1043 1544 1090 atque

81 1114 315 1154 educatum
353 1126 446 1153 esse
482 1112 702 1160 declaret;
750 1112 792 1150 in
829 1111 1036 1150 conviviis
1069 1111 1184 1149 enim
1218 1110 1332 1150 male
1366 1111 1539 1152 educati

80 1201 127 1227 se
163 1187 365 1240 produnt.
441 1185 572 1237 Quod
609 1192 759 1225 tamen
793 1190 1062 1237 praeceptum
1097 1185 1295 1224 cessandi
1331 1185 1448 1237 prius
1481 1186 1542 1225 ita

81 1259 383 1312 accipiendum
417 1266 483 1298 est
515 1265 563 1298 ut
597 1258 745 1298 debita
779 1263 972 1297 servetur
1002 1257 1220 1306 honestas,
1253 1258 1543 1309 quemadmo-

81 1333 187 1373 dum
231 1333 276 1372 Β.
310 1332 566 1372 Vincentius
607 1332 830 1384 praecipit:
885 1331 990 1370 “Ne
1032 1331 1065 1370 si
1111 1331 1247 1370 multo
1290 1337 1391 1370 ante
1433 1331 1542 1372 alios

84 1420 313 1454 cessemus,
348 1412 424 1446 aut
457 1406 621 1445 nullam
656 1406 868 1445 rationem
902 1404 1101 1444 fraternae
1133 1404 1336 1444 habuisse
1366 1419 1544 1445 concor-

83 1480 179 1529 diae,
231 1486 306 1520 aut
356 1481 695 1532 temperantiam
747 1479 1121 1530 sobrietatemque
1172 1478 1403 1517 affectasse
1453 1492 1544 1531 prae

84 1555 252 1594 caeteris
302 1552 592 1594 videamur.”3
695 1553 867 1594 Scimus
918 1558 1065 1591 autem
1120 1552 1293 1591 Patrem
1346 1558 1543 1592 nostrum

87 1627 309 1679 Ignatium
362 1627 538 1667 solitum
592 1640 685 1666 esse
737 1625 937 1665 consulto
989 1625 1148 1664 edendi
1200 1625 1408 1664 tarditate
1457 1639 1544 1665 non

86 1713 310 1752 nunquam
353 1714 549 1740 mensam
592 1699 834 1748 extrahere,
873 1699 1020 1751 quoad
1059 1699 1322 1738 novissimus
1360 1700 1551 1751 quisque

84 1772 175 1813 sine
206 1774 362 1813 rubore
392 1779 468 1813 aut
499 1773 790 1813 sollicitudine
823 1785 899 1824 per
930 1772 1068 1811 otium
1102 1770 1377 1811 absolveret.4

175 1846 328 1899 Atque
368 1846 464 1887 haec
499 1846 554 1886 de
596 1853 780 1886 externa
817 1846 1009 1897 quadam
1049 1858 1297 1883 mensarum
1336 1844 1548 1893 decentia,

88 1934 186 1973 quae
220 1922 313 1973 ipsa
344 1926 438 1960 tum
473 1920 652 1960 demum
684 1918 875 1972 perfecta
911 1925 953 1958 et
987 1918 1210 1957 cumulata
1241 1918 1332 1966 erit,
1356 1931 1455 1957 cum
1489 1931 1546 1957 ex

90 1994 294 2034 interiore
344 1994 535 2047 quadam
588 1993 818 2033 honestate
870 1992 1030 2045 potiuS,
1080 1997 1128 2031 ut
1173 1991 1297 2031 initio
1339 1991 1546 2040 diximus,

90 2082 221 2121 quam
257 2082 314 2108 ex
348 2068 578 2120 praeceptis
612 2073 744 2118 atque
779 2066 1051 2106 institutione
1086 2065 1291 2104 manabit.
1352 2065 1553 2117 Ideoque

89 2147 205 2182 recte
237 2155 262 2181 a
292 2141 418 2181 Patre
451 2146 600 2180 nostro
631 2140 892 2192 praecipitur,
915 2144 963 2178 ut
995 2152 1091 2178 eam
1124 2138 1304 2177 interius
1337 2138 1550 2178 exterius-

90 2229 175 2267 que
216 2228 446 2254 servemus.
517 2214 774 2253 Interiorem
812 2225 1002 2264 namque
1039 2211 1254 2264 intelligit,
1289 2218 1337 2251 ut
1378 2225 1553 2264 semper

90 2295 302 2341 tanquam
339 2293 555 2341 praesente
591 2287 688 2327 Deo
723 2286 907 2327 honeste
939 2299 1171 2335 versemur,
1210 2291 1253 2325 et
1294 2299 1352 2325 ex
1387 2286 1555 2338 pietate

92 2363 284 2415 quadam
302 2362 551 2414 affectuque
569 2361 701 2401 animi
724 2361 835 2400 bene
852 2359 1095 2412 compositi,
1114 2359 1293 2408 sobrios,
1314 2360 1553 2409 modestos„

92 2435 390 2488 honestosque
420 2449 500 2475 nos
531 2435 817 2488 praebeamus.
882 2433 951 2473 De
983 2447 1069 2485 qua
1101 2433 1305 2473 interiore
1339 2433 1552 2483 decentia,

93 2509 209 2549 idem
241 2510 396 2550 eodem
427 2508 524 2549 loco
558 2508 791 2549 Clemens:
826 2506 1080 2559 “Semper‚''
1114 2506 1266 2558 inquit,
1302 2509 1553 2558 “tanquam

93 2590 311 2636 praesente
342 2583 537 2623 Domino
568 2582 750 2622 honeste
780 2581 1043 2621 versandum
1076 2578 1201 2619 est.”5
1263 2580 1323 2619 Et
1364 2593 1450 2619 non
1494 2580 1556 2620 ita

98 2656 236 2697 multo
307 2663 409 2697 ante
478 2657 685 2709 proponit
754 2661 856 2695 ante
921 2654 1071 2694 oculos
1136 2654 1328 2694 bibentis
1393 2653 1556 2693 Christi

98 2728 371 2780 modestiam,
403 2743 503 2771 cum
540 2731 652 2770 inter
691 2729 891 2769 homines
926 2734 1180 2768 versaretur.
1243 2724 1561 2778 “Quomodoff

141 2844 153 2864 ¹
178 2845 273 2886 Spec.
295 2844 386 2876 Disc.
406 2854 438 2885 p.
459 2852 485 2875 1.
506 2854 532 2875 c.
554 2851 605 2883 32.
709 2842 722 2861 ²
746 2843 834 2875 Eccl.
856 2850 907 2883 31.
1014 2839 1028 2859 ³
1052 2842 1160 2871 Traet.
1178 2840 1219 2871 de
1236 2840 1304 2871 Vit.
1327 2839 1413 2880 Spir.
1435 2849 1461 2870 c.
1481 2845 1509 2878 7.

311 2894 325 2914 4
348 2896 390 2926 In
413 2895 492 2926 Vita
518 2895 607 2926 Maff.
627 2894 647 2926 1.
669 2901 699 2934 3.
719 2904 746 2926 c.
768 2900 796 2935 5.
976 2891 990 2911 ⁵
1014 2892 1145 2933 Paedag.
1166 2892 1186 2923 l.
1208 2900 1237 2922 2.
1259 2901 1286 2922 e.
1307 2898 1337 2923 2.
