1903 3197
633 173 702 219 In
736 172 955 235 Regulam
989 171 1252 218 Modestz'ce.
1585 182 1638 230 71
1658 185 1673 216 1

211 309 419 357 nesciunt,
443 308 520 348 sed
553 308 596 347 in
629 306 864 347 maledicta
885 313 929 347 et
950 306 1146 346 convicia
1176 310 1469 359 prorumpunt
1489 319 1498 355 3
1531 309 1576 345 et
1602 304 1676 357 qui

211 395 361 423 amore
381 381 449 422 vel
483 381 585 422 odio
618 381 949 422 inflammantur
982 381 1154 421 uberius
1188 379 1243 420 de
1277 394 1328 420 eo
1358 380 1476 433 quod
1512 385 1676 428 amant,

209 455 278 497 vel
324 456 456 497 odere
492 456 759 509 loquuntur3
801 462 845 496 et
885 456 959 509 qui
997 454 1288 503 aemulatione‚
1332 460 1466 507 atque
1512 452 1677 494 invidia

209 536 462 584 tanguntur,
501 531 625 571 silere
666 531 708 570 in
750 530 904 570 alienis
944 530 1157 579 laudibus,
1201 543 1252 570 ac
1300 529 1544 569 benefactis
1587 542 1674 568 non

211 605 317 645 satis
339 611 532 658 possunt>
582 606 829 658 Propterea,
853 619 953 645 cum
975 604 1043 644 his
1065 604 1370 645 affectionibus
1393 603 1677 657 perturbatus

210 685 277 720 est
297 680 480 729 animus,
502 686 597 720 tum
620 680 816 720 maxime
844 680 1110 720 continenda
1140 680 1290 733 lingua
1311 685 1387 726 est,
1412 692 1466 718 ne
1490 678 1672 718 modum

211 755 425 794 sermonis
459 754 659 794 excedat.

297 828 430 882 Quod
453 830 631 882 quidem
654 830 710 869 de
742 830 814 878 ira,
838 843 926 882 qua
958 829 1154 869 maxime
1184 828 1465 882 perturbatur
1486 828 1670 876 animus,

208 905 408 957 praecipit
439 904 620 953 Tullius,
654 904 710 945 ad
743 904 959 957 Quintum
1004 905 1214 952 Fratrem,
1248 909 1292 944 et
1334 904 1513 952 Seneca,
1550 914 1580 942 Ι.
1615 903 1672 943 de

211 979 293 1019 Ira.
336 994 367 1020 c.
412 979 594 1020 ultimo:
638 978 916 1028 “Irascitur,'’
954 980 1106 1032 inquit,
1142 979 1359 1028 “veritati,
1397 978 1588 1018 clamore
1631 982 1676 1018 et

209 1054 413 1104 tumultu,
460 1060 503 1095 et
543 1055 680 1095 totius
729 1054 922 1107 corporis
958 1054 1230 1107 jactatione;
1272 1067 1382 1106 quos
1433 1053 1672 1093 destinavit

211 1129 463 1183 insequitur,
497 1129 680 1182 adjectis
722 1130 926 1170 conviciis
968 1128 1336 1182 maledictisque.”
1405 1128 1499 1168 Nec
1535 1128 1592 1168 ab
1628 1141 1674 1167 re

211 1210 277 1245 est
308 1203 426 1252 illud,
460 1204 581 1245 Prov.
615 1205 708 1245 26:
745 1204 870 1258 “Qui
907 1205 1095 1257 imponit
1127 1203 1261 1244 stulto
1298 1203 1532 1252 silentium,
1565 1203 1674 1242 iram

211 1278 422 1332 mitigat.’‘

299 1354 359 1394 Et
387 1354 524 1394 Isaias
545 1353 676 1403 Abb.,
702 1353 773 1395 Or.
800 1363 863 1406 27.
884 1368 891 1394 :
912 1357 933 1373 “
949 1354 995 1394 Si
1027 1360 1072 1394 te
1104 1354 1166 1394 ira
1199 1359 1471 1393 commotum
1501 1353 1674 1402 videris,

211 1434 255 1468 et
278 1442 363 1468 non
396 1429 458 1468 tui
487 1428 606 1481 juris,
629 1442 734 1469 cave
756 1443 810 1469 ne
833 1429 937 1482 quid
961 1429 1142 1468 omnino
1173 1428 1364 1481 loquaris
1384 1443 1392 1478 ;
1425 1442 1479 1468 ne
1508 1433 1676 1468 crescat

209 1503 518 1556 perturbatio‚’'
541 1517 579 1556 p.
607 1514 699 1554 230.
723 1517 758 1543 a.

298 1578 357 1618 Et
405 1577 637 1627 Climacus,
681 1578 751 1619 Gr.
796 1579 831 1618 8.
875 1578 1047 1618 initium
1088 1578 1320 1618 vacuitatis
1362 1578 1435 1617 irae
1477 1578 1539 1618 ait
1580 1591 1675 1618 esse

210 1652 424 1692 labiorum
455 1652 676 1692 silentium
707 1653 749 1692 in
779 1654 1108 1706 perturbatione
1136 1654 1288 1693 cordis.
1353 1653 1412 1693 Et
1435 1653 1546 1693 infra
1568 1653 1673 1694 dicit

210 1727 478 1767 monachum
511 1727 744 1780 quendam,
778 1742 876 1769 cum
909 1728 1181 1768 morderetur
1217 1728 1393 1780 injuriis,
1424 1743 1474 1768 ac
1506 1734 1674 1781 pertur-

209 1802 387 1842 baretur
426 1803 585 1852 animo,
628 1802 801 1842 silentio
841 1809 990 1843 tamen
1037 1803 1308 1843 iracundiam
1350 1803 1671 1856 compressisse.

211 1875 344 1928 Quod
387 1878 529 1929 ipsum
568 1877 900 1930 intelligendum
935 1885 1001 1918 est
1034 1878 1090 1918 de
1127 1878 1294 1918 caeteris
1328 1878 1463 1918 animi
1504 1883 1673 1931 pertur-

208 1951 490 2000 bationibus;
522 1958 570 1991 ut
602 1965 700 1993 cum
725 1958 892 1993 exortae
915 1952 1086 2001 fuerint,
1113 1952 1421 1993 subtrahamus
1451 1952 1510 1992 illi
1538 1953 1674 1992 incre-

211 2027 348 2065 menti
372 2026 612 2076 materiam,
627 2026 841 2067 labiorum
865 2027 1048 2076 silentio,
1064 2042 1115 2068 ac
1132 2028 1432 2068 moderatione
1449 2028 1672 2068 sermonis.

209 2101 376 2140 Verum
419 2107 485 2141 est
521 2102 651 2151 enim,
683 2102 801 2154 quod
835 2102 992 2143 Abbas
1026 2103 1180 2143 Pastor
1212 2103 1355 2143 dicere
1391 2102 1543 2143 solitus
1581 2108 1674 2144 est:

212 2174 371 2216 Omnis
412 2175 546 2225 labor,
589 2176 838 2229 quicunque
879 2178 1070 2217 evenerit
1116 2177 1207 2225 tibi,
1265 2192 1322 2217 ex
1374 2178 1674 2218 taciturnitate

208 2250 520 2303 superabitur.'’

296 2325 469 2366 Eodem
502 2326 647 2375 modo,
680 2340 780 2366 cum
817 2326 873 2366 de
910 2327 1038 2366 rebus
1076 2327 1245 2375 nostris,
1279 2333 1355 2367 aut
1386 2327 1442 2367 de
1478 2327 1528 2366 iis
1562 2340 1672 2380 quas

208 2413 422 2450 amamus,
444 2414 588 2441 sermo
608 2401 851 2450 habebitur,
875 2402 1140 2442 continenda
1161 2402 1310 2455 lingua
1332 2403 1431 2442 erit:
1461 2402 1671 2454 quoniam
1701 2388 1704 2391 Δ

207 2489 331 2516 amor
376 2475 471 2529 ipsa
521 2475 640 2528 loqui
693 2477 811 2529 cogit
858 2476 1044 2523 uberius,
1083 2483 1404 2530 proptereaque
1450 2478 1672 2530 sapienter

208 2557 360 2591 monet
393 2550 661 2599 Plutarchus,
691 2565 836 2604 opusc.
868 2552 923 2591 de
944 2551 1211 2604 garrulitate,
1235 2558 1282 2591 ut
1312 2565 1400 2604 quo
1433 2551 1602 2591 facilius
1626 2552 1670 2591 id

208 2625 364 2665 vitium
398 2624 560 2678 linguae
591 2639 802 2674 coerceas,
826 2625 936 2665 vites
969 2639 1193 2666 sermones
1222 2640 1307 2675 eos,
1337 2627 1393 2666 ad
1428 2639 1538 2679 quos
1572 2639 1671 2666 cum

209 2699 438 2753 voluptate
469 2700 648 2739 duceris.

295 2774 396 2825 Jam
439 2774 586 2826 quoad
637 2773 823 2814 alterum
868 2775 987 2827 quod
1039 2776 1314 2828 propositum
1359 2782 1462 2824 erat,
1507 2775 1672 2816 scilicet

209 2849 389 2900 quando
440 2862 717 2902 unaquaeque
767 2863 835 2889 res
881 2849 1069 2890 dicenda
1115 2864 1165 2890 ac
1210 2849 1472 2903 proferenda
1517 2851 1584 2900 sit,
1627 2850 1672 2891 id

209 2923 342 2963 etiam
394 2923 450 2963 ad
502 2924 876 2964 circumstantiam
928 2925 1138 2978 temporis
1189 2930 1370 2978 spectat.
1452 2925 1556 2966 Non
1605 2932 1672 2967 est
