1903 3197
311 168 372 211 66
772 167 851 212 De
885 166 1134 213 societatis
1169 167 1222 213 F
1218 168 1303 214 ine.

310 298 648 348 Bonaventura,l
685 300 827 340 “Plus
865 306 993 341 nocet
1031 301 1237 353 praelatus
1277 301 1530 349 misericors,
1567 301 1795 354 abjiciens-

308 373 497 424 rigorem
539 372 794 425 disciplinfe,
837 387 969 426 quam
1015 374 1224 426 praelatus
1267 375 1431 427 rigidus
1474 374 1565 414 sine
1614 375 1779 414 miseri-

308 446 491 488 cordia.'’
540 447 714 488 Dicitur
735 448 851 488 enim
876 448 990 488 Eccl.
1015 460 1082 499 42.
1146 448 1346 490 “Melior
1370 455 1435 489 est
1459 449 1666 501 iniquitas
1687 450 1792 498 viri,

309 535 441 574 quam
470 521 626 561 mulier
654 522 967 571 benefaciens,''
998 522 1082 562 hoc
1111 528 1176 562 est
1209 523 1417 576 praelatus
1448 536 1547 562 cum
1572 536 1617 562 se
1639 523 1777 562 virum

308 596 551 648 corrigendi
604 597 748 648 pravis
798 596 992 636 moribus
1043 598 1221 650 praebet,
1265 611 1398 650 quam
1453 611 1552 637 cum
1602 597 1778 637 feminee

309 671 446 710 instar
482 670 758 710 subditorum
797 670 1061 711 mollitudini
1100 671 1308 724 indulget.
1376 671 1428 711 Id
1461 671 1580 724 quod
1619 671 1780 711 docent

308 744 516 797 exempla
550 744 824 785 Sanctorum.
889 745 1006 785 Nam
1043 747 1236 798 Joannes
1275 744 1511 795 Sabastesf
1549 751 1597 785 ut
1629 745 1780 785 scribit

310 819 542 867 Climacus,
577 833 676 860 cum
713 819 756 859 in
788 819 900 860 Asia
931 821 1046 860 senis
1078 820 1305 872 cujusdam
1341 820 1384 859 in
1417 818 1698 872 disciplinam
1733 832 1779 858 se

307 894 570 943 tradidisset,
602 893 694 945 ejus
732 893 988 934 facilitatem
1022 900 1244 946 expertus,
1276 894 1461 934 moleste
1500 894 1643 933 ferens
1676 906 1722 933 se
1754 907 1791 933 a,

310 968 521 1021 magistro
574 968 719 1021 potius
770 967 972 1008 honorari
1017 982 1149 1021 quam
1202 969 1371 1020 corrigi,
1411 969 1584 1008 veniam
1628 968 1685 1007 ab
1728 981 1792 1007 eo·

308 1043 462 1095 petiit;
506 1055 592 1094 qua
635 1042 882 1094 impetrata,
921 1042 1051 1081 simul
1094 1055 1193 1081 cum
1230 1042 1366 1081 literis
1408 1042 1793 1082 commendatitiis

309 1117 367 1157 ad
400 1116 650 1156 coenobium
685 1117 910 1168 quoddam
946 1116 1182 1156 Provincize
1219 1116 1358 1163 Ponti,
1382 1115 1425 1154 in
1458 1116 1501 1155 id
1534 1115 1789 1169 adscriptus·

308 1198 385 1238 est,
431 1190 505 1230 ubi
558 1190 705 1230 multis
753 1190 974 1230 laboribus
1017 1197 1059 1231 et
1103 1190 1355 1243 ignominiis
1397 1189 1607 1230 tredecim
1661 1191 1779 1243 ipsos

309 1278 447 1306 annos
490 1265 710 1317 patienter
746 1265 965 1305 exercitus
1003 1271 1077 1305 est.
1153 1264 1228 1304 Ad
1271 1264 1387 1304 hunc
1423 1278 1523 1304 cum
1556 1265 1779 1305 venissent

309 1338 548 1391 aliquando
571 1345 658 1378 tres
687 1339 1002 1388 adolescentes,
1028 1339 1120 1391 ejus
1145 1339 1391 1378 sanctitatis
1414 1338 1532 1378 fama
1557 1340 1781 1384 commoti,

310 1420 359 1453 ut
399 1414 553 1453 moniti
597 1413 763 1465 aliquid
805 1414 1063 1466 acciperent,
1101 1413 1147 1461 is,
1182 1426 1279 1453 cum
1325 1413 1556 1465 unicuique
1594 1413 1782 1452 dixisset

312 1487 477 1539 aliquid
539 1487 794 1539 singillatim
847 1502 898 1527 ac
949 1488 1135 1540 proprie,
1196 1488 1373 1527 tertium
1437 1487 1498 1526 ita
1560 1487 1783 1527 monuisse

311 1562 479 1602 dicitur.
556 1560 663 1600 “Tu
715 1561 799 1601 hoc
850 1562 893 1601 in
936 1562 1083 1601 animo
1126 1560 1313 1601 reconde
1358 1566 1446 1607 tuo,
1490 1559 1608 1612 quod
1663 1561 1781 1612 apud

312 1634 579 1674 Matthaeum
629 1634 832 1675 Salvator
864 1635 980 1684 dicit,
1016 1634 1130 1687 ‘Qui
1178 1634 1519 1687 perseveraverit
1562 1647 1698 1686 usque
1742 1634 1785 1673 in

312 1709 456 1757 finem,
496 1708 565 1748 hic
608 1708 752 1749 salvus
796 1709 898 1749 erit.'
963 1709 1052 1749 Eas
1095 1708 1260 1761 igitu1·,''
1301 1709 1455 1761 inquit,
1488 1711 1568 1748 “et
1611 1721 1782 1760 quaeras

312 1783 392 1823 tibi
436 1783 696 1834 magistrum
740 1784 938 1822 omnium
977 1783 1258 1823 durissimum
1302 1796 1352 1822 ac
1395 1781 1785 1822 molestissimum:

313 1857 495 1909 ejusque
543 1857 914 1909 reprehensiones,
954 1856 1294 1910 objurgationes,
1335 1863 1378 1896 et
1421 1856 1785 1908 exprobrationes

313 1937 567 1972 constanter
589 1931 772 1984 suscipe,
798 1937 846 1971 ut
869 1931 935 1971 lac
959 1937 1002 1971 et
1025 1930 1146 1970 mel.''
1204 1930 1285 1970 Cui
1309 1930 1565 1970 adolescens
1587 1943 1594 1969 :
1629 1933 1648 1948 ‘⁶
1665 1928 1785 1982 Quid

313 2007 347 2046 si
379 2006 588 2058 magister
616 2005 685 2045 hic
707 2006 868 2045 vixerit
900 2004 1165 2052 dissolutius,
1196 2004 1300 2056 quid
1324 2010 1367 2044 te
1390 2010 1568 2044 auctore
1590 2017 1721 2056 agam
1740 2003 1784 2043 ?''

315 2082 338 2100 “
355 2080 504 2119 Etiam
538 2079 608 2127 si,''
643 2081 783 2132 inquit
807 2079 888 2127 ille,
924 2082 1060 2119 “eum
1088 2078 1247 2118 videris
1270 2077 1483 2125 fornicari,
1508 2091 1561 2117 ne
1585 2077 1786 2117 discedas

315 2154 371 2194 ab
415 2167 477 2199 eo,
521 2153 598 2193 sed
640 2160 786 2192 tecum
830 2154 922 2205 ipse
965 2153 1025 2191 sic
1070 2152 1340 2204 disputabis:
1383 2150 1543 2191 Amice
1585 2164 1659 2191 cur
1701 2151 1786 2191 huc

315 2226 506 2266 venisti?
583 2226 794 2275 Profecto,
834 2239 920 2266 non
960 2231 1006 2265 ut
1044 2226 1136 2278 ejus
1175 2224 1381 2277 exemplo
1418 2226 1554 2265 vitam
1593 2225 1784 2272 duceres,

316 2300 393 2341 sed
426 2306 472 2340 ut
495 2300 587 2352 ejus
610 2300 826 2348 duritiem,
851 2301 1146 2352 asperitatem,
1171 2313 1221 2339 ac
1244 2299 1604 2352 reprehensiones
1627 2298 1758 2338 ferres
1778 2312 1786 2347 ;

318 2376 379 2415 ita
411 2375 572 2414 senties
606 2375 819 2428 superbiae
853 2380 1070 2414 tumorem
1106 2374 1278 2413 mimu.''

406 2448 476 2489 Ac
493 2449 549 2488 de
570 2449 665 2489 aliis
688 2448 940 2501 hujusmodi
963 2449 1081 2502 apud
1106 2448 1295 2488 eundem
1316 2447 1561 2488 Climacum
1587 2445 1784 2499 legimus,

317 2537 428 2575 quos
450 2537 796 2563 commemorare
829 2523 1009 2576 longum
1040 2529 1165 2573 esset,
1190 2523 1262 2575 qui
1291 2535 1368 2561 sua
1394 2520 1653 2571 humilitate,
1684 2533 1784 2560 cum

318 2598 553 2650 magistros
584 2598 934 2650 praepositosque
963 2598 1158 2638 duriores
1187 2595 1437 2649 perferrent,
1461 2594 1580 2634 brevi
1605 2593 1661 2634 ad
1690 2606 1786 2647 per-

318 2670 553 2712 fectionem
584 2671 822 2720 evolarunt,
857 2678 904 2712 ut
937 2671 1129 2712 Aeacius
1163 2669 1245 2718 ille,
1278 2670 1350 2722 qui
1381 2682 1539 2708 novem
1570 2680 1784 2708 annorum

319 2746 465 2798 spatio
486 2759 512 2785 a
535 2745 745 2797 magistro
768 2759 846 2785 suo
869 2745 1023 2798 plagas
1042 2752 1085 2786 et
1102 2744 1281 2785 verbera
1303 2747 1557 2784 constanter
1577 2741 1786 2795 pertulit;

320 2825 396 2862 aut
418 2820 612 2873 Joannes
633 2819 871 2859 Ammonis
894 2817 1164 2873 discipulus,3
1186 2819 1259 2871 qui
1292 2818 1348 2858 ab
1375 2817 1557 2858 Abbate
1578 2829 1658 2858 suo
1680 2815 1786 2856 duo-

602 2909 613 2928 1
638 2910 678 2942 In
695 2909 806 2941 lumin.
826 2909 914 2941 Eccl.
1051 2908 1064 2927 ‘-'
1089 2907 1189 2941 Grad.
1206 2916 1237 2947 4.
1373 2906 1386 2927 ³
1411 2907 1497 2939 Ibid.
