1903 3197
777 168 1034 230 Praefatz'o.
1575 171 1641 217 vii

179 311 520 366 pervenerunt.
596 301 706 363 Jam
743 301 915 349 decem
941 319 1003 349 ex
1033 301 1109 349 his
1133 320 1163 349 a
1188 302 1321 349 Sede
1348 303 1639 365 Apostolica

179 388 228 434 in
267 387 570 443 Sanctorum,
607 395 804 432 centum
841 395 891 432 et
927 385 1053 432 ultra
1085 385 1132 431 in
1171 386 1435 433 Beatorum
1473 386 1636 434 album

178 469 384 518 solemni
423 469 713 516 caeremonia
751 469 983 530 adscripti
1033 479 1174 525 sunt;
1224 479 1278 515 ut
1319 469 1440 516 alios
1483 471 1637 518 ferme

177 555 469 609 innumeros,
497 553 579 615 qui
614 541 788 599 iisdem
821 552 1089 599 honoribus
1114 553 1249 616 digni
1281 554 1634 612 existimantur,

175 637 369 684 silentio
404 637 850 699 praetermittamus.

277 722 414 767 “Est
463 720 649 783 igitur,’'
694 730 748 767 ut
782 720 948 766 verbis
984 731 1093 767 utar
1128 720 1421 783 pientissimi
1470 722 1560 767 viri
1610 741 1638 768 e

173 804 423 851 Societate
473 815 640 851 nostra
686 803 891 865 Josephi
943 803 1153 850 Mariani
1207 803 1467 857 Parthenii,
1513 811 1638 851 “cur

171 886 405 944 laetemur,
449 888 618 934 Patres
666 888 964 949 Fratresque
1007 887 1254 943 carissimi,
1300 898 1350 934 et
1397 888 1637 934 maximas

170 972 384 1034 primum
432 972 556 1027 Deo,
602 982 705 1017 tum
748 971 937 1032 optimo
986 971 1176 1033 parenti
1227 980 1396 1017 nostro
1442 972 1638 1034 Ignatio

170 1055 354 1118 gratias
379 1071 586 1118 agamus
611 1064 660 1100 et
690 1053 972 1109 habeamus,
1000 1054 1135 1116 quod
1160 1071 1270 1101 cum
1303 1055 1406 1117 jam
1432 1057 1635 1103 trecenti

170 1146 221 1184 et
256 1154 318 1184 eo
353 1136 564 1199 amplius
612 1154 641 1183 a
688 1137 885 1183 condita
933 1136 1183 1184 Societate
1230 1136 1460 1184 fluxerint
1506 1139 1633 1196 anni,

171 1220 291 1267 nihil
328 1221 376 1266 in
427 1231 564 1267 tanta
617 1237 857 1267 annorum
908 1219 1275 1283 intercapedine
1328 1221 1391 1268 de
1444 1238 1636 1270 summa

173 1305 392 1351 Instituti
443 1305 596 1351 nostri
646 1304 957 1350 immutatum
1006 1314 1092 1360 est,
1138 1320 1227 1350 nec
1274 1305 1636 1366 propemodum

168 1388 441 1450 quidquam
485 1388 547 1434 de
591 1388 785 1434 fervore
824 1386 918 1443 illo,
958 1388 1042 1449 qui
1078 1388 1321 1450 majorum
1358 1400 1636 1436 nostrorum

168 1481 342 1533 pectus
379 1471 646 1529 succendit,
683 1471 994 1519 deferbuerit.
1042 1471 1128 1517 Ad
1153 1471 1280 1518 hanc
1316 1489 1473 1533 usque
1506 1473 1637 1520 diem

167 1566 357 1602 asserta
418 1555 605 1618 religio,
668 1555 881 1601 haereses
940 1555 1227 1618 profligatae,
1277 1556 1429 1602 maria
1484 1568 1636 1603 trans-

166 1639 332 1695 missa,
392 1639 645 1686 barbaries
704 1638 908 1695 exculta,
953 1640 1191 1701 juventus
1240 1639 1288 1685 in
1336 1639 1515 1687 scholis
1573 1642 1638 1687 ad

166 1722 407 1784 pietatem
466 1733 516 1769 et
587 1723 859 1770 doctrinam
920 1723 1121 1780 erudita,
1182 1724 1450 1784 provinciae
1520 1725 1637 1772 ferae

168 1807 543 1853 excursionibus
585 1818 872 1870 peragratae,
917 1807 1162 1854 celebrata
1204 1809 1500 1863 nosocomia,
1536 1826 1636 1855 car-

167 1906 305 1937 ceres
353 1891 487 1946 aditi,
528 1891 649 1938 vitia
695 1892 879 1953 passim
923 1892 1200 1953 exstirpata,
1239 1903 1359 1938 satae
1398 1893 1634 1951 virtutes;

168 1973 360 2020 nullum
408 1975 793 2036 praetermissum
837 1975 1092 2022 hominurn
1133 1993 1304 2039 genus,
1340 1977 1515 2039 cuique
1558 1995 1632 2025 or-

168 2058 285 2115 dini,
336 2076 543 2115 summo,
593 2060 771 2114 medio,
811 2059 990 2117 infimo,
1032 2077 1182 2122 opera
1230 2061 1482 2123 impensa:
1532 2079 1633 2109 non

170 2140 432 2200 laboribus,
460 2161 558 2190 non
594 2143 786 2207 vigiliis,
823 2160 922 2191 non
951 2144 1226 2201 sudoribus,
1260 2162 1359 2192 non
1389 2147 1629 2210 sanguini,

169 2242 268 2273 non
308 2228 425 2274 vitae
464 2229 731 2290 parcitum;
769 2228 887 2274 nihil
921 2229 1135 2291 denique
1167 2247 1338 2276 eorum
1377 2231 1627 2289 omissum,

165 2327 277 2372 quae
325 2321 546 2358 nostrum
598 2313 883 2359 Institutum
930 2312 1251 2375 amplectitur,
1301 2332 1331 2361 a
1386 2316 1628 2379 nobisque

164 2394 384 2457 postulat
425 2413 482 2443 ac
523 2397 737 2459 requirit.
813 2397 996 2460 Atque,
1032 2408 1086 2444 ut
1120 2398 1183 2444 ad
1227 2399 1457 2447 interiora
1493 2402 1626 2448 veni-

159 2495 310 2535 amus,
353 2497 464 2542 quae
510 2482 751 2544 gravioris
798 2483 1034 2529 momenti
1082 2494 1207 2541 sunt,
1249 2495 1298 2531 et
1346 2486 1476 2533 unde
1518 2497 1624 2533 tota

158 2563 235 2610 vis
277 2574 327 2610 et
365 2566 514 2611 robur
561 2583 708 2613 omne
749 2566 813 2613 ad
861 2568 1104 2615 exteriora
1150 2568 1381 2625 dimanat,
1421 2571 1485 2617 ad
1528 2570 1621 2617 hoc

158 2664 316 2710 usque
364 2659 561 2712 tempus
619 2651 890 2698 domestica
949 2652 1192 2699 custodita
1250 2670 1422 2700 severe
1481 2654 1618 2700 disci-

159 2730 304 2793 plina,
345 2733 477 2781 nulla
518 2733 662 2781 nullis
704 2736 954 2798 exemptio
995 2737 1148 2794 facta3
1187 2754 1284 2784 non
1327 2739 1473 2793 aetati,
1518 2755 1617 2785 non

157 2817 435 2876 promeritis
468 2818 737 2881 quidquam
773 2819 1043 2879 indultum;
1081 2821 1217 2885 leges
1259 2840 1430 2870 omnes
1473 2840 1616 2886 aeque

156 2900 384 2948 omnibus
408 2903 675 2964 propositae
685 2923 694 2961 ;
720 2903 852 2951 nulla
876 2904 1124 2953 laboribus
1148 2907 1381 2954 attributa
1406 2925 1614 2964 merces;
