1903 3197
647 159 726 204 De
757 159 1012 205 Examina
1469 174 1492 203 2
1501 161 1528 204 6
1541 172 1556 201 Ι

103 291 325 332 actionum
348 304 508 344 genera
529 291 572 329 in
594 290 677 330 hoc
700 296 820 329 sunt:
854 303 1000 338 unum,
1024 290 1142 341 quod
1166 289 1221 329 ab
1243 288 1558 341 intelligentia;

103 365 298 414 alterum,
322 364 439 417 quod
462 378 487 404 a
507 363 734 403 voluntate
756 368 917 402 manat.
974 362 1038 402 Ut
1061 369 1209 402 autem
1243 363 1285 401 in
1315 362 1560 402 actionibus

103 451 202 490 quae
244 439 299 478 ab
341 437 609 490 intelligendi
652 436 861 475 facultate
898 441 1091 483 manant,
1128 441 1283 474 natura
1320 435 1441 484 duce,
1479 448 1559 474 nos

102 510 184 563 ipsi
227 511 493 558 discutimus,
529 510 584 549 ad
627 521 788 560 easque
825 507 974 547 oculos
1011 508 1170 547 mentis
1208 507 1460 556 referimus;
1498 508 1558 547 ita

103 590 146 625 et
178 586 220 624 in
253 584 496 624 actionibus
528 581 766 622 moralibus
794 594 892 632 quae
926 580 981 619 ab
1009 580 1145 620 altera
1176 581 1397 632 praecipua
1423 580 1557 619 animi

102 658 236 697 nostri
268 663 402 710 parte,
423 656 659 702 voluntate,
689 654 880 705 inquam,
905 654 1113 701 oriuntur,
1142 653 1362 692 reflectere
1399 651 1454 691 ad
1488 665 1560 691 eas

101 730 251 770 oculos
280 735 559 780 mentemque
582 728 806 774 debemus,
824 733 871 766 ut
893 726 1045 778 quales
1069 740 1120 765 ea
1147 726 1232 764 sint
1255 736 1558 776 agnoscamus

101 803 464 854 corrigamusque.
535 802 691 853 Itaque
729 800 848 852 quod
896 799 950 839 ad
993 799 1188 838 actiones
1230 796 1559 843 intellectuales,

100 882 144 916 et
178 876 220 915 in
243 875 400 928 quibus
422 875 486 914 vis
520 874 820 926 intelligentiae
855 879 1061 921 versatur,
1092 872 1261 919 attinet,
1284 871 1432 910 videre
1461 869 1561 909 licet

99 955 144 989 et
177 950 219 988 in
250 949 426 996 artibus,
451 953 494 988 et
526 948 568 987 in
600 947 802 996 scientiis,
827 960 975 986 carum
1007 945 1185 998 opifices
1213 958 1264 984 ac
1295 942 1560 996 professores

101 1024 225 1074 quasi
263 1022 456 1074 quodam
494 1022 700 1060 examine
738 1021 812 1065 uti.
848 1019 953 1059 dum
997 1020 1040 1058 in
1084 1019 1133 1058 iis
1171 1032 1217 1058 se
1258 1017 1486 1057 continent
1518 1021 1561 1056 et

102 1101 320 1137 exercent.
384 1095 576 1135 Pictores
608 1094 1008 1141 animadvertimus,
1032 1092 1104 1132 ubi
1128 1093 1182 1132 de
1204 1091 1353 1132 tabula
1380 1102 1561 1130 manum

100 1169 364 1216 sustulerint,
416 1169 621 1208 continuo
683 1180 994 1219 recognoscere
1045 1167 1164 1218 quod
1221 1164 1456 1218 pennicillo
1517 1170 1560 1204 et

101 1243 317 1283 coloribus
366 1247 676 1293 expresserunt
704 1256 710 1285 ;
773 1240 1005 1279 statuarios
1068 1240 1185 1287 item,
1229 1239 1303 1278 ubi
1355 1238 1560 1289 conquie-

100 1316 250 1364 verint,
282 1315 535 1367 priusquam
574 1314 720 1353 cibum
757 1319 946 1362 sumant,
970 1326 1080 1365 opus
1117 1325 1244 1351 suum
1278 1312 1370 1363 jam
1409 1310 1559 1350 incho-

99 1393 223 1428 atum
275 1387 487 1440 inspicere
539 1392 583 1426 et
633 1386 914 1439 perpendere,
957 1399 1013 1425 an
1055 1399 1112 1424 ex
1156 1384 1288 1424 animi
1340 1383 1560 1423 sententia

100 1460 364 1509 successerit,
388 1466 430 1500 et
452 1473 507 1499 an
537 1459 701 1511 aliquid
734 1461 776 1498 in
809 1473 860 1499 eo
890 1459 1195 1511 corrigendum
1226 1457 1559 1508 sanandumque

99 1534 166 1573 sit.
239 1533 410 1573 Eadem
448 1533 557 1572 ratio
595 1538 660 1572 est
692 1532 941 1582 scribarum,
967 1545 1066 1572 cum
1108 1531 1151 1571 id
1190 1530 1308 1582 quod
1351 1542 1560 1569 exarave-

100 1606 187 1646 rint
228 1606 426 1658 relegunt
468 1611 512 1645 et
554 1611 882 1658 recognoscunt,
916 1611 964 1645 ut
999 1605 1033 1644 si
1071 1605 1176 1656 quid
1219 1602 1442 1644 literarum
1485 1608 1560 1642 aut

102 1680 313 1720 omissum
342 1685 418 1718 aut
450 1679 564 1718 male
593 1678 856 1719 collocatum
887 1683 963 1727 est,
986 1679 1206 1729 corrigant
1236 1682 1279 1716 et
1311 1675 1558 1716 emendent.

102 1751 346 1792 Architecti
379 1753 512 1791 etiam
535 1752 748 1791 rationem
781 1751 963 1799 aedificii,
987 1751 1263 1801 formamque
1294 1749 1428 1789 semel
1455 1748 1562 1789 deli-

104 1831 279 1865 neatam
313 1831 445 1876 atque
481 1825 790 1864 adumbratam
828 1838 946 1877 saepe
982 1830 1312 1876 recognoscunt,
1346 1829 1390 1862 et
1427 1822 1561 1863 modo

102 1898 282 1947 addunt,
306 1898 439 1938 modo
468 1898 715 1945 detrahunt,
741 1898 874 1937 modo
906 1897 1152 1945 immutant,
1177 1897 1310 1937 modo
1339 1897 1561 1949 corrigunt

104 1985 278 2024 semper
319 1971 494 2023 aliquid.
570 1972 726 2023 Neque
767 1971 854 2011 ulla
896 1972 1075 2011 demum
1117 1984 1185 2010 ars
1227 1976 1302 2019 est,
1332 1984 1430 2022 quae
1473 1984 1560 2011 non

104 2045 295 2097 inquirat
327 2050 370 2084 et
400 2045 723 2084 animadvertat
755 2045 797 2084 in
829 2058 908 2084 sua
934 2045 1049 2084 vitia.

193 2118 245 2157 In
275 2117 514 2169 disciplinis
547 2117 798 2157 liberalibus
830 2117 946 2157 idem
976 2118 1202 2157 cernimus.
1265 2117 1423 2158 Poetas
1444 2118 1562 2157 vide-

108 2204 217 2241 muS,
241 2191 412 2243 quoties
434 2191 599 2242 aliquid
622 2191 882 2244 scripserint,
906 2204 1033 2230 suum
1063 2204 1239 2230 carmen
1267 2196 1437 2231 attente
1459 2191 1566 2231 rele-

105 2278 209 2317 gere
240 2270 283 2303 et
315 2264 576 2316 expendere.
640 2265 843 2316 Itemque
875 2278 974 2304 suas
1006 2265 1225 2304 orationes
1256 2270 1461 2313 oratores,
1485 2278 1564 2305 nec

106 2337 349 2390 quidquam
371 2338 463 2390 pati
486 2338 566 2377 sibi
590 2351 613 2377 e
636 2338 837 2378 manibus
860 2338 985 2389 elabi,
1004 2338 1122 2390 quod
1140 2338 1258 2390 prius
1280 2338 1335 2378 ad
1353 2339 1563 2378 trutinam

103 2409 363 2463 lancemque
390 2410 542 2463 judicii
574 2424 661 2451 non
683 2412 965 2452 exactissime
994 2412 1246 2452 revocarint.
1310 2411 1563 2465 Philosophi

106 2483 426 2536 disputationes
468 2498 568 2524 suas
609 2490 653 2524 et
694 2498 837 2537 opera,
875 2485 947 2524 ubi
990 2498 1041 2525 ea
1089 2484 1385 2537 persolverint,
1420 2485 1565 2526 adhuc

106 2556 381 2610 perpoliunt;
413 2559 662 2611 saepiusque
689 2559 745 2598 ad
775 2572 827 2598 ea
856 2564 1090 2607 recurrunt,
1114 2559 1269 2599 acriter
1296 2559 1339 2598 in
1368 2572 1414 2599 se
1443 2560 1562 2611 ipsos

107 2631 374 2682 inquirentes
421 2638 464 2672 et
505 2632 914 2673 animadvertentes.
1009 2632 1061 2672 In
1109 2632 1360 2684 indagenda
1401 2632 1563 2683 quippe

107 2703 301 2752 veritate,
345 2717 505 2756 magna
556 2705 739 2757 agitatio
791 2706 951 2745 mentis
997 2706 1239 2745 necessaria
1280 2710 1356 2753 est,
1400 2716 1562 2755 magna

109 2776 300 2816 reflexio.
384 2777 588 2829 Denique
626 2778 847 2828 Rectores,
881 2784 925 2818 et
961 2779 1034 2831 qui
1072 2777 1386 2831 rempublicam
1423 2776 1564 2816 admi-

110 2850 306 2899 nistrant,
345 2851 379 2890 si
417 2850 603 2902 sapiunt,
643 2852 802 2892 mentis
843 2851 992 2893 oculos
1034 2852 1090 2892 ad
1133 2865 1184 2891 ea
1216 2864 1313 2903 quae
1351 2849 1564 2903 gesserint
