1903 3197
198 196 278 242 De
299 197 505 244 ordinat.
534 214 641 258 quoe
663 215 721 243 ex
739 199 968 260 cujusque
977 200 1250 262 prudentia
1265 202 1452 263 pendet.
1482 205 1543 261 48
1553 218 1578 263 3

120 326 287 367 dinario
324 328 531 368 dicamus.
594 329 711 369 Nam
755 343 809 370 ne
846 330 991 371 cibum
1029 331 1207 384 quidem
1244 347 1415 373 sumere
1451 339 1580 375 extra

119 405 294 452 tempus
337 401 447 450 licet,
490 402 580 441 sive
622 402 743 442 domi
790 403 879 442 sive
921 409 1048 444 extra
1089 405 1282 445 domum.
1365 406 1580 458 Quamvis

119 473 235 512 enim
270 474 420 526 regula
453 488 541 514 non
577 475 776 514 videatur
812 475 959 515 cibum
998 478 1393 517 extraordinarium
1432 478 1579 531 prohi-

118 545 220 585 bere
248 546 538 587 domesticum
560 562 568 597 ;
602 560 688 587 non
718 547 833 587 enim
864 562 1071 600 expresse
1094 550 1293 590 meminit
1314 551 1394 590 nisi
1418 557 1576 603 potus;

117 624 266 659 tamen
290 620 421 660 etiam
445 620 709 660 domesticus
732 621 854 660 cibus
878 622 1250 662 extraordinarius
1269 623 1578 675 intelligendus

117 698 183 733 est
211 693 439 745 prohiberi.
505 693 651 745 Hujus
681 700 827 734 autem
850 708 937 734 non
960 695 1160 735 meminit
1190 696 1349 747 regula,
1375 697 1577 737 meminit

116 771 263 806 autem
301 772 442 818 potus
481 767 584 818 quia
616 772 758 819 potus,
793 769 1035 820 praesertim
1072 782 1210 821 aquae,
1244 769 1480 821 parabilior
1510 775 1578 810 est

116 844 160 879 et
200 840 353 879 obvius
395 840 608 879 omnibus.
686 840 752 880 At
794 841 1016 882 esculenta
1057 842 1304 882 conduntur
1345 842 1387 882 in
1428 856 1575 895 penu;

114 925 194 953 nec
223 926 280 952 ex
307 913 356 952 iis
382 913 546 966 aliquid
570 914 625 953 ab
647 915 889 954 oeconomis
911 915 1116 967 cuiquam
1142 916 1386 968 Superioris
1409 916 1575 968 injussu

113 973 359 1038 praebetur;
398 987 497 1026 ideo
534 1000 710 1027 necesse
743 1001 828 1028 non
861 988 942 1028 fuit
971 1002 1180 1042 expressa
1212 990 1441 1029 domestici
1479 989 1575 1039 cibi,

114 1059 188 1111 qui
225 1066 352 1100 extra
389 1073 586 1100 mensam
626 1062 820 1110 sumitur,
858 1061 1106 1114 prohibitio.
1176 1069 1232 1102 20.
1277 1062 1393 1115 Quia
1429 1069 1575 1104 extra-

113 1133 354 1173 ordinarius
390 1140 533 1186 potus,
571 1135 812 1186 praesertim
850 1148 988 1187 aquae,
1022 1135 1120 1188 plus
1153 1136 1287 1176 officit
1322 1136 1575 1187 valetudini,

111 1220 245 1259 quam
280 1207 653 1247 extraordinarius
688 1207 837 1247 cibus:
882 1214 1013 1260 potus
1047 1210 1162 1249 enim
1197 1215 1340 1262 auget,
1376 1216 1424 1250 ut
1460 1210 1575 1250 dixi-

110 1293 218 1329 mus,
259 1279 492 1319 humorum
537 1280 710 1332 copiam
755 1280 894 1320 multo
938 1282 1090 1334 magis,
1134 1295 1267 1334 quam
1310 1283 1462 1333 cibus;
1514 1297 1572 1324 ex

108 1352 342 1392 humorum
381 1358 529 1392 autem
568 1352 859 1393 redundantia
902 1354 1042 1394 morbi
1084 1355 1333 1407 gignuntur,
1373 1362 1417 1396 et
1457 1356 1574 1409 vale-

107 1425 271 1466 tudinis
302 1426 586 1478 perturbatio.
653 1426 754 1467 Huc
786 1428 966 1476 accedit,
998 1429 1116 1480 quod
1151 1430 1317 1468 mentio
1349 1429 1433 1469 cibi
1466 1444 1575 1471 mox

107 1498 199 1539 fieri
240 1512 266 1538 a
308 1498 456 1552 regula
501 1499 664 1548 debuit,
706 1513 806 1539 cum
848 1507 970 1541 vetat
1011 1507 1256 1541 externum.
1342 1502 1414 1542 Sic
1456 1503 1574 1543 enim

107 1571 269 1613 habet:
313 1573 445 1612 “Nec
484 1578 614 1612 extra
650 1573 830 1613 domum
868 1574 1016 1614 cibum
1053 1581 1200 1615 sumat
1236 1575 1403 1628 absque
1440 1575 1574 1616 facul-

106 1651 198 1685 tate
231 1644 512 1698 Supe1·ioris.”
578 1645 763 1686 Planum
796 1652 944 1687 autem
978 1654 1043 1688 est
1075 1662 1168 1689 esse
1197 1655 1349 1689 contra
1376 1649 1572 1702 regulam

107 1719 399 1758 domesticum
436 1720 568 1759 etiam
604 1720 750 1759 cibum
785 1720 1155 1773 intempestivum,
1187 1723 1291 1774 quia
1318 1723 1572 1774 valetudini,

107 1792 175 1832 cui
198 1792 475 1844 potissimum
501 1792 650 1844 regula
673 1793 871 1843 consulit,
895 1807 1020 1846 aeque
1046 1801 1174 1835 nocet
1199 1802 1333 1847 atque
1363 1802 1573 1836 externus

106 1865 442 1917 intempestivus
479 1871 522 1904 et
556 1871 683 1905 extra
720 1865 928 1907 ordinem.
1005 1867 1108 1908 Non
1146 1868 1291 1907 minus
1333 1868 1466 1920 igitur
1501 1869 1574 1910 ille

107 1952 241 1991 quam
271 1938 340 1978 hic
369 1938 679 1990 intelligendus
709 1944 774 1979 est
796 1939 1026 1992 prohiberi.
1092 1941 1195 1981 Pars
1218 1942 1334 1981 enim
1358 1942 1573 1994 posterior

106 2011 279 2065 regulae,
317 2026 416 2064 quae
453 2011 599 2051 cibum
634 2011 837 2064 prohibet
874 2019 1001 2053 extra
1037 2014 1232 2064 domum,
1265 2014 1572 2068 complectitur

106 2099 194 2125 non
231 2086 364 2125 modo
401 2085 668 2125 ordinarium
710 2085 868 2136 cibum,
907 2093 953 2127 ut
989 2088 1223 2140 prandium
1265 2094 1341 2128 aut
1382 2101 1568 2138 coenam,

104 2173 253 2200 verum
287 2159 419 2199 etiam
452 2159 861 2208 extraordinarium,
895 2167 937 2201 et
970 2162 1043 2213 qui
1076 2169 1203 2202 extra
1234 2168 1436 2215 tempora
1467 2176 1570 2203 con-

104 2239 228 2273 sueta
264 2233 376 2273 sumi
415 2239 571 2285 potest.
637 2233 697 2273 Et
729 2233 888 2273 idcirco
926 2234 988 2274 ita
1024 2234 1242 2287 loquitur:
1276 2236 1410 2276 “Nec
1441 2242 1569 2277 extra

103 2306 285 2346 domum
319 2306 465 2346 cibum
496 2305 707 2346 sumat:''
741 2320 828 2347 non
861 2313 1009 2347 autem
1042 2309 1148 2348 dicit
1181 2309 1432 2362 “prandeat
1449 2308 1469 2324 '’
1499 2309 1569 2349 vel

103 2380 354 2430 “coenet;”
400 2394 559 2433 nempe
593 2386 641 2420 ut
675 2394 763 2421 uno
796 2381 930 2422 verbo
963 2382 1216 2435 prohiberet
1252 2389 1499 2436 utrumque,
1525 2389 1569 2424 et

104 2454 371 2494 ordinarium
414 2461 457 2494 et
500 2454 897 2495 extraordinarium
939 2456 1085 2496 cibum
1133 2456 1245 2496 foris.
1310 2456 1571 2497 Prohibetur

103 2528 236 2579 igitur
272 2534 315 2568 et
352 2529 538 2569 usitatus
574 2528 696 2569 cibus
734 2529 847 2579 foris,
881 2535 928 2570 ut
965 2544 1092 2572 coena
1132 2531 1201 2571 vel
1242 2531 1488 2584 prandium,
1524 2537 1568 2572 et

104 2603 437 2655 intempestivus
488 2608 620 2656 atque
672 2605 1056 2655 extraordinarius,
1101 2605 1221 2645 domi
1273 2604 1475 2657 forisque,
1519 2610 1567 2645 ut

99 2673 321 2726 jentacula
353 2681 397 2715 et
429 2677 778 2717 comessationes.

191 2749 578 2789 Extraordinarius
621 2755 769 2790 autem
812 2756 856 2791 et
897 2752 1244 2805 intempestivus,
1287 2757 1335 2791 ut
1381 2750 1436 2791 de
1481 2749 1565 2791 hoc

102 2822 220 2874 prius
253 2823 460 2872 dicamus,
484 2823 645 2875 duplici
677 2823 733 2864 de
761 2837 894 2866 causa
921 2825 1018 2878 jure
1039 2825 1305 2879 prohibetur.
1370 2824 1563 2864 Primum

101 2901 281 2948 propter
302 2896 611 2945 valetudinem,
628 2910 727 2949 quae
750 2897 967 2940 inusitatis
991 2905 1034 2939 et
1056 2897 1375 2951 intempestivis
1397 2909 1563 2940 comes-

274 2970 331 3000 FF
366 2972 389 3001 2
1341 2982 1357 2996 .
