1903 3197
274 174 374 224 470
599 163 677 208 De
710 162 902 210 ratione
936 162 1131 208 vivendi
1163 161 1424 209 Socz'elatzk.

523 494 599 530 DE
639 494 941 532 ORDINATA
978 494 1186 532 VICTUS
1227 493 1496 531 RATIONE.

274 588 549 630 ORDINATA
589 589 730 629 victus
766 589 876 630 ratio
913 589 1134 643 duplicem
1177 595 1348 642 spectat
1390 589 1598 638 ordinem,
1631 594 1742 630 tem-

270 663 390 718 poris
412 662 576 703 scilicet
599 669 641 704 et
664 664 871 704 ciborum.
937 663 1050 704 Haec
1081 670 1229 704 autem
1259 665 1419 717 partim
1452 678 1508 704 ex
1539 664 1740 704 instituto

270 737 487 790 religiosae
511 737 766 791 disciplinae,
786 743 830 778 et
852 752 1014 787 eorum,
1034 739 1108 791 qui
1130 745 1337 791 praesunt,
1360 738 1742 779 administratione

270 812 462 865 pendet;
514 812 676 865 partim
719 825 777 851 ex
819 811 1162 865 uniuscujusque
1204 813 1439 866 prudentia
1480 827 1530 853 ac
1572 819 1744 866 tempe-

271 886 422 927 rantia.

329 1025 355 1081 ξ
387 1035 546 1068 1.-—DE
578 1034 931 1066 ORDINATIONE
964 1035 1078 1074 QUAE
1111 1035 1175 1065 EX
1208 1036 1684 1067 ADMINISTRATIONE

906 1092 1113 1124 PENDET.

363 1175 578 1215 Dicamus
606 1174 725 1228 prius
751 1175 805 1214 de
834 1174 987 1227 priore,
1011 1180 1166 1228 postea
1195 1176 1250 1216 de
1279 1175 1529 1229 posteriore.
1590 1175 1744 1229 Atque

275 1263 327 1291 ea
360 1250 539 1302 quidem
575 1263 673 1302 quae
712 1262 769 1289 ex
806 1248 1009 1302 religioso
1046 1249 1289 1303 disciplinae
1327 1251 1529 1291 instituto
1565 1250 1742 1304 pendet,

275 1330 319 1365 et
351 1329 528 1377 tempus
559 1323 805 1377 praescribit
837 1324 1008 1374 edendi,
1036 1329 1079 1364 et
1111 1325 1326 1365 rationem
1359 1325 1566 1365 ciborum.

365 1398 526 1451 Quoad
584 1403 771 1450 tempus,
823 1398 884 1437 sic
939 1397 1075 1438 habet
1125 1399 1381 1439 constitutio
1407 1412 1414 1438 :
1467 1402 1489 1418 “
1513 1400 1746 1440 Statuatur

277 1478 467 1526 tempus,
492 1472 639 1524 quoad
667 1472 760 1524 ejus
788 1471 880 1511 fieri
912 1472 1085 1524 poterit,
1107 1473 1279 1522 edendi,
1301 1473 1503 1524 cubandi,
1526 1473 1744 1526 surgendi,

277 1546 396 1600 quod
434 1545 728 1586 communiter
759 1545 1048 1586 observent.’'1
1110 1547 1307 1600 Tempus
1339 1548 1455 1587 enim
1493 1553 1660 1587 certum
1693 1561 1743 1587 ac

276 1620 419 1661 fixum
472 1619 591 1660 haud
641 1619 774 1659 dubie
820 1619 1008 1660 multum
1055 1620 1237 1672 adjuvat
1276 1621 1587 1669 valetudinem,
1641 1621 1745 1673 quia

276 1708 435 1748 corpus
464 1693 591 1734 facile
619 1694 830 1733 assuescit
851 1694 1003 1743 ordini,
1027 1700 1075 1734 ut
1098 1695 1141 1733 in
1171 1694 1388 1747 plerisque
1410 1695 1512 1735 vitae
1543 1694 1745 1734 animalis

275 1768 523 1810 actionibus
555 1768 836 1821 perspicuum
869 1773 944 1808 est.
1013 1768 1132 1808 Nam
1164 1768 1320 1809 iisdem
1353 1769 1441 1809 fere
1473 1768 1746 1822 temporibus

276 1856 458 1884 somnus
489 1848 688 1895 occupat,
715 1842 870 1883 iisdem
903 1842 1150 1883 excitamur
1179 1857 1204 1883 a
1233 1857 1400 1892 somno,
1425 1843 1580 1883 iisdem
1613 1843 1745 1883 esuri-

277 1931 376 1958 mus
409 1923 451 1957 et
484 1917 668 1967 sitimus,
697 1922 740 1957 et
771 1916 815 1956 id
851 1930 990 1970 genus
1023 1917 1109 1957 alia
1137 1918 1239 1958 vitae
1272 1931 1452 1958 munera
1484 1918 1747 1971 exequimur

275 1992 404 2032 statis
437 1991 554 2032 horis
587 1998 721 2044 atque
752 1991 1037 2045 temporibus,
1060 1997 1227 2032 naturae
1258 1991 1422 2033 scilicet
1444 1993 1578 2032 ductu
1611 1997 1745 2044 atque

280 2065 484 2119 impulsu,
507 2080 606 2119 quae
629 2071 777 2106 motus
799 2079 901 2106 suos
931 2071 1049 2106 ratos
1078 2080 1128 2107 ac
1156 2071 1408 2107 constantes
1437 2066 1580 2106 habet.
1624 2065 1745 2118 Quo-

279 2142 393 2182 circa
429 2141 650 2194 sapienter
685 2146 991 2194 comparatum
1029 2146 1095 2181 est
1128 2141 1171 2180 in
1208 2142 1412 2181 omnibus
1448 2141 1537 2180 fere
1573 2140 1745 2193 religio-

276 2228 424 2255 sorum
474 2214 661 2264 familiis,
706 2220 753 2254 ut
801 2220 920 2255 certa
967 2228 1017 2254 ac
1065 2220 1231 2255 statuta
1278 2215 1471 2255 habeant
1521 2213 1743 2255 reficiendi

275 2293 490 2341 tempora,
515 2288 675 2340 quibus
701 2301 788 2328 non
811 2287 1024 2340 religiosae
1054 2288 1231 2328 familiae
1261 2288 1406 2338 modo,
1428 2301 1580 2328 verum
1610 2287 1744 2328 etiam

277 2374 510 2415 corporum
552 2361 793 2402 valetudini
845 2361 1104 2402 consulatur.
1189 2362 1322 2415 Quod
1364 2363 1543 2415 quidem
1586 2361 1744 2402 edendi

276 2441 456 2489 tempus
494 2436 587 2475 sine
623 2436 884 2476 necessitate
920 2449 1008 2476 non
1045 2436 1289 2490 anticipant
1325 2450 1405 2477 nec
1441 2441 1745 2489 postponunt:

278 2523 336 2551 ex
359 2511 622 2550 necessitate
643 2515 791 2550 autem
810 2510 982 2551 duobus
1001 2511 1144 2551 modis
1166 2511 1419 2564 anticipant.
1470 2511 1574 2551 Uno
1597 2511 1743 2561 modo,

276 2597 377 2624 cum
410 2584 645 2637 prandium
678 2584 773 2624 iniri
806 2585 1018 2625 maturius
1044 2599 1069 2625 a
1091 2584 1419 2625 valetudinariis
1440 2591 1576 2638 atque
1607 2585 1744 2626 imbe—

274 2658 446 2699 cillibus
487 2658 667 2710 volunt;
710 2672 812 2699 nam
856 2659 902 2700 B.
938 2659 1201 2701 Benedictus
1252 2660 1295 2700 in
1347 2660 1508 2714 regula,
1551 2673 1651 2700 cum
1688 2660 1744 2700 de

276 2732 446 2774 alendis
484 2734 660 2774 senibus
697 2734 940 2787 puerisque,
975 2735 1048 2787 qui
1091 2734 1273 2775 infirmis
1315 2734 1403 2776 fere
1433 2735 1594 2775 viribus
1630 2741 1743 2785 sunt,

275 2806 479 2861 loquitur,
505 2809 565 2849 ita
588 2809 674 2849 ait:
699 2810 719 2827 “
736 2807 1050 2849 Consideretur
1080 2822 1255 2863 semper
1286 2810 1329 2849 in
1362 2809 1422 2849 eis
1455 2808 1742 2857 imbecillitas,

848 2905 860 2925 ¹
885 2915 915 2948 3.
937 2918 968 2949 p.
990 2918 1016 2940 c.
1037 2916 1066 2939 2.
1089 2909 1104 2947 g
1129 2916 1159 2940 2.
