1903 3197
543 143 610 188 sn
644 141 863 203 Regulas
898 139 1158 186 Modesliae.
1496 138 1590 196 589

121 278 236 319 clare
269 277 578 317 Bonaventura
610 274 666 314 de
699 273 832 314 Infor.
856 287 951 314 nov.
976 287 1008 313 c.
1036 281 1069 323 5.
1093 271 1338 325 significat:
1383 269 1467 311 “Si
1501 283 1590 310 non

121 349 294 399 habes‚’'
319 349 472 402 inquit,
492 352 514 368 “
530 348 810 388 devotionem
835 347 1026 396 interius,
1049 345 1207 386 saltem
1231 357 1440 385 conserva
1463 343 1591 384 disci-

122 424 301 478 plinam,
335 429 378 463 et
416 435 588 462 morum
626 421 890 474 gravitatem
922 420 1146 460 humiliter
1177 419 1383 468 exterius,
1414 423 1595 471 propter

1135 492 1154 508 l)

124 497 411 538 reverentiam
451 496 547 545 Dei,
571 502 614 536 et
643 494 828 535 aliorum
861 493 1129 547 exemplum.
1219 492 1278 533 Et
1305 492 1426 544 jure:
1459 491 1596 531 tacita

125 572 241 612 enim
264 571 470 624 quaedam
493 570 646 610 concio
669 574 735 609 est
763 568 956 608 exterior
987 567 1121 607 homo
1153 567 1265 607 bene
1296 567 1567 619 compositus
1588 579 1597 605 :

125 646 243 698 quod
276 644 449 697 egregie
481 643 720 683 declaravit
751 656 831 683 suo
863 641 980 683 facto
1013 642 1176 682 Beatus
1211 641 1482 687 Franciscus,
1519 640 1595 691 qui

125 732 224 760 cum
276 718 484 758 comitem
536 717 630 765 sibi,
673 718 798 769 quasi
840 716 897 756 ad
945 714 1298 757 concionandum
1353 714 1413 753 ire
1452 712 1595 762 vellet,

125 792 415 845 adjunxisset,
438 791 553 831 foras
575 805 784 844 egressus,
809 791 1059 844 composito
1091 789 1148 830 acl
1183 788 1447 829 modestiam
1471 787 1594 827 vultu

125 873 308 919 totoque
330 880 522 919 corpore,
546 867 699 907 urbem
722 867 925 906 circuisse
948 865 1109 906 dicitur
1136 864 1245 904 miro
1268 863 1454 911 silentio,
1480 861 1600 902 nulla

126 941 279 982 habita
300 942 510 982 concione
531 956 537 981 :
571 942 754 982 domum
778 955 985 991 reversus,
1009 954 1109 981 cum
1133 945 1360 992 rogaretur
1385 952 1410 978 a
1437 938 1600 978 comite

127 1016 357 1068 ecquando
380 1016 637 1056 concionem
660 1015 887 1055 habiturus
911 1015 1055 1055 esset?
1108 1013 1219 1053 “An
1244 1026 1330 1053 non
1355 1010 1599 1064 intelligis,'’

128 1090 281 1143 inquit,
306 1093 398 1130 “ex
429 1091 524 1143 ipsa
551 1095 699 1130 nostra
721 1089 966 1142 prodeundi
992 1089 1161 1129 ratione
1183 1100 1316 1140 quam
1340 1086 1598 1126 concionem

128 1162 468 1204 habuerimus?’'
502 1164 613 1204 tanti
641 1164 906 1204 exteriorem
938 1163 1128 1215 speciem
1161 1161 1514 1212 modestiamque
1536 1160 1602 1199 vir

130 1237 430 1278 sanctissimus
473 1236 671 1278 faciebat.
737 1237 806 1286 Et,
842 1243 890 1277 ut
927 1236 1133 1276 omittam
1180 1235 1356 1274 Patrem
1399 1240 1599 1273 nostrum

131 1311 369 1363 Ignatium,
393 1312 448 1350 de
480 1324 567 1363 quo
602 1310 808 1351 Maffeius
842 1310 864 1351 l.
892 1320 926 1361 3.
952 1324 983 1349 c.
1015 1310 1074 1349 16.
1099 1308 1224 1361 plura
1254 1308 1296 1347 in
1331 1307 1414 1346 hoc
1443 1318 1602 1359 genere

131 1384 306 1434 scribit;
339 1385 394 1424 de
419 1384 639 1424 Malachia
662 1385 795 1425 etiam
819 1384 1027 1436 episcopo
1056 1384 1115 1422 ita
1148 1381 1343 1435 prodidit
1375 1381 1601 1420 memoriae

132 1458 413 1499 Bernardus:
476 1462 498 1478 “
523 1458 587 1499 Ut
638 1464 809 1498 taceam
863 1457 1113 1497 interiorem
1165 1455 1404 1501 hominem,
1459 1454 1602 1505 ipsum

132 1531 396 1572 exteriorem
440 1532 501 1572 ita
544 1545 631 1571 uno
673 1544 846 1583 semper
883 1530 1017 1570 modo
1053 1531 1236 1582 ipsoque
1275 1527 1603 1567 modestissimo

131 1620 181 1646 ac
219 1606 528 1646 decentissimo
565 1606 710 1658 gessit,
746 1611 794 1645 ut
832 1604 939 1644 nihil
977 1617 1152 1656 prorsus
1189 1606 1422 1655 appareret
1460 1600 1502 1639 in
1538 1614 1603 1649 eo,

134 1680 253 1733 quod
277 1685 426 1732 posset
449 1679 671 1719 offendere
692 1679 912 1719 intuentes
933 1677 975 1727 ;''
1001 1683 1045 1717 et
1067 1691 1174 1716 mox
1193 1691 1200 1716 :
1235 1678 1256 1695 “
1272 1674 1384 1727 Quis
1407 1687 1601 1726 unquam

132 1754 303 1794 etiamsi
337 1753 546 1793 curiosius
579 1752 830 1801 observarit,
854 1750 1148 1804 deprehendit
1179 1750 1370 1789 otiosum
1395 1761 1481 1788 non
1504 1748 1604 1787 dico

133 1828 328 1876 verbum,
373 1828 449 1868 sed
492 1827 678 1867 nutum?
723 1826 820 1879 quis
862 1838 1046 1865 manum
1090 1824 1307 1877 pedemve
1350 1828 1603 1862 moventem

136 1902 323 1942 frustra?
367 1901 455 1941 imo
488 1900 594 1953 quid
626 1913 713 1940 non
746 1899 969 1940 aedificans
1002 1898 1044 1937 in
1078 1897 1171 1949 ejus
1203 1897 1386 1943 incessu,
1411 1900 1604 1947 aspectu,

136 1976 301 2024 habitu,
340 1974 528 2015 vultu?''
605 1975 674 2014 De
716 1974 811 2026 ipso
850 1973 989 2013 Beato
1027 1970 1252 2011 Bernardo
1294 1970 1337 2009 in
1381 1968 1474 2020 ejus
1515 1969 1608 2008 vita

139 2051 199 2090 sic
226 2049 437 2102 legimus:
473 2048 656 2088 “Tanta
690 2053 782 2087 erat
817 2046 1032 2086 interioris
1068 2044 1161 2097 ejus
1194 2043 1385 2083 hominis
1419 2041 1609 2095 pulchri-

138 2125 259 2174 tudo,
283 2130 330 2164 ut
367 2123 643 2163 evidentibus
680 2121 945 2174 quibusdam
985 2119 1155 2159 indiciis
1192 2118 1309 2158 foras
1347 2121 1607 2169 erumperet,

141 2204 184 2239 et
206 2199 261 2238 de
284 2197 460 2238 cumulo
495 2197 677 2236 internae
711 2195 915 2248 puritatis
950 2201 993 2234 et
1026 2193 1179 2246 gratiae
1202 2191 1379 2244 copiose
1405 2189 1610 2244 profusus

140 2272 274 2312 homo
297 2284 476 2324 quoque
498 2270 691 2310 exterior
711 2267 969 2309 videretur.'’

231 2345 319 2386 Sed
355 2358 454 2385 cum
490 2357 653 2396 magna
685 2342 897 2395 religiosis
930 2341 1135 2381 omnibus
1166 2339 1371 2379 habenda
1404 2343 1470 2378 est
1502 2337 1611 2377 ratio

143 2418 349 2471 exempli,
386 2417 662 2471 publicaeque
705 2415 1021 2463 :edificationis
1058 2421 1154 2454 tum
1198 2413 1248 2453 iis
1291 2412 1364 2464 qui
1402 2410 1608 2464 juvandis

144 2493 301 2533 animis
343 2506 388 2532 se
431 2492 657 2532 dederunt.
742 2490 972 2531 Falluntur
1023 2489 1150 2537 enim,
1185 2488 1219 2527 si
1262 2486 1396 2526 verbo
1438 2491 1612 2526 tantum

146 2566 403 2607 existimant
441 2579 486 2605 se
528 2579 656 2618 posse
692 2564 861 2604 caeteris
898 2563 1156 2615 adjumento
1191 2573 1313 2610 esse3
1356 2558 1613 2611 exemplum

147 2645 322 2692 oportet
348 2639 585 2691 praebeant,
610 2638 891 2690 speciemque
913 2637 1095 2683 virtutis,
1120 2635 1328 2675 virtutem
1350 2631 1616 2686 persuadere

147 2714 181 2754 si
223 2712 367 2752 velint.
443 2712 559 2764 Quia
600 2711 698 2765 plus
735 2716 802 2751 est
837 2711 893 2751 ad
931 2708 1287 2764 persuadendum
1325 2707 1369 2746 in
1407 2704 1615 2758 exemplo

149 2800 283 2840 quam
321 2786 364 2826 in
401 2799 601 2826 sermone
638 2785 860 2826 momenti.
925 2783 1198 2836 Exemplum
1242 2786 1389 2821 autem
1431 2778 1618 2833 praeberi

151 2875 239 2902 non
273 2866 432 2915 potest,
455 2860 536 2900 nisi
569 2860 841 2900 extrinsecus
872 2863 1049 2912 pateat:
1082 2870 1169 2897 non
1208 2856 1324 2896 enim
1362 2868 1461 2908 quae
1498 2853 1617 2894 intus
