1903 3197
277 182 371 229 502
604 166 686 212 De
717 166 908 212 ratione
941 165 1133 212 vivendi
1166 164 1427 212 societatis.

271 304 320 341 ut
340 299 549 353 pristinus
580 297 777 338 medicus
805 297 1055 347 advocetur,
1078 298 1218 351 possit
1251 297 1434 338 forsitan
1467 297 1505 337 ei
1538 298 1717 338 concedi
1735 310 1748 347 ;

271 372 376 426 quia
411 373 620 425 antiquus
663 377 707 412 et
741 372 929 412 usitatus
971 371 1167 412 medicus
1209 370 1364 411 melius
1407 369 1519 411 forte
1563 370 1746 419 noverit,

272 445 652 500 quemadmodum
720 444 938 485 curandus
993 446 1051 485 sit
1108 458 1234 498 aeger,
1290 457 1424 497 quam
1479 444 1751 485 domesticus

273 526 431 561 noster.
507 518 638 559 Alter
666 532 793 559 casus
830 524 981 572 potest
1013 519 1214 567 incidere,
1248 532 1347 558 cum
1381 517 1523 558 morbi
1555 517 1747 570 gravitas

272 601 398 636 tanta
430 600 506 642 est,
530 599 579 634 ut
610 607 698 634 non
734 593 861 633 unius
897 594 1054 634 medici
1089 593 1255 645 judicio
1292 592 1500 632 standum
1534 592 1749 642 videatur,

273 667 352 709 sed
389 667 537 721 plures
576 668 664 707 sint
698 667 955 715 advocandi,
985 680 1171 720 quorum
1207 666 1388 706 consilio
1423 665 1665 706 ordinarius
1696 679 1747 705 ac

275 742 544 783 domesticus
585 741 782 781 medicus
825 740 1083 793 adjuvetur;
1139 740 1182 780 id
1233 740 1352 792 quod
1402 740 1444 778 in
1495 739 1746 779 morborum

274 816 478 869 periculis
521 815 608 855 fere
650 814 709 855 fit.
793 814 969 853 Tertius
1010 819 1158 866 potest
1200 828 1306 863 esse,
1349 827 1448 853 cum
1502 813 1753 852 ordinarius

275 890 472 930 medicus
494 902 649 942 parum
683 888 914 940 experiens
948 887 1302 940 deprehenditur,
1327 887 1421 939 ejus
1455 887 1622 926 curatio
1658 899 1744 926 non

276 964 381 1004 satis
411 962 634 1015 probatur,
658 974 738 1001 nee
767 967 917 1000 tamen
949 960 1158 1001 continuo
1187 960 1316 1011 justis
1349 960 1404 999 de
1427 960 1568 1000 causis
1600 959 1753 999 dimit-

275 1036 435 1077 tendus
475 1035 675 1076 videtur:
723 1040 819 1074 tum
857 1034 954 1086 jure
995 1040 1156 1087 posset,
1200 1035 1243 1073 in
1296 1033 1462 1073 morbis
1503 1032 1750 1086 praesertim

276 1109 460 1162 alicujus
493 1108 717 1158 momenti,
740 1108 920 1161 peritior
946 1108 1142 1148 medicus
1172 1107 1384 1147 advocari.
1433 1106 1516 1146 His
1547 1106 1754 1159 exceptis

273 1183 548 1236 temporibus
571 1182 691 1222 nulla
720 1194 852 1222 causa
874 1187 951 1230 est,
975 1195 1051 1221 cur
1072 1187 1339 1233 aegrotorum
1362 1181 1575 1221 arbitratu
1600 1186 1748 1221 extra—

276 1257 519 1297 ordinarius
553 1257 749 1296 medicus
780 1256 1027 1296 advocetur.
1091 1255 1225 1295 Adde
1255 1256 1400 1304 etiam,
1424 1255 1543 1307 quod
1577 1254 1622 1294 id
1654 1255 1747 1294 sine

276 1330 507 1372 domestici
545 1330 789 1369 offensione
827 1329 985 1370 medici
1028 1328 1116 1369 fere
1158 1342 1245 1370 non
1287 1329 1366 1378 fit;
1414 1334 1509 1368 tum
1552 1328 1671 1380 quod
1714 1328 1757 1368 is

277 1404 500 1445 contemni
533 1417 579 1443 se
611 1402 944 1455 quodammodo
981 1408 1120 1455 putet,
1143 1408 1238 1442 tum
1276 1402 1394 1454 quod
1433 1401 1526 1454 ejus
1565 1401 1746 1441 curandi

276 1478 389 1518 ratio
440 1476 698 1529 plerumque
752 1477 1012 1516 immutatur
1061 1489 1088 1515 a
1139 1489 1265 1524 novo,
1319 1475 1632 1527 dissimilisque
1683 1480 1749 1515 est

277 1551 505 1603 utriusque
547 1550 724 1589 curatio.
802 1550 875 1589 Ex
911 1563 997 1601 qua
1039 1549 1397 1588 dissimilitudine
1447 1562 1497 1588 ac
1538 1548 1749 1589 varietate

277 1638 398 1677 saepe
431 1623 621 1664 deterior
657 1623 843 1662 efficitur
876 1636 1001 1675 aeger,
1031 1629 1074 1663 et
1103 1623 1278 1676 gravius
1309 1622 1590 1674 periclitatur,
1615 1634 1753 1674 quam.

279 1698 314 1738 si
347 1698 404 1737 ab
434 1711 521 1737 uno
553 1703 727 1736 tantum
760 1710 902 1748 eoque
935 1697 1097 1736 usitato
1129 1696 1302 1736 medico
1334 1701 1583 1744 curaretur;
1615 1700 1758 1747 atque

276 1771 379 1812 hinc
414 1771 589 1824 plurimi
624 1770 855 1823 perierunt.
921 1770 1055 1810 Mitto
1092 1783 1229 1810 novas
1263 1782 1493 1821 expensas,
1516 1782 1614 1820 quae
1649 1781 1749 1807 cum

277 1847 321 1885 in
354 1858 517 1885 novum
550 1851 594 1884 et
621 1843 1022 1884 extraordinarium
1055 1843 1287 1892 medicum,
1310 1843 1383 1895 qui
1415 1855 1540 1882 suam
1574 1855 1757 1894 quoque:

277 1918 526 1960 mercedem
559 1918 711 1970 exigit,
739 1923 835 1957 tum
873 1917 917 1957 in
955 1916 1048 1969 ejus
1087 1917 1410 1957 medicamenta
1446 1915 1536 1955 fieri
1574 1915 1748 1955 debent.

276 1992 389 2046 Quae
423 1991 603 2045 quidem
636 1998 684 2032 ut
715 1991 758 2030 in
792 2004 896 2031 vera
935 1992 1196 2031 necessitate
1232 1990 1431 2033 honestae
1468 1995 1511 2029 et
1543 1989 1747 2036 ferendae,

277 2067 339 2108 ita
370 2079 470 2106 cum
500 2079 603 2106 vera
635 2065 873 2106 necessitas
905 2065 1041 2114 abest,
1064 2064 1218 2104 alienae
1251 2064 1308 2104 ab
1336 2064 1546 2104 institutis
1577 2063 1757 2113 nostris„

278 2146 322 2181 et
354 2139 557 2192 religiosa
590 2144 853 2192 paupertate
885 2139 1117 2178 censendae
1139 2144 1251 2178 sunt.

367 2213 458 2253 Cur
499 2218 647 2252 autem
683 2225 738 2251 ne
771 2211 1030 2251 consulendi
1068 2211 1247 2263 quidem
1285 2210 1442 2250 medici
1479 2215 1753 2262 potestatem·

279 2286 430 2339 regula
481 2285 623 2332 faciat,
667 2286 889 2338 praecipua
941 2298 1072 2324 causa
1123 2289 1270 2337 potest
1321 2297 1426 2333 esse,
1478 2283 1581 2335 quia
1631 2296 1749 2336 saepe

279 2359 486 2413 quaedam
528 2359 585 2399 ab
627 2372 679 2398 eo
721 2358 1076 2411 praescribuntur,
1117 2370 1217 2409 quae
1254 2370 1354 2397 cum
1400 2357 1492 2396 fieri
1538 2362 1615 2397 aut
1661 2369 1754 2397 non.

277 2433 450 2487 possint
500 2438 576 2472 aut
618 2445 704 2472 non
747 2432 912 2480 deceat,
956 2431 1141 2471 moleste
1186 2430 1296 2471 serat
1348 2444 1525 2470 necesse
1566 2435 1632 2470 est
1673 2431 1748 2482 qui

279 2520 381 2548 eum
405 2506 633 2547 consuluit.
697 2504 882 2554 Deinde,
905 2517 959 2544 ne
983 2504 1080 2557 quis
1102 2504 1367 2545 valetudinis
1389 2504 1567 2544 nomine
1589 2503 1751 2543 medici

279 2581 462 2623 consilio
504 2580 627 2621 abuti
670 2579 810 2632 possit
850 2578 907 2618 ad
945 2591 997 2618 ea
1036 2578 1215 2618 forsitan
1252 2592 1351 2631 quae
1394 2577 1576 2631 expetit,
1611 2577 1749 2630 impe-

280 2655 450 2704 tranda,
472 2660 521 2694 ut
542 2652 626 2694 loci
660 2653 963 2701 mutationem,
986 2651 1149 2692 laboris
1181 2652 1314 2692 etiam
1347 2657 1424 2692 aut
1450 2650 1759 2704 occupationis

279 2729 636 2777 allevamentum,
659 2726 980 2766 relaxationem
1015 2726 1058 2765 in
1090 2725 1239 2778 aliquo
1276 2739 1460 2774 secessu,
1491 2724 1755 2765 balneorum.

282 2816 421 2852 usum,
445 2807 488 2842 et
511 2801 554 2841 id
578 2814 717 2854 genus
740 2799 834 2840 alia.
899 2797 1011 2850 Quae
1036 2811 1144 2839 mox
1168 2799 1326 2839 medici
1355 2812 1442 2839 non
1470 2812 1549 2838 sua
1580 2801 1757 2850 sponte„

281 2876 359 2916 sed
398 2875 501 2928 quia
531 2889 557 2915 a
589 2873 778 2914 subditis
819 2878 921 2913 sunt
954 2872 1217 2926 praemonsti,
1250 2870 1599 2913 moderatoribus
1631 2881 1760 2922 saepe·
