1903 3197
216 176 296 222 De
317 175 632 222 immoderata
655 176 867 236 corporis
889 176 1198 238 castzjgatz‘one
1220 178 1431 225 vitanda.
1497 192 1596 237 449

127 418 157 473 ξ
175 429 328 461 I.—-DE
352 429 687 460 IMMODERATA
708 429 946 460 CORPORIS
968 429 1332 461 CASTIGATIONE
1353 431 1588 464 VITANDA.

215 527 319 566 Tria
349 528 547 566 nominat
576 526 617 567 S.
637 526 835 578 Ignatius
864 527 1109 578 castigandi
1135 528 1328 579 corporis
1350 541 1520 579 genera,
1545 531 1587 569 in

130 600 288 652 quibus
317 601 626 640 immoderatio
656 599 766 640 forte
795 600 1031 653 contingat,
1054 606 1098 640 et
1119 600 1205 640 alia
1233 601 1438 653 quaedam
1460 616 1594 653 gene-

131 674 259 713 ratim
312 674 500 725 attingit.
564 673 844 713 Nominatim
896 674 1075 726 quidem
1127 680 1364 723 enumerat,
1406 674 1589 726 vigilias,

129 747 454 794 abstinentiam,
487 746 683 796 labores;
716 747 894 799 attingit
926 753 1073 787 autem
1105 747 1191 787 alia
1223 748 1428 799 quaedam
1459 761 1590 799 gene-

129 822 269 870 ratim,
292 834 391 860 cum
414 821 519 860 dicit
541 823 620 860 “et
643 821 736 860 aliis
758 821 1028 873 poenitentiis
1050 820 1279 861 externis.”
1337 822 1416 861 Eae
1439 828 1586 861 autem

128 900 217 934 tres
251 908 344 934 esse
377 900 561 946 possunt
595 894 828 947 praecipuae
862 901 905 935 et
937 895 1037 934 viris
1071 896 1232 934 sanctis
1266 895 1450 942 usitatae,
1479 909 1588 947 quas

129 968 354 1008 nominare
388 981 474 1007 non
508 981 684 1007 necesse
716 967 880 1016 habuit,
915 968 1171 1016 verberatio,
1207 968 1406 1016 cilicium,
1441 968 1585 1008 humi-

128 1041 314 1080 cubatio.
383 1041 434 1080 In
477 1041 635 1092 quibus
676 1040 880 1081 omnibus
931 1041 1168 1081 subeundis
1219 1041 1374 1081 excedi
1427 1042 1585 1081 modus

128 1119 285 1165 potest.

216 1186 305 1227 Sed
328 1200 403 1226 cur
423 1187 506 1226 tria
527 1186 600 1226 illa
621 1186 859 1227 dumtaxat
880 1188 1078 1227 nominat
1108 1187 1149 1228 S.
1169 1188 1379 1240 Ignatius,
1402 1187 1582 1240 vigilias,

129 1259 311 1309 labores,
335 1260 656 1308 abstinentiam,
679 1261 825 1312 potius
855 1274 988 1313 quam
1013 1262 1371 1308 verberationem,
1396 1261 1584 1301 cilicium

128 1338 172 1372 et
193 1332 443 1383 hujusmodi
468 1332 561 1380 alia,
586 1346 684 1385 quae
706 1340 855 1373 tamen
876 1334 978 1373 viris
1000 1335 1160 1373 sanctis
1191 1335 1386 1373 maxime
1414 1335 1588 1374 usitata:

127 1405 335 1446 fuerunt?
398 1406 499 1445 Non
535 1406 651 1445 enirn
685 1407 932 1459 putandum
967 1413 1033 1446 est
1065 1413 1230 1447 temere
1266 1413 1342 1447 aut
1378 1421 1479 1447 casu
1517 1407 1589 1446 illa

127 1480 274 1532 potius
310 1493 443 1531 quam
479 1479 573 1519 haec
607 1480 868 1519 nominatim
905 1494 1159 1520 enumerare
1195 1480 1393 1520 voluisse.
1458 1480 1591 1520 Ratio

128 1558 275 1592 autem
312 1552 479 1605 duplex
512 1566 606 1592 esse
637 1559 809 1606 potest;
847 1553 984 1594 altera
1015 1555 1118 1606 quia
1150 1553 1222 1594 illa
1255 1555 1338 1593 tria
1369 1554 1591 1606 superiora

129 1626 269 1677 magis
305 1626 532 1678 sapientiae
565 1626 811 1678 rationique
846 1633 1140 1667 consentanea
1175 1627 1406 1676 videntur;
1455 1627 1591 1667 altera

128 1699 231 1750 quia
271 1699 489 1739 Institutis
526 1700 684 1740 nostris
722 1700 862 1752 magis
899 1701 1243 1741 accommodata.
1310 1701 1455 1753 Magis
1498 1715 1592 1741 esse

129 1772 356 1824 sapientiae
381 1778 424 1812 et
445 1773 691 1825 prudentiae
714 1773 898 1826 intelligi
920 1780 1067 1826 potest
1089 1788 1146 1814 ex
1169 1774 1367 1823 duobus3
1400 1775 1590 1826 primum

128 1858 186 1885 ex
221 1844 381 1885 Christi
413 1845 513 1893 vita,
538 1846 697 1885 deinde
728 1860 786 1885 ex
818 1846 982 1886 lumine
1013 1847 1234 1899 ductuque
1263 1848 1452 1887 rationis.
1518 1848 1590 1887 Ex

131 1917 292 1958 Christi
316 1920 418 1968 vita,
452 1919 554 1971 quia
586 1919 628 1958 in
661 1919 743 1958 illis
777 1919 937 1960 Christi
969 1920 1183 1960 habemus
1215 1920 1483 1973 exemplum,
1517 1922 1591 1972 qui

130 1992 346 2044 sapientia
385 1992 523 2032 Patris
564 1999 640 2041 est,
678 1994 721 2032 in
758 1993 853 2032 aliis
890 1999 1037 2033 autem.
1075 2007 1162 2033 non
1200 1995 1315 2034 item.
1380 1993 1590 2045 Legimus

128 2065 244 2104 enim
282 2078 382 2104 eum
420 2065 590 2105 labores
621 2067 813 2118 corporis
845 2067 1097 2119 suscepisse,
1132 2080 1231 2106 cum
1268 2067 1590 2119 peregrinando

127 2138 324 2189 quotidie
352 2138 548 2190 pedibus,
578 2144 673 2178 turn
707 2139 882 2179 assidue
915 2140 1003 2179 suis
1032 2140 1256 2192 discipulis
1290 2140 1589 2187 ministrando,

129 2216 172 2250 et
194 2211 279 2250 Dei
301 2211 436 2251 verbo
458 2212 767 2264 praedica11d0;
800 2212 986 2265 legimus
1009 2214 1203 2261 esurisse,
1228 2219 1271 2253 et
1298 2213 1591 2265 quadraginta

128 2283 220 2323 dies
249 2284 497 2336 jejunasse;
530 2285 716 2338 legimus
745 2286 916 2326 crebras
950 2288 1090 2339 egisse
1115 2286 1285 2339 vigilias
1319 2286 1363 2326 in
1395 2286 1592 2326 oratione

128 2358 440 2409 pernoctando.
506 2357 573 2398 At
614 2359 702 2398 suis
742 2373 789 2399 se
830 2359 1031 2399 manibus
1071 2360 1333 2408 verberasse,
1371 2360 1508 2399 saccis
1546 2372 1592 2398 se

130 2431 361 2481 operuisse,
386 2431 429 2471 in
453 2432 572 2472 nuda
593 2431 728 2472 humo
750 2446 954 2473 somnum
977 2447 1132 2486 capere
1153 2433 1352 2481 voluisse,
1372 2445 1590 2484 nusquam

129 2502 342 2554 legimus;
383 2518 469 2544 non
502 2506 620 2558 quod
654 2507 714 2545 eis
746 2507 925 2547 omnino
957 2521 1060 2546 usus
1092 2521 1179 2547 non
1211 2508 1279 2556 sit,
1311 2511 1387 2546 aut
1419 2519 1470 2545 ea
1502 2519 1590 2545 non

127 2576 340 2627 probavit,
372 2591 471 2629 quae
506 2579 608 2618 viris
641 2579 925 2619 sanctissimis
962 2581 1124 2620 usitata
1154 2580 1339 2628 fuerunt,
1371 2579 1448 2618 sed
1486 2578 1589 2630 quia

129 2649 172 2688 in
206 2649 256 2688 iis
290 2649 418 2690 rebus
452 2651 578 2691 nobis
612 2653 819 2705 exemplo
854 2667 947 2693 esse
982 2653 1146 2703 maluit,
1181 2667 1280 2706 quae
1315 2652 1454 2704 magis
1488 2664 1588 2703 pru-

129 2722 290 2763 dentiae
326 2730 368 2764 et
401 2725 627 2777 sapientiae
661 2733 954 2767 consentanea
988 2741 1082 2767 esse
1110 2727 1382 2775 videbantur,
1410 2730 1458 2764 ut
1487 2737 1587 2764 eum

130 2796 334 2836 nimirum
373 2798 532 2838 imitari
569 2798 750 2850 quilibet
786 2806 944 2852 posset.
1009 2800 1183 2840 Deinde
1224 2799 1434 2852 probatur
1470 2797 1587 2837 idem

127 2867 292 2911 lumine
328 2871 424 2924 ipso
457 2872 680 2925 ductuque
713 2874 916 2916 rationis:
950 2874 1152 2926 primum,
1187 2874 1288 2925 quia
1323 2872 1395 2913 illa
1429 2869 1590 2924 asperi-

303 2945 371 2976 DD
