1903 3197
272 163 364 207 268
589 162 669 207 De
700 161 889 207 ratione
922 159 1115 207 vivendi
1146 159 1405 206 Socz'etatz's.

270 293 385 334 illius
420 292 517 342 diei,
553 298 596 333 et
629 293 870 345 singulares
911 292 1059 345 lapsus
1096 297 1247 331 notare
1282 305 1333 331 ac
1373 291 1616 343 perspicere
1652 304 1733 331 nos

273 373 457 419 oportet,
484 380 634 406 verum
667 367 799 407 etiam
833 367 976 419 ipsum
1008 367 1109 406 vitae
1144 378 1331 413 cursum,
1364 370 1407 404 et
1435 365 1527 404 vias
1561 370 1731 404 nostras

275 440 483 480 universe.
568 441 691 481 Sicut
742 446 890 480 monet
943 440 1130 493 Spiritus
1173 438 1387 479 Sanctus:
1441 438 1589 478 “Vide
1640 438 1732 478 vias

272 512 429 561 tuas,''1
466 521 513 553 ut
549 521 677 554 rectae
715 528 768 554 ne
802 516 889 554 sint
923 528 977 554 an
1019 528 1177 566 pravae,
1211 519 1255 552 et
1292 519 1436 552 utrum
1470 513 1513 551 in
1551 512 1601 551 iis
1633 525 1733 564 pro-

273 588 480 627 cedamus
523 601 578 627 an
612 589 874 637 insistamus,
917 594 993 628 aut
1033 588 1178 640 potius
1221 585 1528 639 regrediamur,
1573 586 1733 625 sentire

272 665 406 713 atque
447 661 796 701 animadvertere
837 663 1064 714 possimus.
1128 662 1257 709 Nam,
1282 664 1442 700 “mens
1481 665 1627 699 nostra
1658 673 1737 712 per

274 741 500 774 momenta
528 735 737 783 vivendi,''
768 742 816 775 ut
841 736 902 776 ait
932 736 976 775 B.
996 735 1239 788 Gregorius,
1266 735 1396 787 “ipso
1423 747 1624 774 curarum
1653 747 1733 773 usu

274 821 299 847 a
329 810 565 861 semetipsa
596 815 878 861 permutatur,
913 815 956 848 et
988 822 1075 848 non
1108 809 1398 860 agnoscimus,
1423 808 1503 847 nisi
1536 807 1732 859 vigilanti

274 882 474 921 custodia
508 882 563 921 ad
602 882 805 921 interiora
837 889 985 921 nostra
1018 882 1267 929 residentes,
1301 887 1532 934 provectus
1564 886 1736 920 nostros

274 955 470 1007 quotidie
492 955 776 1007 defectusque
805 953 1098 1007 pensemus.”2
1175 953 1307 1006 Quod
1337 955 1516 1005 quidem
1547 953 1734 993 Sanctus

272 1028 336 1068 vir
365 1027 545 1080 pulchro
578 1027 706 1066 simili
739 1027 1002 1067 declaravit:
1042 1026 1236 1074 “Sicut,’'
1270 1028 1422 1078 inquit,
1448 1030 1572 1065 “non
1604 1027 1735 1066 senti-

274 1115 371 1140 mus
404 1101 628 1153 quomodo
665 1107 865 1141 crescunt
897 1101 1105 1149 membra,
1139 1101 1310 1153 proficit
1342 1114 1509 1152 corpus,
1543 1106 1738 1140 mutatur

275 1175 453 1227 species,
477 1175 657 1227 nigredo
690 1175 949 1227 capillorum
983 1175 1163 1215 albescit
1197 1176 1239 1214 in
1273 1175 1403 1222 canis,
1433 1174 1542 1226 (haee
1576 1174 1738 1226 quippe

276 1247 423 1287 omnia
445 1247 571 1287 nobis
593 1248 886 1287 nescientibus
908 1253 1098 1299 aguntur
1120 1248 1164 1287 in
1189 1247 1341 1299 nobis)
1362 1247 1422 1287 ita
1446 1261 1569 1287 mens
1592 1252 1740 1286 nostra

275 1334 352 1373 per
375 1327 599 1360 momenta
621 1321 795 1360 vivendi
818 1335 842 1360 a
865 1322 1103 1373 semetipsa
1126 1327 1411 1373 permutatur,
1436 1319 1558 1360 etc.''3
1591 1319 1740 1371 Negli-

275 1406 377 1447 gere
419 1401 567 1434 autem
608 1394 692 1433 hoc
729 1394 1035 1446 quotidianum
1080 1394 1298 1442 Examen,
1336 1394 1455 1445 quod
1497 1393 1637 1446 pariat
1675 1392 1740 1432 his

277 1467 348 1507 ille
370 1468 511 1507 verbis
536 1469 731 1520 exponit.
795 1468 932 1507 “Hoc
963 1468 1141 1520 ipsum,‘'
1175 1468 1327 1519 inquit,
1354 1467 1433 1506 “in
1463 1466 1545 1506 hac
1567 1465 1739 1506 mortali

276 1541 366 1581 vita
417 1542 663 1589 consistere,
717 1542 839 1593 quasi
888 1541 943 1580 ad
995 1547 1261 1580 vetustatem
1315 1541 1375 1580 ire
1428 1546 1504 1588 est,
1547 1546 1590 1580 et
1641 1553 1739 1579 cum

280 1614 521 1654 indiscussa
573 1628 698 1654 mens
746 1614 1013 1666 relinquitur,
1058 1614 1100 1652 in
1143 1614 1336 1665 quodam
1388 1613 1510 1653 senio
1556 1613 1743 1664 torporis

279 1689 458 1740 sopitur,
511 1689 613 1739 quia
653 1688 718 1727 sui
766 1688 1002 1740 negligens,
1055 1688 1329 1739 propositum
1383 1687 1512 1726 robur
1563 1686 1744 1725 insensi-

280 1760 425 1801 biliter
461 1762 660 1813 perdens,
698 1774 723 1799 a
757 1760 896 1800 forma
937 1760 1093 1812 prioris
1136 1759 1411 1807 fortitudinis,
1447 1760 1552 1799 dum
1595 1759 1744 1805 nescit,

281 1835 479 1874 senescit.
568 1834 699 1874 Unde
737 1839 780 1873 et
816 1847 894 1886 per
932 1833 1196 1886 Prophetam
1235 1833 1315 1872 sub
1353 1832 1564 1885 Ephraim
1602 1832 1746 1884 specie

282 1908 460 1948 dicitur:
494 1907 811 1948 ‘Comederunt
832 1906 961 1947 alieni
985 1907 1116 1947 robur
1137 1906 1241 1958 ejus,
1258 1913 1302 1946 et
1323 1906 1416 1958 ipse
1438 1906 1638 1955 nescivit3
1669 1905 1744 1945 sed

282 1987 327 2022 et
348 1982 445 2021 cani
464 1981 586 2021 effusi
610 1987 712 2021 sunt
729 1982 771 2020 in
791 1995 853 2029 eo,
873 1987 915 2020 et
933 1981 1025 2033 ipse
1044 1979 1306 2033 ignoravit'4
1339 1980 1450 2020 Cum
1468 1993 1570 2020 vero
1588 1985 1746 2018 semet-

283 2055 424 2108 ipsam
458 2055 624 2107 quaerit,
660 2060 703 2095 et
734 2055 952 2094 subtiliter
982 2054 1240 2107 poenitendo
1266 2067 1312 2093 se
1343 2053 1530 2102 discutit,
1564 2052 1620 2092 ab
1651 2052 1745 2104 ipsa

283 2128 367 2168 hac
388 2134 607 2168 vetustate
639 2141 727 2175 sua,
757 2127 847 2167 lota
879 2127 1083 2179 lacrymis
1115 2133 1159 2166 et
1189 2139 1372 2165 maerore
1404 2126 1591 2174 incensa,
1624 2138 1746 2164 reno-

285 2208 421 2250 vatur,
467 2207 510 2240 et
551 2215 649 2253 quae
688 2201 781 2252 jam
832 2214 960 2252 paene
1012 2201 1250 2239 inveterata
1292 2199 1483 2247 frixerat,
1526 2212 1604 2251 per
1644 2198 1745 2238 sub-

286 2274 532 2321 ministrata
564 2275 722 2313 interni
752 2273 912 2313 amoris
935 2273 1080 2312 studia
1102 2286 1264 2312 novum
1286 2270 1457 2311 calet.''⁵
1517 2271 1671 2324 Atque
1701 2272 1745 2311 in

284 2348 368 2387 hoc
401 2347 555 2387 melior
586 2353 651 2387 est
682 2347 817 2386 animi
851 2347 1056 2395 conditio,
1085 2360 1218 2398 quam
1251 2346 1454 2398 corporis,
1484 2346 1586 2397 quia
1617 2344 1747 2396 hujus

283 2426 566 2469 senectutem,
600 2421 680 2460 etsi
712 2421 767 2460 ad
798 2433 895 2460 eam
929 2420 1079 2460 oculos
1111 2420 1347 2460 referamus
1379 2426 1422 2459 et
1454 2418 1748 2471 inspiciamus,

286 2494 494 2547 repellere
526 2508 575 2535 ae
602 2493 831 2546 prohibere
855 2507 942 2533 non
971 2507 1214 2546 possumus.
1276 2493 1429 2533 Animi
1451 2505 1553 2532 vero
1575 2492 1743 2531 senium

284 2568 483 2620 diligenti
531 2568 623 2618 ejus
675 2568 944 2620 inspectione
996 2581 1045 2606 ac
1092 2566 1372 2615 discussione,
1415 2566 1563 2605 divina
1603 2565 1744 2617 gratia

284 2642 455 2690 comite,
489 2641 779 2694 perhibemus,
822 2646 865 2681 et
907 2647 1206 2680 senescentem
1249 2640 1581 2692 quodammodo
1622 2652 1746 2678 reno-

284 2728 449 2764 vamus,
474 2721 517 2755 et
537 2714 594 2754 ad
620 2714 896 2766 juventutem
920 2727 1044 2753 suam
1075 2727 1339 2753 revocamus.
1414 2713 1607 2752 Tantum
1630 2710 1746 2751 valet

286 2789 471 2842 diligens
494 2795 537 2828 et
559 2789 817 2841 quotidiana
838 2801 928 2827 suae
950 2787 1229 2828 conscientiae
1258 2787 1480 2834 discussio,
1504 2784 1742 2838 praesertim

323 2877 334 2895 ¹
357 2879 423 2918 Jer.
444 2887 474 2909 2.
567 2877 580 2895 '·'
606 2879 690 2909 Mor.
711 2878 730 2909 l.
749 2883 799 2918 25.
817 2888 844 2908 c.
863 2884 891 2916 7.
984 2876 996 2895 ‘³'
1022 2877 1106 2907 Ibid.
1201 2876 1214 2893 ⁴
1239 2876 1333 2908 Osee.
1358 2883 1384 2916 7.
1477 2874 1490 2892 5
1516 2875 1600 2906 Mor.
1616 2873 1695 2905 ibid.
