1903 3197
269 178 363 221 266
590 175 669 220 De
703 174 891 220 ratione
925 174 1117 221 vivendi
1151 174 1410 220 Socz'etatz's.

264 308 416 355 elevet,
441 321 539 359 quae
561 306 734 347 valet.’'¹
770 307 919 356 Recte,
943 307 1045 359 quia
1067 320 1165 358 quae
1187 305 1315 353 valet,
1339 318 1425 345 non
1455 306 1544 345 suis
1565 304 1727 345 viribus

265 395 312 422 se
342 381 485 421 valere
522 380 737 433 intelligit,
774 381 851 420 sed
889 381 1048 420 divinae
1084 379 1264 432 gratiae3
1303 379 1464 418 idcirco
1501 392 1547 418 se
1584 380 1625 418 in
1663 378 1730 418 his

267 468 353 496 non
377 454 518 495 elevat
547 468 688 507 neque
711 453 896 503 extollit,
921 454 996 494 sed
1029 459 1172 494 totum
1197 453 1349 492 tribuit
1377 452 1536 492 divinae
1566 452 1730 505 gratiae,

265 529 383 581 quod
426 533 492 569 est
534 529 666 568 etiam
708 527 979 567 humilitatis.
1055 527 1199 566 Nemo
1243 525 1400 565 melius
1448 525 1652 577 intelligit
1688 530 1732 565 et

266 602 424 642 divinae
456 602 608 655 gratiae
641 602 960 649 necessitatem,
985 606 1028 640 et
1049 601 1138 639 vim
1169 599 1483 639 imbecillitatis
1511 599 1728 648 humanae,

267 675 349 716 nisi
372 675 445 728 qui
469 675 666 728 quotidie
687 688 788 715 suos
811 688 953 714 mores
975 680 1019 714 et
1040 674 1234 714 actiones
1258 672 1471 725 explorat.
1519 671 1732 724 Intelligit

267 748 615 789 imbecillitatem
644 749 894 797 humanam,
926 762 1025 788 cum
1055 752 1238 787 conatus
1268 760 1370 787 suos
1403 746 1544 786 irritos
1576 745 1730 795 sentit;

266 821 458 862 divinam
492 828 639 862 autem
672 823 871 874 gratiam,
896 835 1008 870 cum,
1033 821 1075 861 in
1106 827 1230 861 tanta
1260 820 1514 860 infirmitate
1545 819 1731 859 human-

271 909 395 936 arum
446 895 614 943 virium,
667 894 888 947 profectus
949 900 1098 934 tamen
1158 894 1329 946 aliquos
1391 893 1628 946 aliquando
1690 899 1734 933 et

264 968 468 1009 victorias
501 968 670 1020 aliquas
704 968 760 1007 de
793 981 941 1020 pugna
975 967 1180 1007 vitiorum
1215 967 1538 1006 animadvertit.

352 1042 502 1081 Tertia
531 1040 696 1081 utilitas
719 1046 785 1080 est
806 1040 1078 1080 Teneritudo
1100 1040 1306 1092 quaedam
1329 1039 1622 1088 conscientiae,
1646 1053 1733 1091 qua

267 1114 472 1154 minimas
508 1127 705 1166 quasque
748 1127 890 1154 noxas
933 1114 979 1162 is,
1013 1114 1087 1166 qui
1130 1119 1323 1153 mentem
1366 1126 1490 1152 suam
1533 1112 1732 1164 quotidie

266 1187 456 1236 discutit,
481 1194 607 1228 acute
633 1188 867 1240 perspicit;
900 1193 1053 1228 contra
1075 1201 1188 1236 vero,
1214 1187 1288 1239 qui
1311 1200 1358 1226 se
1387 1187 1530 1239 ipsum
1553 1186 1735 1226 scrutari

267 1266 400 1314 atque
434 1261 477 1300 in
511 1275 613 1301 suos
646 1275 787 1301 mores
820 1261 1036 1313 inquirere
1069 1274 1157 1301 non
1190 1260 1391 1308 assuevit,
1427 1274 1481 1299 ne
1514 1261 1735 1312 graviores

269 1334 448 1387 quidem
500 1334 650 1387 culpas
703 1335 922 1375 interdum
976 1335 1142 1387 aspicit.
1236 1333 1390 1374 Simile
1439 1334 1640 1374 videmus
1692 1335 1734 1373 in

266 1408 435 1448 artibus
469 1421 654 1460 quarum
686 1407 876 1460 opifices,
910 1422 997 1460 quo
1030 1408 1329 1460 diligentiores
1359 1414 1402 1447 et
1436 1408 1559 1459 quasi
1593 1421 1738 1447 moro-

269 1480 404 1520 siores
445 1481 605 1520 fuerint
652 1481 694 1520 in
739 1481 826 1521 suis
869 1481 1136 1534 castigandis
1179 1486 1222 1520 et
1264 1481 1531 1533 corrigendis
1574 1481 1738 1527 erratis,

270 1567 323 1594 eo
375 1553 560 1594 acriores
603 1554 645 1593 in
688 1554 749 1594 eis
801 1554 1080 1606 pervidendis
1124 1554 1418 1605 notandisque
1460 1554 1736 1599 efficiuntur:

271 1628 420 1679 itaque
454 1627 715 1666 limatissimi
750 1628 952 1675 evadunt,
987 1640 1066 1667 nec
1101 1626 1344 1679 quidquam
1381 1628 1424 1666 in
1459 1628 1547 1666 suis
1581 1640 1738 1679 perpo—

271 1700 428 1740 liendis
465 1700 671 1752 operibus
709 1702 819 1740 naevi
859 1701 1030 1749 residet,
1066 1701 1171 1752 quin
1215 1701 1257 1739 id
1300 1700 1739 1752 subito-abstergant

273 1778 317 1812 et
348 1772 573 1812 abradant.
653 1773 818 1813 Contra
848 1773 966 1825 quod
1000 1773 1166 1813 faciunt
1195 1772 1376 1812 hebetes
1398 1778 1441 1812 et
1468 1772 1740 1825 negligentes

269 1844 461 1898 opifices,
498 1847 571 1898 qui
614 1860 692 1886 sua
733 1860 866 1899 opera
908 1846 1108 1899 impolita
1150 1859 1200 1885 ac
1243 1846 1368 1885 rudia
1409 1860 1488 1898 pro
1525 1845 1738 1885 absolutis

272 1932 323 1959 ac
354 1918 581 1971 perpolitis
614 1920 874 1972 relinquunt,
908 1932 1082 1972 semper
1113 1919 1216 1959 caeci
1252 1919 1296 1958 in
1330 1919 1417 1958 suis
1451 1919 1567 1958 vitiis
1599 1919 1738 1971 pervi-

270 1992 438 2042 dendis,
482 1993 669 2045 ideoque
712 1993 876 2033 nullam
911 1992 1091 2045 perfecti
1128 1991 1295 2045 opificis
1330 1991 1504 2031 laudem
1541 2005 1735 2044 unquam

271 2073 573 2118 assequuntur.
638 2066 763 2106 Idem
795 2066 938 2106 evenit
968 2067 1010 2105 in
1041 2080 1085 2105 re
1116 2065 1343 2118 spirituali,
1366 2079 1454 2117 quo
1483 2065 1579 2117 quis
1611 2065 1741 2105 fuerit

274 2141 316 2179 in
349 2153 396 2180 se
427 2141 522 2193 ipso
554 2140 829 2180 observando
861 2140 1037 2191 suisque
1080 2139 1284 2179 notandis
1318 2139 1434 2177 vitiis
1475 2138 1738 2190 diligentior,

272 2226 325 2253 eo
357 2214 547 2265 aptiores
578 2213 761 2252 habebit
793 2212 942 2252 oculos
977 2212 1032 2252 ad
1069 2212 1250 2251 minima
1284 2225 1471 2264 quaeque
1500 2212 1604 2251 vitia
1642 2225 1738 2264 per-

272 2286 489 2335 videnda3
522 2286 780 2337 quotidiana
816 2286 932 2325 enim
975 2299 1064 2325 suae
1108 2285 1267 2325 mentis
1308 2285 1578 2325 discussione
1620 2299 1738 2325 corn-

272 2359 457 2412 parabat
507 2359 708 2399 habitum
761 2365 805 2399 et
850 2359 1103 2399 facultatem
1157 2373 1209 2398 ea
1254 2359 1380 2399 facile
1431 2359 1738 2412 cognoscendi,

272 2432 613 2485 reflectendique
655 2432 814 2472 mentis
856 2432 1005 2472 oculos
1047 2432 1103 2472 ad
1145 2446 1191 2472 se
1233 2433 1386 2484 ipsum.
1451 2431 1516 2471 At
1557 2432 1592 2471 si
1642 2433 1737 2483 quis

273 2520 369 2547 raro
411 2519 505 2546 sese
547 2507 761 2558 dispicere
803 2511 1035 2554 assuescat,
1079 2505 1307 2545 hebetabit
1347 2504 1552 2545 videlicet
1599 2506 1735 2545 aciem

277 2580 446 2629 mentis,
485 2584 532 2619 ut
567 2593 621 2619 ne
658 2593 709 2619 ea
752 2579 930 2630 quidem
968 2579 1073 2618 satis
1106 2578 1254 2618 videre
1295 2578 1444 2631 possit,
1479 2592 1578 2630 quae
1621 2579 1739 2618 foeda

275 2652 517 2693 admodum
559 2660 603 2692 et
644 2652 910 2692 dedecorosa
952 2658 1062 2692 sunt.
1142 2652 1375 2692 Peccatum
1424 2665 1554 2703 porro
1596 2652 1737 2704 ipsum

274 2726 387 2767 hanc
412 2725 548 2766 habet
569 2727 670 2775 vim,
693 2732 740 2765 ut
763 2731 969 2773 mentem,
993 2725 1073 2764 nisi
1097 2725 1306 2773 deleatur,
1330 2725 1544 2764 obscuret.
1608 2724 1738 2772 Nam,

277 2805 325 2839 ut
367 2800 428 2840 ait
470 2799 514 2839 B.
548 2799 810 2852 Gregorius:
865 2798 1199 2850 “Omnipotens
1242 2798 1365 2838 Deus
1406 2811 1480 2837 cor
1520 2797 1743 2850 peccantis

882 2885 895 2906 1
921 2887 958 2918 L.
984 2895 1031 2918 12.
1054 2897 1080 2918 c.
1102 2894 1132 2918 2.
