1903 3197
560 190 627 235 In
661 188 879 251 Regulas
914 187 1175 233 stffoa'eslioe.
1507 187 1601 244 669

135 338 227 364 non
250 321 579 376 permittimus.”
639 322 746 361 Ideo
772 321 1072 372 Hieronymus
1095 320 1150 359 ad
1181 319 1343 359 Heliod
1364 335 1371 359 :
1394 321 1414 337 “
1431 318 1603 368 Ridere,

141 404 185 438 et
206 397 354 437 ludere
383 396 648 437 secularibus
666 395 957 447 .derelinque;
989 395 1181 446 gravitas
1213 399 1336 433 tuam
1369 405 1603 445 personam

143 470 304 512 decet”

230 546 328 586 Irno
381 544 586 585 Clemens
641 543 985 592 Alexandrinus,
1028 543 1050 582 l.
1088 553 1121 582 2.
1167 543 1341 595 Paedag.
1385 556 1410 582 a
1451 541 1606 594 quovis

143 621 334 673 ingenuo
371 619 548 659 homine
579 617 771 658 alienum
808 623 936 670 putat
968 630 1019 656 ea
1051 623 1198 656 mente
1231 617 1360 669 loqui,
1392 622 1440 656 ut
1472 617 1605 656 risum

138 695 320 735 excitet.
383 693 499 732 Nam
523 693 557 731 si
586 693 778 744 gravitas
807 697 956 731 nostra
986 705 1074 730 non
1103 691 1278 743 patitur,
1304 697 1351 730 ut
1372 703 1607 743 personam

145 774 376 808 externam
398 766 672 819 figuramque
694 765 931 814 ridiculam,
955 765 1332 818 quemadmodum
1362 765 1406 804 in
1433 764 1608 817 pompis

145 847 190 882 et
231 841 345 881 ludis
387 840 446 890 fit,
489 841 789 892 suscipiamus,
824 839 1132 892 “Quomodo‚'’
1172 839 1323 891 inquit,
1357 839 1434 877 “in
1467 838 1609 878 verbis

147 915 444 955 studuerimus
476 928 570 954 esse
605 921 648 954 et
678 914 815 954 videri
847 913 1042 964 ridiculi;
1073 914 1115 953 id
1149 913 1267 965 quod
1301 919 1366 952 est
1398 913 1608 961 omnium,

148 1004 247 1043 quae
289 995 391 1029 sunt
432 989 476 1028 in
516 988 704 1037 homine,
743 988 872 1041 longe
913 988 1287 1041 pretiosissimum,
1323 1001 1482 1040 nempe
1524 1001 1611 1027 ser-

151 1077 328 1103 monem
362 1076 412 1102 ac
441 1063 667 1110 rationem,
702 1063 888 1102 ludibrio
920 1062 1133 1102 habentes
1155 1062 1168 1101 Ρ
1187 1062 1205 1075 ”

236 1144 292 1178 20.
327 1137 443 1190 Quia
470 1137 595 1189 jocus
627 1144 670 1177 et
693 1138 812 1186 risus,
836 1143 883 1177 ut
904 1138 947 1176 in
982 1137 1188 1176 Examer.
1213 1135 1340 1176 Basil.
1365 1136 1437 1184 ait,
1462 1136 1613 1176 remis—

149 1226 245 1253 sam
287 1211 418 1251 efficit
455 1212 659 1260 animam,
698 1217 741 1251 et
777 1211 1075 1263 negligentem
1113 1225 1216 1263 erga
1254 1211 1338 1250 Dei
1380 1216 1612 1263 praecepta,

150 1300 232 1326 nec
264 1287 345 1325 nisi
377 1300 403 1325 a
435 1285 674 1339 negligenti
707 1287 854 1325 anima
885 1285 1179 1338 proficiscitur.
1258 1285 1387 1335 Nam,
1417 1292 1464 1325 ut
1496 1286 1612 1326 idem

154 1360 357 1401 Clemens
389 1358 498 1400 ait:1
526 1359 676 1400 “Cum
708 1361 841 1400 verba
872 1361 1019 1400 omnia
1052 1373 1077 1399 a
1109 1359 1376 1412 cogitatione
1408 1365 1450 1399 et
1483 1359 1614 1399 mori-

150 1435 231 1474 bus
265 1440 481 1483 emanent,
509 1433 601 1473 fieri
634 1448 721 1473 non
754 1440 910 1486 potest,
941 1441 988 1473 ut
1016 1434 1147 1473 verba
1179 1434 1326 1486 aliqua
1358 1433 1615 1473 emittantur

140 1508 345 1557 ridicula,
376 1522 473 1560 quae
507 1522 533 1547 a
566 1508 757 1548 moribus
789 1508 980 1547 ridiculis
1018 1522 1105 1547 non
1143 1508 1393 1560 procedant.
1459 1507 1615 1548 Sermo

154 1581 307 1631 enim,’'
342 1582 494 1634 inquit,
523 1585 543 1600 “
558 1582 722 1622 fructus
755 1588 821 1622 est
851 1582 1158 1635 cogitationis;
1193 1588 1246 1629 et,
1281 1581 1414 1633 juxta
1452 1581 1616 1622 Christi

155 1657 413 1705 doctrinam,
452 1670 539 1696 non
589 1662 656 1696 est
697 1656 771 1696 illa
816 1657 945 1696 arbor
989 1657 1117 1704 bona,
1156 1671 1253 1709 quae
1302 1656 1405 1696 facit
1451 1656 1616 1696 fructus

156 1730 308 1770 malos.
372 1729 504 1782 Quod
537 1730 572 1770 si
603 1731 677 1783 qui
710 1731 842 1770 risum
880 1737 1059 1770 movent
1095 1731 1419 1770 exterminandi
1457 1736 1559 1770 sunt
1592 1744 1620 1770 a

163 1804 412 1845 Christiana
448 1804 701 1857 Republica,
731 1805 927 1857 profecto
959 1804 1089 1858 longe
1120 1805 1256 1852 abest,
1287 1810 1334 1844 ut
1365 1805 1492 1845 nobis
1522 1818 1619 1858 per-

157 1880 340 1919 missum
372 1879 428 1918 sit
459 1879 591 1918 risum
622 1878 831 1919 movere.''
896 1879 1007 1918 Haec
1039 1879 1126 1919 fere
1159 1879 1374 1921 Clemens.

247 1959 303 2004 30.
337 1952 454 2005 Quia
491 1953 610 2001 risus,
647 1967 696 1992 ac
729 1953 831 2005 joca
866 1952 1101 1993 abhorrent
1138 1967 1163 1993 a
1202 1953 1448 2006 Scripturis,
1483 1960 1527 1994 et
1563 1954 1619 1994 ab

162 2026 471 2067 Ecclesiastica
500 2026 657 2079 regula.
721 2026 839 2066 Nam
866 2040 1135 2079 quamquam
1168 2027 1420 2080 Philosophi
1451 2027 1620 2081 antiqui

158 2103 270 2142 inter
291 2101 433 2141 officia
455 2107 686 2141 numerant
705 2101 838 2153 jocos,
862 2108 905 2142 et
926 2116 1025 2141 vere
1055 2102 1274 2141 interdum
1305 2102 1362 2142 ab
1388 2102 1621 2142 honestate

159 2190 248 2216 non
280 2175 543 2225 abhorrent;
575 2182 724 2216 tamen
758 2175 909 2216 Sancti
939 2190 1012 2216 eos
1045 2190 1070 2216 a
1104 2176 1352 2216 Christiana
1385 2177 1621 2217 sanctitate

159 2250 449 2290 alienissimos
480 2256 648 2303 putant.

246 2324 522 2375 Ambrosius,
545 2324 568 2365 l.
599 2336 629 2365 Ι.
655 2324 778 2366 Off:2
802 2325 963 2365 “Licet
989 2325 1208 2365 interdum
1238 2326 1425 2365 honesta
1449 2325 1551 2378 joca
1579 2331 1624 2366 et

163 2398 313 2439 suavia
363 2399 460 2449 sint,
505 2405 655 2439 tamen
707 2400 762 2439 ab
815 2400 1124 2440 Ecclesiastica
1166 2399 1402 2440 abhorrent
1444 2399 1623 2453 regula;

161 2474 370 2526 quoniam
412 2488 509 2526 quae
562 2475 605 2514 in
652 2475 875 2527 scripturis
925 2475 1087 2515 sanctis
1139 2488 1227 2515 non
1279 2475 1528 2527 reperimus,
1571 2487 1626 2515 ea

163 2548 538 2600 quemadmodum
571 2562 779 2601 usurpare
810 2563 1044 2602 possumus
1061 2549 1074 2588 ?
1091 2548 1109 2562 ’'

248 2627 306 2672 40.
342 2621 458 2674 Quia
489 2636 682 2675 praesens
708 2623 810 2662 vitae
843 2629 1019 2676 tempus
1057 2623 1198 2663 luctus
1236 2629 1301 2662 est
1337 2636 1387 2662 ac
1424 2621 1625 2671 tristitiae,

165 2709 253 2736 non
289 2695 543 2736 facetiarum
578 2710 627 2736 ac
662 2697 781 2737 risus.
844 2697 1121 2745 Ambrosius,
1146 2697 1335 2737 ibidem:
1360 2696 1475 2743 “Vae
1501 2696 1627 2736 vobis

165 2770 240 2823 qui
281 2770 441 2820 ridetis,
476 2771 579 2823 quia
622 2769 793 2821 flebitis,
827 2771 888 2810 ait
930 2770 1160 2811 Dominus.
1235 2771 1295 2810 Et
1337 2784 1416 2811 nos
1457 2770 1628 2811 ridendi

155 2845 395 2886 materiam
433 2845 702 2899 requirimus,
735 2851 784 2884 ut
819 2844 889 2884 hic
925 2845 1115 2886 ridentes
1153 2845 1238 2884 illic
1274 2844 1492 2886 fleamus?
1538 2858 1627 2887 non

535 2934 548 2954 ²
573 2935 611 2968 L.
633 2943 662 2968 2.
685 2935 815 2977 Paedag.
836 2945 862 2969 c.
883 2934 913 2971 8.
1095 2933 1107 2952 ²
1132 2935 1169 2966 C.
1192 2942 1242 2975 23.
