1903 3197
341 147 420 192 De
452 147 797 194 ministrorum
832 163 946 209 erga
981 152 1183 210 (egrotos
1217 163 1350 194 cura.
1489 158 1580 207 535

112 277 414 327 exhibeantur,
458 277 637 330 majoris
678 278 819 318 morbi
863 278 1104 332 periculum
1158 278 1316 328 adeat;
1370 283 1417 317 ut
1458 277 1493 317 si
1536 276 1578 317 in

114 351 432 392 accessionibus
465 352 831 404 incrementisque
864 351 1049 392 febrium
1079 359 1283 405 pascatur
1312 364 1428 404 aeger
1449 364 1578 391 cunc-

111 423 278 464 tatione
301 425 497 466 ministri.
534 425 759 465 Imitanda
783 430 848 465 est
870 425 1001 477 igitur
1021 424 1250 477 diligentia
1274 421 1578 474 13.Dosithaei,1

111 497 185 548 qui
215 497 251 536 si
280 499 459 550 quando
489 497 654 550 aliquid
685 511 763 550 per
795 496 1108 550 negligentiam
1141 497 1375 546 omitteret,
1408 497 1576 549 peccati

110 582 156 608 se
208 570 463 611 insimulans
515 571 701 611 ubertim
745 570 889 610 flebat.
972 569 1134 611 Omnia
1178 570 1340 610 munde
1382 583 1577 623 pureque

111 643 282 695 agebat,
315 650 363 684 ut
397 645 439 684 in
475 643 569 696 ejus
603 645 694 684 vita
728 644 948 693 scribitur;
982 644 1157 696 aegrotis
1188 643 1371 683 lectulos
1406 657 1578 683 accom-

112 717 242 756 mode
284 717 520 767 sternebat,
564 724 606 759 et
648 718 842 771 singulos
885 731 1083 770 quosque
1135 716 1287 756 humili
1341 730 1419 756 suo
1466 716 1577 756 refo-

110 789 287 830 cillabat
317 790 539 843 obsequio.
605 791 674 830 De
705 791 851 831 Paulae
884 804 1059 843 quoque
1094 791 1311 831 Romanae
1344 789 1576 830 clementia

111 869 153 902 et
182 862 416 904 sedulitate
446 865 488 904 in
520 871 797 918 aegrotantes,
821 878 931 917 quos
962 864 1079 904 miris
1110 864 1330 916 obsequiis
1360 870 1403 904 et
1430 864 1577 904 minis-

110 937 229 976 teriis
260 938 534 987 confovebat,
567 938 716 978 scribit
751 939 1078 991 Hieronymus;
1111 951 1366 990 quanquam
1405 937 1577 977 domes-

110 1010 245 1050 ticum
272 1017 316 1052 et
345 1025 494 1052 recens
518 1026 604 1052 non
627 1012 926 1052 desideramus
948 1012 1204 1065 exemplum
1230 1012 1405 1051 Xaverii
1429 1012 1579 1066 nostri,

110 1096 208 1123 cum
240 1085 283 1124 in
311 1085 593 1125 celeberrimo
616 1085 902 1126 Venetiarum
926 1086 1246 1126 valetudinario
1277 1086 1452 1138 aegrotis
1475 1099 1580 1138 ope-

111 1170 202 1197 ram
226 1159 360 1207 daret,
387 1165 433 1199 ut
455 1159 497 1198 in
522 1159 614 1211 ejus
637 1159 727 1199 vita
749 1158 909 1212 legenti
932 1159 1112 1212 planum
1136 1157 1231 1199 est.‘³

199 1231 445 1273 Solicitudo
486 1246 588 1272 vero
631 1232 674 1271 in
718 1232 871 1272 sedulo
915 1233 1114 1273 ministro
1167 1233 1425 1284 requiritur;
1477 1233 1580 1286 quia

111 1318 287 1345 necesse
309 1312 375 1346 est
397 1306 439 1345 in
463 1320 513 1346 ea
536 1319 709 1358 semper
736 1306 1003 1359 cogitatione
1029 1312 1233 1353 versetur,
1259 1312 1306 1346 ut
1336 1307 1577 1348 necessaria

110 1392 298 1431 quaeque
331 1380 565 1432 :egrotanti
603 1379 812 1432 perficiat,
853 1393 907 1419 ne
943 1380 1048 1432 quid
1083 1393 1161 1419 sua
1195 1379 1323 1432 culpa
1359 1393 1416 1418 ex
1451 1380 1580 1421 rebus

113 1454 364 1493 necessariis
387 1455 424 1493 ei
448 1454 570 1493 desit.
620 1454 824 1505 Itemque
847 1459 894 1492 ut
917 1467 1015 1505 quae
1037 1454 1349 1506 praescripserit
1372 1455 1578 1505 medicus,

112 1533 236 1579 paret
258 1527 406 1567 omnia
429 1535 472 1567 et
495 1526 765 1567 adamussim
794 1534 1070 1579 exsequatur.
1136 1526 1245 1578 Quis
1268 1540 1354 1567 non
1377 1527 1461 1567 hoc
1483 1527 1579 1569 loco

113 1600 309 1653 ejusdem
348 1601 527 1642 Xaverii
567 1600 890 1641 solicitudinem
928 1601 1201 1641 admiretur?
1263 1600 1350 1653 Qui
1393 1603 1499 1642 dum
1537 1602 1581 1642 in

116 1675 380 1715 Mozambici
438 1675 756 1715 valetudinario
809 1675 1027 1715 ministrat
1078 1676 1264 1727 aegrotis,
1319 1689 1436 1728 ager
1486 1677 1578 1729 ipse

115 1749 357 1802 morboque
389 1750 583 1798 affectus,
615 1763 668 1789 ne
699 1748 859 1788 infinite
892 1750 1020 1789 sortis
1053 1755 1188 1789 nauta
1219 1751 1411 1801 graviter
1440 1764 1579 1803 aegro-

114 1830 213 1863 tans
246 1830 289 1863 et
321 1837 501 1876 corpore
534 1829 577 1862 et
608 1823 755 1862 animo
787 1823 1114 1875 periclitaretur,
1138 1823 1293 1863 maluit
1325 1838 1403 1864 suo
1435 1838 1581 1866 carere

112 1896 283 1946 lectulo,
323 1910 411 1950 quo
447 1897 685 1949 plurimum
725 1895 960 1948 indigebat,
999 1909 1131 1948 quam
1170 1902 1215 1936 ut
1258 1898 1579 1949 periclitantem

113 1978 294 2011 nautam
326 1969 574 2011 desereret.3
636 1969 771 2022 Cujus
804 1970 875 2009 ille
906 1971 1044 2010 vicem
1078 1971 1307 2011 miseratus
1340 1977 1504 2013 temere
1536 1974 1579 2013 in

113 2046 289 2098 publico
322 2045 542 2098 jacentem
582 2045 623 2083 in
662 2058 740 2084 suo
778 2043 937 2084 lectulo
969 2044 1205 2086 collocavit.
1269 2046 1334 2086 At
1369 2038 1577 2099 quorsum

111 2126 235 2161 tanta
277 2120 521 2168 solicitudo,
566 2119 682 2159 dicet
724 2119 890 2171 aliquis,
934 2119 968 2158 si
1012 2120 1189 2159 morbus
1241 2127 1306 2160 est
1359 2121 1578 2163 interdum

111 2194 376 2244 insanabilis,
428 2207 508 2233 nec
558 2193 652 2246 jam
705 2193 1035 2233 convalescendi
1078 2207 1177 2246 spes
1219 2194 1306 2234 ulla
1349 2197 1579 2248 superest?

112 2268 284 2308 Inutilis
326 2268 440 2307 enim
486 2268 659 2307 videtur
702 2274 744 2307 et
785 2267 1018 2307 solicitudo
1055 2268 1149 2320 ipsa
1187 2268 1495 2319 ministrorum,
1535 2276 1579 2312 et

112 2350 321 2396 sumptus.
432 2341 520 2382 Sed
573 2341 672 2381 huic
714 2340 948 2393 objectioni
992 2342 1302 2383 Bonaventura
1345 2345 1580 2397 respondet

112 2418 179 2456 his
201 2418 372 2457 verbis:
406 2420 427 2435 ‘⁴
449 2416 549 2456 Hoc
582 2422 698 2456 recte
730 2416 946 2455 diceretur
977 2416 1012 2455 si
1045 2430 1132 2456 non
1164 2424 1344 2470 propter
1376 2420 1580 2459 meritum

110 2491 343 2538 charitatis,
386 2492 462 2530 sed
506 2496 684 2543 propter
735 2489 1070 2530 retributionem
1121 2490 1326 2531 humana:
1380 2493 1579 2534 utilitatis

110 2565 290 2604 deberet
313 2563 493 2603 infirmis
516 2563 812 2603 misericordia
841 2563 1049 2604 exhiberi.
1115 2564 1201 2617 Qui
1228 2571 1375 2604 autem
1400 2572 1581 2619 propter

110 2639 194 2678 'noc
227 2637 399 2677 infirmo
431 2637 644 2686 subvenit,
679 2643 738 2687 ut,
773 2651 872 2677 cum
911 2644 1089 2678 sanatus
1128 2638 1264 2685 suerit,
1300 2639 1578 2680 benefactum

114 2711 219 2752 illud
253 2711 467 2751 sumendo
499 2711 721 2760 retribuat,
755 2711 910 2759 merito
941 2711 1166 2751 charitatis
1198 2725 1243 2751 se
1275 2713 1426 2765 privat.
1491 2713 1580 2754 Ubi

440 2824 451 2843 ¹
477 2826 518 2856 In
535 2826 609 2858 vita.
835 2825 848 2844 ³
872 2827 935 2868 Ep.
958 2834 1009 2867 27.
1029 2827 1071 2858 ad
1097 2827 1251 2859 husto-011.

660 2876 673 2896 ³
698 2878 738 2908 111
755 2878 830 2910 vita.
852 2878 872 2909 1.
898 2887 924 2910 1.
945 2889 972 2909 c.
993 2887 1023 2918 9.
