1903 3197
272 172 372 215 440
501 210 512 215 ,
605 155 687 202 De
718 156 908 202 ratione
938 156 1132 203 vivendi
1171 155 1431 202 Societatz's.

362 287 499 341 Quies
521 294 670 329 autem
693 288 787 328 haec
809 289 1032 342 animique
1061 288 1259 329 remissio
1289 288 1333 327 in
1363 301 1415 327 eo
1437 287 1526 327 fere
1555 287 1641 328 sita
1667 294 1751 340 est,

277 368 325 403 ut
374 361 470 403 lusu
523 363 670 415 aliquo
721 363 909 404 honesto
961 364 1133 403 animus
1185 361 1419 411 relaxetur,
1462 367 1539 402 aut
1591 367 1748 403 mutua

276 436 419 477 fratris
462 436 764 486 collocutione,
807 443 942 491 atque
989 436 1191 478 hilariore
1239 449 1485 489 congressu.
1564 435 1744 476 Nullam

277 516 426 551 autem
464 510 555 551 ludi
593 511 863 552 mentionem
911 525 966 552 ne
1012 510 1308 551 honestissimi
1347 509 1526 562 quidem
1573 509 1747 551 Consti-

277 586 471 626 tutiones
534 585 725 626 faciunt:
791 586 976 626 fortasse
1042 586 1145 637 quia
1209 598 1296 625 non
1358 584 1590 624 videbatur
1652 597 1747 624 esse

277 659 505 712 gravitatis
542 673 829 712 personaeque
871 659 1097 711 religiosae,
1138 671 1281 710 neque
1323 657 1572 709 legentibus
1608 655 1746 697 aedifi-

279 733 475 783 cationis,
529 733 710 773 modum
773 733 890 772 hunc
954 732 1183 772 relaxandi
1245 731 1380 771 animi
1444 745 1522 784 per
1593 730 1751 771 ludum

279 807 483 847 omnibus
520 806 741 847 declarari.
806 805 938 858 Quod
978 805 1157 857 quidem
1195 805 1237 844 in
1275 805 1459 845 aliorum
1493 811 1747 845 sanctorum

281 880 680 921 Constitutionibus
736 894 785 920 ac
842 878 1025 931 Regulis
1076 879 1372 928 observamus,
1417 879 1490 918 ubi
1543 878 1746 918 ludorum

280 954 399 993 nulla
442 953 490 993 fit
542 953 736 993 mentio:
789 966 889 992 cum
932 959 1081 992 tamen
1133 965 1220 991 non
1273 953 1524 1003 ignoremus
1566 953 1609 991 in
1653 952 1753 992 aliis.

282 1030 414 1068 etiam
480 1027 656 1067 familiis
718 1027 832 1066 hanc
896 1026 1098 1066 ludorum
1163 1025 1484 1065 relaxationem
1551 1025 1749 1078 usurpari

283 1101 470 1142 solitam.
561 1101 649 1142 Sed
691 1101 906 1148 videlicet,
951 1100 1025 1152 qui
1071 1099 1258 1139 familias
1311 1099 1406 1139 illas
1458 1101 1750 1150 instituerunt,

284 1175 566 1216 aedificationi
627 1174 868 1226 legentium
937 1174 1162 1214 consulere
1227 1173 1484 1214 voluerunt:
1546 1179 1752 1226 poterant

284 1251 400 1290 enim
431 1250 627 1302 legentes
656 1249 832 1296 offendi,
857 1262 956 1288 cum
991 1249 1033 1287 in
1066 1247 1156 1287 ludi
1191 1248 1459 1287 mentionem
1497 1247 1748 1287 inciderent.

286 1325 422 1377 Cujus
445 1338 534 1364 vox
565 1324 659 1376 ipsa
689 1329 868 1375 propter
896 1336 1075 1375 pravam
1107 1321 1344 1361 multorum
1375 1322 1751 1369 consuetudinem,

284 1401 357 1452 qui
401 1399 514 1439 ludis
557 1398 806 1444 abutuntur,
851 1398 1039 1449 graviter
1085 1396 1270 1436 offendit
1315 1409 1465 1436 eorum
1506 1396 1749 1448 praesertim

286 1488 421 1521 aures,
460 1474 534 1525 qui
578 1472 632 1511 de
675 1471 954 1523 religionibus
997 1471 1165 1523 optime
1206 1470 1410 1518 sentiunt,
1450 1483 1529 1509 nec
1569 1467 1748 1508 ludendi

286 1547 521 1587 discrimen
558 1547 670 1585 inter
706 1545 934 1585 szeculares
982 1551 1024 1584 et
1067 1544 1149 1583 Dei
1193 1544 1381 1583 famulos
1424 1549 1607 1583 norunt:
1655 1548 1749 1582 tum

287 1623 420 1662 etiam
446 1621 548 1673 quIa
571 1621 627 1660 ad
650 1620 777 1659 ludos
806 1632 905 1658 cum
936 1619 1022 1658 sint
1050 1617 1250 1658 homines
1283 1632 1360 1658 suo
1392 1623 1495 1657 natu
1530 1616 1747 1669 propensi,

287 1709 374 1735 non
399 1708 525 1747 egere
557 1694 760 1733 videntur
792 1692 990 1739 stimulis,
1014 1697 1061 1730 ut
1092 1705 1164 1731 eos
1194 1690 1460 1740 adhibeant;
1494 1696 1537 1729 et
1567 1691 1644 1730 vix
1674 1694 1751 1738 est,

287 1770 360 1821 qui
415 1769 554 1821 periet
609 1765 876 1818 Eutrapeliae
932 1765 1144 1817 neglectu.
1229 1764 1395 1804 Verum
1444 1763 1753 1803 honestissima

288 1843 406 1895 apud
457 1841 683 1894 religiosos
726 1854 802 1892 per
845 1839 970 1878 ludos
1012 1839 1228 1878 relaxatio
1271 1844 1314 1877 et
1355 1851 1466 1890 pene
1509 1836 1752 1877 necessaria

288 1916 538 1968 reperietur,
573 1915 607 1953 si
651 1919 694 1953 et
728 1914 960 1953 discrimen
998 1913 1109 1952 inter
1155 1918 1362 1964 utrosque
1408 1911 1544 1959 ludos,
1581 1909 1751 1963 religio-

288 2004 435 2030 sorum
478 1988 643 2029 scilicet
681 1993 723 2027 et
761 1986 1046 2035 saecularium,
1085 1993 1127 2026 et
1165 1986 1400 2025 utilitatem
1438 1984 1625 2037 religiosi
1661 1984 1751 2024 ludi

287 2065 627 2105 consideremus.
692 2063 809 2102 Nam
848 2061 965 2114 quod
1003 2060 1060 2101 ad
1101 2060 1378 2100 honestatem
1420 2060 1589 2107 attinet,
1627 2058 1751 2098 diffe-

292 2145 390 2179 runt
425 2138 549 2178 alteri
585 2138 641 2177 ab
675 2137 822 2176 alteris
858 2142 1046 2188 quatuor
1079 2135 1356 2187 potissimum
1391 2133 1528 2173 rebus.

383 2213 578 2251 Primum
603 2212 785 2251 materia
804 2225 812 2260 3
845 2210 947 2262 quia
970 2210 1012 2248 in
1031 2209 1330 2260 religiosorum
1353 2206 1529 2246 familiis
1547 2220 1635 2246 non
1658 2220 1752 2259 per-

292 2288 525 2326 mittuntur
558 2299 607 2325 ea
640 2285 841 2324 ludorum
876 2296 1047 2335 genera,
1071 2296 1169 2335 quae
1201 2282 1269 2321 vel
1303 2281 1574 2334 turpitudine
1607 2280 1754 2332 aliqua

290 2361 462 2413 legibus
516 2359 810 2412 prohibentur,
862 2357 929 2396 vel
980 2357 1120 2395 virum
1172 2369 1349 2408 gravem
1399 2369 1449 2394 ac
1502 2354 1753 2406 religiosum

291 2435 538 2474 dedecent:
585 2434 709 2473 abest
747 2432 863 2471 enim
902 2430 996 2471 alea
1031 2436 1073 2470 et
1110 2429 1236 2479 talus,
1273 2436 1316 2469 et
1353 2429 1561 2481 quicquid
1600 2429 1755 2481 iniqui-

289 2510 393 2549 tatis
427 2508 494 2548 vel
530 2507 718 2548 levitatis
750 2505 913 2554 habet3
947 2518 998 2544 ac
1031 2504 1232 2556 denique,
1265 2509 1312 2543 ut
1344 2504 1399 2543 de
1427 2503 1572 2555 pueris
1604 2502 1756 2543 Cicero

292 2583 410 2631 dicit,
436 2596 522 2622 non
547 2581 688 2622 omnis
711 2581 760 2619 iis
791 2580 919 2619 datur
941 2578 1119 2618 ludendi
1152 2578 1352 2626 licentia;
1385 2578 1461 2616 sed
1489 2591 1550 2626 ea,
1575 2590 1673 2629 quae
1701 2576 1757 2616 ab

290 2657 489 2697 honestis
527 2655 771 2696 actionibus
808 2667 895 2693 non
933 2653 989 2692 sit
1025 2652 1176 2692 aliena.
1253 2651 1494 2692 Saeculares
1531 2664 1644 2700 vero,
1682 2651 1756 2703 qui

289 2733 497 2772 timorem
541 2731 625 2771 Dei
674 2743 759 2770 non
811 2728 1049 2782 possident,
1096 2727 1263 2767 nullum
1307 2741 1425 2780 saepe
1476 2727 1566 2766 ludi
1618 2740 1767 2779 genus

291 2807 534 2859 excipiunt,
570 2820 648 2845 nec
685 2804 832 2857 legum
868 2803 1097 2842 interdicta
1130 2808 1341 2842 verentur.

378 2880 584 2921 Secundo
640 2879 846 2919 differunt
899 2876 1065 2925 forma;
1129 2877 1232 2929 quia
1283 2877 1377 2929 ipsa
1423 2875 1601 2915 ludendi
1644 2875 1754 2914 ratio
