<?xml version="1.0" encoding="UTF-8"?>
<!DOCTYPE html PUBLIC "-//W3C//DTD XHTML 1.0 Transitional//EN"
    "http://www.w3.org/TR/xhtml1/DTD/xhtml1-transitional.dtd">
<html xmlns="http://www.w3.org/1999/xhtml" xml:lang="en" lang="en">
 <head>
  <title>
</title>
<meta http-equiv="Content-Type" content="text/html;charset=utf-8" />
  <meta name='ocr-system' content='tesseract 3.04.00' />
  <meta name='ocr-capabilities' content='ocr_page ocr_carea ocr_par ocr_line ocrx_word'/>
</head>
<body>
  <div class='ocr_page' id='page_1' title='image "./nicolaiorlandini00orla/nicolaiorlandini00orla_0098.png"; bbox 0 0 1903 3197; ppageno 0'>
   <div class='ocr_carea' id='block_1_1' title="bbox 270 151 1419 210">
    <p class='ocr_par' dir='ltr' id='par_1_1' title="bbox 270 151 1419 210">
     <span class='ocr_line' id='line_1_1' title="bbox 270 151 1419 210; baseline -0.001 -10"><span class='ocrx_word' id='word_1_1' title='bbox 270 162 295 210; x_wconf 94' lang='lat'><em>7</em></span> <span class='ocrx_word' id='word_1_2' title='bbox 302 155 329 200; x_wconf 77' lang='lat'>8</span> <span class='ocrx_word' id='word_1_3' title='bbox 583 154 664 199; x_wconf 77' lang='lat' dir='ltr'><strong>De</strong></span> <span class='ocrx_word' id='word_1_4' title='bbox 697 153 889 199; x_wconf 66' lang='lat' dir='ltr'><strong>ratione</strong></span> <span class='ocrx_word' id='word_1_5' title='bbox 923 152 1118 199; x_wconf 74' lang='lat' dir='ltr'><strong>vivendi</strong></span> <span class='ocrx_word' id='word_1_6' title='bbox 1158 151 1419 199; x_wconf 75' lang='lat' dir='ltr'><strong>Socz&#39;etatz&#39;s.</strong></span> 
     </span>
    </p>
   </div>
   <div class='ocr_carea' id='block_1_2' title="bbox 265 285 1769 2869">
    <p class='ocr_par' dir='ltr' id='par_1_2' title="bbox 267 285 1745 490">
     <span class='ocr_line' id='line_1_2' title="bbox 267 285 1743 341; baseline -0.001 -14"><span class='ocrx_word' id='word_1_7' title='bbox 267 301 434 341; x_wconf 86' lang='lat' dir='ltr'><strong>parum,</strong></span> <span class='ocrx_word' id='word_1_8' title='bbox 469 300 602 339; x_wconf 84' lang='lat' dir='ltr'><strong>quam</strong></span> <span class='ocrx_word' id='word_1_9' title='bbox 641 300 737 327; x_wconf 87' lang='lat' dir='ltr'><strong>raro</strong></span> <span class='ocrx_word' id='word_1_10' title='bbox 771 286 878 327; x_wconf 88' lang='lat' dir='ltr'><strong>satis</strong></span> <span class='ocrx_word' id='word_1_11' title='bbox 912 300 1109 327; x_wconf 87' lang='lat' dir='ltr'><strong>sumere:</strong></span> <span class='ocrx_word' id='word_1_12' title='bbox 1161 286 1310 340; x_wconf 86' lang='lat' dir='ltr'><strong>pluvia</strong></span> <span class='ocrx_word' id='word_1_13' title='bbox 1347 285 1421 326; x_wconf 88' lang='lat' dir='ltr'><strong>illa</strong></span> <span class='ocrx_word' id='word_1_14' title='bbox 1458 285 1628 338; x_wconf 89' lang='lat' dir='ltr'><strong>optima</strong></span> <span class='ocrx_word' id='word_1_15' title='bbox 1664 290 1743 335; x_wconf 88' lang='lat' dir='ltr'><strong>est,</strong></span> 
     </span>
     <span class='ocr_line' id='line_1_3' title="bbox 268 360 1745 415; baseline -0.001 -13"><span class='ocrx_word' id='word_1_16' title='bbox 268 376 368 415; x_wconf 79' lang='lat' dir='ltr'><strong>quae</strong></span> <span class='ocrx_word' id='word_1_17' title='bbox 399 362 561 402; x_wconf 90' lang='lat' dir='ltr'><strong>sensim</strong></span> <span class='ocrx_word' id='word_1_18' title='bbox 594 362 823 402; x_wconf 90' lang='lat' dir='ltr'><strong>descendit</strong></span> <span class='ocrx_word' id='word_1_19' title='bbox 857 363 900 402; x_wconf 91' lang='lat' dir='ltr'><strong>in</strong></span> <span class='ocrx_word' id='word_1_20' title='bbox 932 368 1105 411; x_wconf 86' lang='lat' dir='ltr'><strong>terram,</strong></span> <span class='ocrx_word' id='word_1_21' title='bbox 1129 362 1299 403; x_wconf 87' lang='lat' dir='ltr'><strong>subitus</strong></span> <span class='ocrx_word' id='word_1_22' title='bbox 1333 368 1376 402; x_wconf 91' lang='lat' dir='ltr'><strong>et</strong></span> <span class='ocrx_word' id='word_1_23' title='bbox 1408 360 1569 401; x_wconf 90' lang='lat' dir='ltr'><strong>nimius</strong></span> <span class='ocrx_word' id='word_1_24' title='bbox 1603 360 1745 401; x_wconf 91' lang='lat' dir='ltr'><strong>imber</strong></span> 
     </span>
     <span class='ocr_line' id='line_1_4' title="bbox 269 435 929 490; baseline 0 -14"><span class='ocrx_word' id='word_1_25' title='bbox 269 437 311 476; x_wconf 91' lang='lat' dir='ltr'><strong>in</strong></span> <span class='ocrx_word' id='word_1_26' title='bbox 335 450 531 490; x_wconf 81' lang='lat' dir='ltr'><strong>praeceps</strong></span> <span class='ocrx_word' id='word_1_27' title='bbox 553 450 658 476; x_wconf 83' lang='lat' dir='ltr'><strong>arva</strong></span> <span class='ocrx_word' id='word_1_28' title='bbox 679 435 929 477; x_wconf 55' lang='lat' dir='ltr'><strong>subvertit*</strong></span> 
     </span>
    </p>

    <p class='ocr_par' dir='ltr' id='par_1_3' title="bbox 265 509 1769 2869">
     <span class='ocr_line' id='line_1_5' title="bbox 358 509 1747 564; baseline -0.001 -14"><span class='ocrx_word' id='word_1_29' title='bbox 358 510 574 563; x_wconf 88' lang='lat' dir='ltr'><strong>Denique,</strong></span> <span class='ocrx_word' id='word_1_30' title='bbox 612 511 715 564; x_wconf 87' lang='lat' dir='ltr'><strong>quia</strong></span> <span class='ocrx_word' id='word_1_31' title='bbox 756 511 847 551; x_wconf 85' lang='lat' dir='ltr'><strong>vita</strong></span> <span class='ocrx_word' id='word_1_32' title='bbox 889 511 1135 551; x_wconf 89' lang='lat' dir='ltr'><strong>communis</strong></span> <span class='ocrx_word' id='word_1_33' title='bbox 1188 511 1417 551; x_wconf 90' lang='lat' dir='ltr'><strong>moderata</strong></span> <span class='ocrx_word' id='word_1_34' title='bbox 1467 515 1544 557; x_wconf 89' lang='lat' dir='ltr'><strong>est,</strong></span> <span class='ocrx_word' id='word_1_35' title='bbox 1588 509 1747 561; x_wconf 87' lang='lat' dir='ltr'><strong>loquor</strong></span> 
     </span>
     <span class='ocr_line' id='line_1_6' title="bbox 269 584 1743 636; baseline -0.002 -10"><span class='ocrx_word' id='word_1_36' title='bbox 269 591 419 626; x_wconf 88' lang='lat' dir='ltr'><strong>autem</strong></span> <span class='ocrx_word' id='word_1_37' title='bbox 447 584 502 625; x_wconf 93' lang='lat' dir='ltr'><strong>de</strong></span> <span class='ocrx_word' id='word_1_38' title='bbox 532 585 657 634; x_wconf 86' lang='lat' dir='ltr'><strong>civili,</strong></span> <span class='ocrx_word' id='word_1_39' title='bbox 689 591 733 626; x_wconf 91' lang='lat' dir='ltr'><strong>et</strong></span> <span class='ocrx_word' id='word_1_40' title='bbox 764 585 877 626; x_wconf 91' lang='lat' dir='ltr'><strong>bene</strong></span> <span class='ocrx_word' id='word_1_41' title='bbox 910 591 1093 636; x_wconf 87' lang='lat' dir='ltr'><strong>morata,</strong></span> <span class='ocrx_word' id='word_1_42' title='bbox 1115 586 1226 626; x_wconf 87' lang='lat' dir='ltr'><strong>vitat</strong></span> <span class='ocrx_word' id='word_1_43' title='bbox 1255 585 1371 625; x_wconf 90' lang='lat' dir='ltr'><strong>enim</strong></span> <span class='ocrx_word' id='word_1_44' title='bbox 1405 590 1618 632; x_wconf 81' lang='lat' dir='ltr'><strong>extrema,</strong></span> <span class='ocrx_word' id='word_1_45' title='bbox 1642 597 1743 636; x_wconf 80' lang='lat' dir='ltr'><strong>quae</strong></span> 
     </span>
     <span class='ocr_line' id='line_1_7' title="bbox 270 658 1746 713; baseline -0.002 -12"><span class='ocrx_word' id='word_1_46' title='bbox 270 661 406 702; x_wconf 78' lang='lat' dir='ltr'><strong>noxia</strong></span> <span class='ocrx_word' id='word_1_47' title='bbox 429 667 542 712; x_wconf 84' lang='lat' dir='ltr'><strong>sunt,</strong></span> <span class='ocrx_word' id='word_1_48' title='bbox 565 675 668 701; x_wconf 90' lang='lat' dir='ltr'><strong>nam</strong></span> <span class='ocrx_word' id='word_1_49' title='bbox 692 667 740 701; x_wconf 93' lang='lat' dir='ltr'><strong>ut</strong></span> <span class='ocrx_word' id='word_1_50' title='bbox 761 662 824 702; x_wconf 88' lang='lat' dir='ltr'><strong>ait</strong></span> <span class='ocrx_word' id='word_1_51' title='bbox 847 661 1036 701; x_wconf 82' lang='lat' dir='ltr'>Basilius</span> <span class='ocrx_word' id='word_1_52' title='bbox 1056 675 1063 701; x_wconf 90' lang='lat'><strong>:</strong></span> <span class='ocrx_word' id='word_1_53' title='bbox 1097 661 1180 701; x_wconf 84' lang='lat' dir='ltr'><strong>“In</strong></span> <span class='ocrx_word' id='word_1_54' title='bbox 1201 661 1343 701; x_wconf 85' lang='lat' dir='ltr'><strong>victus</strong></span> <span class='ocrx_word' id='word_1_55' title='bbox 1364 673 1525 713; x_wconf 82' lang='lat' dir='ltr'><strong>genere</strong></span> <span class='ocrx_word' id='word_1_56' title='bbox 1547 658 1746 712; x_wconf 85' lang='lat' dir='ltr'><strong>optimus</strong></span> 
     </span>
     <span class='ocr_line' id='line_1_8' title="bbox 269 734 1745 787; baseline -0.002 -11"><span class='ocrx_word' id='word_1_57' title='bbox 269 749 411 776; x_wconf 92' lang='lat' dir='ltr'><strong>canon</strong></span> <span class='ocrx_word' id='word_1_58' title='bbox 436 736 716 776; x_wconf 84' lang='lat' dir='ltr'><strong>mediocritas</strong></span> <span class='ocrx_word' id='word_1_59' title='bbox 740 734 841 776; x_wconf 80' lang='lat' dir='ltr'><strong>est.&#39;&#39;</strong></span> <span class='ocrx_word' id='word_1_60' title='bbox 905 736 1094 777; x_wconf 82' lang='lat' dir='ltr'><strong>Satanas</strong></span> <span class='ocrx_word' id='word_1_61' title='bbox 1118 741 1266 775; x_wconf 89' lang='lat' dir='ltr'><strong>autem</strong></span> <span class='ocrx_word' id='word_1_62' title='bbox 1297 735 1446 775; x_wconf 79' lang='lat' dir='ltr'>studet</span> <span class='ocrx_word' id='word_1_63' title='bbox 1468 747 1642 787; x_wconf 80' lang='lat' dir='ltr'><strong>semper</strong></span> <span class='ocrx_word' id='word_1_64' title='bbox 1663 746 1745 774; x_wconf 92' lang='lat' dir='ltr'><strong>nos</strong></span> 
     </span>
     <span class='ocr_line' id='line_1_9' title="bbox 269 807 1743 861; baseline -0.003 -10"><span class='ocrx_word' id='word_1_65' title='bbox 269 811 326 851; x_wconf 87' lang='lat' dir='ltr'><strong>ad</strong></span> <span class='ocrx_word' id='word_1_66' title='bbox 365 815 566 850; x_wconf 77' lang='lat' dir='ltr'><strong>extrema</strong></span> <span class='ocrx_word' id='word_1_67' title='bbox 599 823 766 858; x_wconf 86' lang='lat' dir='ltr'><strong>vocare,</strong></span> <span class='ocrx_word' id='word_1_68' title='bbox 804 815 850 849; x_wconf 90' lang='lat' dir='ltr'><strong>ut</strong></span> <span class='ocrx_word' id='word_1_69' title='bbox 886 809 955 849; x_wconf 90' lang='lat' dir='ltr'><strong>vel</strong></span> <span class='ocrx_word' id='word_1_70' title='bbox 993 810 1263 849; x_wconf 83' lang='lat' dir='ltr'><strong>excedamus</strong></span> <span class='ocrx_word' id='word_1_71' title='bbox 1300 809 1342 848; x_wconf 95' lang='lat' dir='ltr'><strong>in</strong></span> <span class='ocrx_word' id='word_1_72' title='bbox 1385 807 1601 861; x_wconf 88' lang='lat' dir='ltr'><strong>capiendo</strong></span> <span class='ocrx_word' id='word_1_73' title='bbox 1643 807 1743 847; x_wconf 92' lang='lat' dir='ltr'><strong>cibo</strong></span> 
     </span>
     <span class='ocr_line' id='line_1_10' title="bbox 266 883 1742 937; baseline -0.003 -12"><span class='ocrx_word' id='word_1_74' title='bbox 266 883 573 937; x_wconf 66' lang='lat' dir='ltr'>temperantiae</span> <span class='ocrx_word' id='word_1_75' title='bbox 596 883 768 933; x_wconf 86' lang='lat' dir='ltr'><strong>limites,</strong></span> <span class='ocrx_word' id='word_1_76' title='bbox 790 883 859 924; x_wconf 86' lang='lat' dir='ltr'><strong>vel</strong></span> <span class='ocrx_word' id='word_1_77' title='bbox 881 883 938 924; x_wconf 90' lang='lat' dir='ltr'><strong>ab</strong></span> <span class='ocrx_word' id='word_1_78' title='bbox 961 884 1022 924; x_wconf 88' lang='lat' dir='ltr'><strong>eis</strong></span> <span class='ocrx_word' id='word_1_79' title='bbox 1045 884 1229 923; x_wconf 88' lang='lat' dir='ltr'><strong>nimium</strong></span> <span class='ocrx_word' id='word_1_80' title='bbox 1258 883 1514 923; x_wconf 78' lang='lat' dir='ltr'><strong>recedamus</strong></span> <span class='ocrx_word' id='word_1_81' title='bbox 1533 896 1541 932; x_wconf 86' lang='lat'>;</span> <span class='ocrx_word' id='word_1_82' title='bbox 1575 888 1742 922; x_wconf 89' lang='lat' dir='ltr'><strong>utrum-</strong></span> 
     </span>
     <span class='ocr_line' id='line_1_11' title="bbox 269 956 1757 1010; baseline -0.001 -12"><span class='ocrx_word' id='word_1_83' title='bbox 269 971 356 1010; x_wconf 90' lang='lat' dir='ltr'><strong>que</strong></span> <span class='ocrx_word' id='word_1_84' title='bbox 398 964 547 998; x_wconf 85' lang='lat' dir='ltr'><strong>autem</strong></span> <span class='ocrx_word' id='word_1_85' title='bbox 595 957 771 1006; x_wconf 89' lang='lat' dir='ltr'><strong>bellum,</strong></span> <span class='ocrx_word' id='word_1_86' title='bbox 825 957 1038 998; x_wconf 79' lang='lat' dir='ltr'>Cassiano</span> <span class='ocrx_word' id='word_1_87' title='bbox 1091 963 1215 1005; x_wconf 88' lang='lat' dir='ltr'><strong>teste,</strong></span> <span class='ocrx_word' id='word_1_88' title='bbox 1264 957 1501 997; x_wconf 87' lang='lat' dir='ltr'><strong>adversarii</strong></span> <span class='ocrx_word' id='word_1_89' title='bbox 1553 956 1757 1002; x_wconf 19' lang='lat' dir='ltr'><strong>factione,</strong></span> 
     </span>
     <span class='ocr_line' id='line_1_12' title="bbox 265 1017 1769 1085; baseline -0.002 -12"><span class='ocrx_word' id='word_1_90' title='bbox 265 1032 500 1085; x_wconf 79' lang='lat' dir='ltr'><strong>consurgit.</strong></span> <span class='ocrx_word' id='word_1_91' title='bbox 556 1032 714 1083; x_wconf 86' lang='lat' dir='ltr'><strong>Itaque</strong></span> <span class='ocrx_word' id='word_1_92' title='bbox 737 1031 896 1083; x_wconf 84' lang='lat' dir='ltr'><strong>legitur</strong></span> <span class='ocrx_word' id='word_1_93' title='bbox 924 1032 967 1070; x_wconf 92' lang='lat' dir='ltr'><strong>in</strong></span> <span class='ocrx_word' id='word_1_94' title='bbox 989 1031 1080 1071; x_wconf 88' lang='lat' dir='ltr'><strong>vita</strong></span> <span class='ocrx_word' id='word_1_95' title='bbox 1113 1031 1158 1069; x_wconf 84' lang='lat' dir='ltr'><strong>B.</strong></span> <span class='ocrx_word' id='word_1_96' title='bbox 1181 1029 1434 1080; x_wconf 88' lang='lat' dir='ltr'><strong>Dominici,1</strong></span> <span class='ocrx_word' id='word_1_97' title='bbox 1457 1044 1557 1071; x_wconf 90' lang='lat' dir='ltr'><strong>cum</strong></span> <span class='ocrx_word' id='word_1_98' title='bbox 1584 1044 1678 1070; x_wconf 91' lang='lat' dir='ltr'><strong>sese</strong></span> <span class='ocrx_word' id='word_1_99' title='bbox 1701 1031 1739 1071; x_wconf 93' lang='lat' dir='ltr'><strong>ei</strong></span> <span class='ocrx_word' id='word_1_100' title='bbox 1765 1017 1769 1020; x_wconf 37' lang='lat'>⁵</span> 
     </span>
     <span class='ocr_line' id='line_1_13' title="bbox 269 1105 1746 1158; baseline -0.001 -11"><span class='ocrx_word' id='word_1_101' title='bbox 269 1107 447 1147; x_wconf 83' lang='lat' dir='ltr'><strong>daemon</strong></span> <span class='ocrx_word' id='word_1_102' title='bbox 489 1119 568 1158; x_wconf 91' lang='lat' dir='ltr'><strong>per</strong></span> <span class='ocrx_word' id='word_1_103' title='bbox 601 1106 743 1145; x_wconf 84' lang='lat' dir='ltr'><strong>visum</strong></span> <span class='ocrx_word' id='word_1_104' title='bbox 781 1105 1025 1152; x_wconf 85' lang='lat' dir='ltr'><strong>obtulisset,</strong></span> <span class='ocrx_word' id='word_1_105' title='bbox 1061 1105 1118 1144; x_wconf 88' lang='lat' dir='ltr'><strong>ab</strong></span> <span class='ocrx_word' id='word_1_106' title='bbox 1155 1118 1296 1157; x_wconf 90' lang='lat' dir='ltr'><strong>eoque</strong></span> <span class='ocrx_word' id='word_1_107' title='bbox 1333 1118 1410 1157; x_wconf 90' lang='lat' dir='ltr'><strong>per</strong></span> <span class='ocrx_word' id='word_1_108' title='bbox 1443 1110 1588 1145; x_wconf 91' lang='lat' dir='ltr'><strong>totum</strong></span> <span class='ocrx_word' id='word_1_109' title='bbox 1630 1110 1746 1146; x_wconf 89' lang='lat' dir='ltr'><strong>esset</strong></span> 
     </span>
     <span class='ocr_line' id='line_1_14' title="bbox 269 1178 1748 1228; baseline -0.001 -8"><span class='ocrx_word' id='word_1_110' title='bbox 269 1180 486 1220; x_wconf 86' lang='lat' dir='ltr'><strong>deductus</strong></span> <span class='ocrx_word' id='word_1_111' title='bbox 549 1179 814 1227; x_wconf 85' lang='lat' dir='ltr'><strong>coenobium,</strong></span> <span class='ocrx_word' id='word_1_112' title='bbox 870 1179 941 1218; x_wconf 89' lang='lat' dir='ltr'><strong>ubi</strong></span> <span class='ocrx_word' id='word_1_113' title='bbox 995 1178 1050 1218; x_wconf 89' lang='lat' dir='ltr'><strong>ad</strong></span> <span class='ocrx_word' id='word_1_114' title='bbox 1103 1179 1380 1219; x_wconf 88' lang='lat' dir='ltr'><strong>coenaculum</strong></span> <span class='ocrx_word' id='word_1_115' title='bbox 1432 1184 1614 1219; x_wconf 87' lang='lat' dir='ltr'><strong>ventum</strong></span> <span class='ocrx_word' id='word_1_116' title='bbox 1667 1185 1748 1228; x_wconf 81' lang='lat' dir='ltr'><strong>est‚</strong></span> 
     </span>
     <span class='ocr_line' id='line_1_15' title="bbox 268 1252 1744 1306; baseline -0.001 -12"><span class='ocrx_word' id='word_1_117' title='bbox 268 1253 457 1306; x_wconf 88' lang='lat' dir='ltr'><strong>coepisse</strong></span> <span class='ocrx_word' id='word_1_118' title='bbox 494 1253 745 1292; x_wconf 73' lang='lat' dir='ltr'><strong>daemonem</strong></span> <span class='ocrx_word' id='word_1_119' title='bbox 787 1253 952 1305; x_wconf 79' lang='lat' dir='ltr'><strong>gaudio</strong></span> <span class='ocrx_word' id='word_1_120' title='bbox 995 1253 1148 1302; x_wconf 86' lang='lat' dir='ltr'><strong>efferri,</strong></span> <span class='ocrx_word' id='word_1_121' title='bbox 1183 1253 1301 1305; x_wconf 86' lang='lat' dir='ltr'><strong>quod</strong></span> <span class='ocrx_word' id='word_1_122' title='bbox 1346 1267 1398 1293; x_wconf 93' lang='lat' dir='ltr'><strong>eo</strong></span> <span class='ocrx_word' id='word_1_123' title='bbox 1441 1266 1618 1306; x_wconf 90' lang='lat' dir='ltr'><strong>quoque</strong></span> <span class='ocrx_word' id='word_1_124' title='bbox 1659 1252 1744 1294; x_wconf 88' lang='lat' dir='ltr'><strong>loci</strong></span> 
     </span>
     <span class='ocr_line' id='line_1_16' title="bbox 267 1326 1745 1382; baseline 0 -14"><span class='ocrx_word' id='word_1_125' title='bbox 267 1333 440 1382; x_wconf 89' lang='lat' dir='ltr'><strong>partem</strong></span> <span class='ocrx_word' id='word_1_126' title='bbox 475 1340 601 1367; x_wconf 89' lang='lat' dir='ltr'><strong>suam</strong></span> <span class='ocrx_word' id='word_1_127' title='bbox 636 1332 908 1379; x_wconf 80' lang='lat' dir='ltr'><strong>agnosceret,</strong></span> <span class='ocrx_word' id='word_1_128' title='bbox 944 1340 1081 1380; x_wconf 86' lang='lat' dir='ltr'><strong>quum</strong></span> <span class='ocrx_word' id='word_1_129' title='bbox 1114 1326 1268 1367; x_wconf 87' lang='lat' dir='ltr'><strong>fratres</strong></span> <span class='ocrx_word' id='word_1_130' title='bbox 1301 1327 1361 1367; x_wconf 90' lang='lat' dir='ltr'><strong>illi</strong></span> <span class='ocrx_word' id='word_1_131' title='bbox 1405 1326 1477 1367; x_wconf 90' lang='lat' dir='ltr'><strong>alii</strong></span> <span class='ocrx_word' id='word_1_132' title='bbox 1512 1327 1607 1367; x_wconf 86' lang='lat' dir='ltr'><strong>aliis</strong></span> <span class='ocrx_word' id='word_1_133' title='bbox 1644 1327 1745 1381; x_wconf 90' lang='lat' dir='ltr'><strong>plus</strong></span> 
     </span>
     <span class='ocr_line' id='line_1_17' title="bbox 270 1401 1745 1454; baseline 0.001 -13"><span class='ocrx_word' id='word_1_134' title='bbox 270 1402 470 1442; x_wconf 89' lang='lat' dir='ltr'><strong>minusve</strong></span> <span class='ocrx_word' id='word_1_135' title='bbox 494 1402 548 1441; x_wconf 90' lang='lat' dir='ltr'><strong>de</strong></span> <span class='ocrx_word' id='word_1_136' title='bbox 571 1401 669 1441; x_wconf 90' lang='lat' dir='ltr'><strong>cibo</strong></span> <span class='ocrx_word' id='word_1_137' title='bbox 699 1407 916 1454; x_wconf 78' lang='lat' dir='ltr'><strong>caperent,</strong></span> <span class='ocrx_word' id='word_1_138' title='bbox 941 1415 1075 1454; x_wconf 88' lang='lat' dir='ltr'><strong>quam</strong></span> <span class='ocrx_word' id='word_1_139' title='bbox 1104 1415 1282 1441; x_wconf 85' lang='lat' dir='ltr'><strong>necesse</strong></span> <span class='ocrx_word' id='word_1_140' title='bbox 1309 1407 1384 1442; x_wconf 90' lang='lat' dir='ltr'><strong>est.</strong></span> <span class='ocrx_word' id='word_1_141' title='bbox 1449 1401 1573 1443; x_wconf 87' lang='lat' dir='ltr'><strong>Solet</strong></span> <span class='ocrx_word' id='word_1_142' title='bbox 1595 1408 1745 1443; x_wconf 88' lang='lat' dir='ltr'><strong>tamen</strong></span> 
     </span>
     <span class='ocr_line' id='line_1_18' title="bbox 270 1475 1745 1528; baseline -0.001 -10"><span class='ocrx_word' id='word_1_143' title='bbox 270 1482 444 1518; x_wconf 87' lang='lat' dir='ltr'><strong>astutus</strong></span> <span class='ocrx_word' id='word_1_144' title='bbox 475 1476 615 1516; x_wconf 88' lang='lat' dir='ltr'><strong>hostis</strong></span> <span class='ocrx_word' id='word_1_145' title='bbox 648 1475 838 1515; x_wconf 88' lang='lat' dir='ltr'><strong>famulos</strong></span> <span class='ocrx_word' id='word_1_146' title='bbox 870 1475 954 1515; x_wconf 92' lang='lat' dir='ltr'><strong>Dei</strong></span> <span class='ocrx_word' id='word_1_147' title='bbox 993 1475 1135 1528; x_wconf 79' lang='lat' dir='ltr'><strong>magis</strong></span> <span class='ocrx_word' id='word_1_148' title='bbox 1167 1475 1223 1516; x_wconf 89' lang='lat' dir='ltr'><strong>ad</strong></span> <span class='ocrx_word' id='word_1_149' title='bbox 1256 1475 1450 1516; x_wconf 90' lang='lat' dir='ltr'><strong>inediam</strong></span> <span class='ocrx_word' id='word_1_150' title='bbox 1488 1482 1532 1516; x_wconf 92' lang='lat' dir='ltr'><strong>et</strong></span> <span class='ocrx_word' id='word_1_151' title='bbox 1563 1476 1745 1517; x_wconf 82' lang='lat' dir='ltr'>nimiam</span> 
     </span>
     <span class='ocr_line' id='line_1_19' title="bbox 270 1549 1747 1602; baseline 0 -11"><span class='ocrx_word' id='word_1_152' title='bbox 270 1551 355 1592; x_wconf 93' lang='lat' dir='ltr'><strong>cibi</strong></span> <span class='ocrx_word' id='word_1_153' title='bbox 387 1550 715 1599; x_wconf 75' lang='lat' dir='ltr'><strong>abstinentiam,</strong></span> <span class='ocrx_word' id='word_1_154' title='bbox 740 1563 873 1602; x_wconf 87' lang='lat' dir='ltr'><strong>quam</strong></span> <span class='ocrx_word' id='word_1_155' title='bbox 897 1550 952 1590; x_wconf 89' lang='lat' dir='ltr'><strong>ad</strong></span> <span class='ocrx_word' id='word_1_156' title='bbox 983 1550 1271 1590; x_wconf 75' lang='lat' dir='ltr'><strong>voracitatem</strong></span> <span class='ocrx_word' id='word_1_157' title='bbox 1293 1549 1466 1590; x_wconf 89' lang='lat' dir='ltr'><strong>trahere</strong></span> <span class='ocrx_word' id='word_1_158' title='bbox 1487 1565 1495 1600; x_wconf 92' lang='lat'>;</span> <span class='ocrx_word' id='word_1_159' title='bbox 1529 1550 1668 1591; x_wconf 89' lang='lat' dir='ltr'><strong>tribus</strong></span> <span class='ocrx_word' id='word_1_160' title='bbox 1690 1551 1747 1592; x_wconf 91' lang='lat' dir='ltr'><strong>de</strong></span> 
     </span>
     <span class='ocr_line' id='line_1_20' title="bbox 271 1623 1748 1677; baseline 0 -11"><span class='ocrx_word' id='word_1_161' title='bbox 271 1625 424 1667; x_wconf 87' lang='lat' dir='ltr'><strong>causis.</strong></span> <span class='ocrx_word' id='word_1_162' title='bbox 484 1631 536 1664; x_wconf 85' lang='lat'><strong>10.</strong></span> <span class='ocrx_word' id='word_1_163' title='bbox 593 1624 709 1677; x_wconf 73' lang='lat' dir='ltr'><strong>Quia</strong></span> <span class='ocrx_word' id='word_1_164' title='bbox 762 1637 836 1664; x_wconf 92' lang='lat' dir='ltr'><strong>eos</strong></span> <span class='ocrx_word' id='word_1_165' title='bbox 888 1624 1033 1677; x_wconf 85' lang='lat' dir='ltr'><strong>specie</strong></span> <span class='ocrx_word' id='word_1_166' title='bbox 1086 1624 1190 1664; x_wconf 86' lang='lat' dir='ltr'><strong>recti</strong></span> <span class='ocrx_word' id='word_1_167' title='bbox 1254 1623 1423 1664; x_wconf 85' lang='lat' dir='ltr'><strong>facilius</strong></span> <span class='ocrx_word' id='word_1_168' title='bbox 1475 1624 1650 1677; x_wconf 86' lang='lat' dir='ltr'><strong>decipit,</strong></span> <span class='ocrx_word' id='word_1_169' title='bbox 1698 1631 1748 1666; x_wconf 89' lang='lat' dir='ltr'><strong>ut</strong></span> 
     </span>
     <span class='ocr_line' id='line_1_21' title="bbox 271 1697 1751 1753; baseline 0 -13"><span class='ocrx_word' id='word_1_170' title='bbox 271 1700 447 1753; x_wconf 87' lang='lat' dir='ltr'><strong>decepit</strong></span> <span class='ocrx_word' id='word_1_171' title='bbox 479 1698 724 1751; x_wconf 87' lang='lat' dir='ltr'><strong>Jordanum</strong></span> <span class='ocrx_word' id='word_1_172' title='bbox 763 1698 1028 1751; x_wconf 88' lang='lat' dir='ltr'><strong>discipulum</strong></span> <span class='ocrx_word' id='word_1_173' title='bbox 1072 1697 1114 1738; x_wconf 83' lang='lat' dir='ltr'><strong>S.</strong></span> <span class='ocrx_word' id='word_1_174' title='bbox 1140 1698 1364 1739; x_wconf 91' lang='lat' dir='ltr'><strong>Dominici</strong></span> <span class='ocrx_word' id='word_1_175' title='bbox 1399 1711 1499 1738; x_wconf 89' lang='lat' dir='ltr'><strong>cum</strong></span> <span class='ocrx_word' id='word_1_176' title='bbox 1538 1699 1751 1752; x_wconf 82' lang='lat' dir='ltr'><strong>magister</strong></span> 
     </span>
     <span class='ocr_line' id='line_1_22' title="bbox 272 1771 1746 1826; baseline 0 -12"><span class='ocrx_word' id='word_1_177' title='bbox 272 1779 387 1815; x_wconf 89' lang='lat' dir='ltr'><strong>esset</strong></span> <span class='ocrx_word' id='word_1_178' title='bbox 409 1773 586 1821; x_wconf 77' lang='lat' dir='ltr'><strong>ordiniS,</strong></span> <span class='ocrx_word' id='word_1_179' title='bbox 606 1778 883 1825; x_wconf 83' lang='lat' dir='ltr'><strong>persuaserat</strong></span> <span class='ocrx_word' id='word_1_180' title='bbox 903 1772 1019 1812; x_wconf 88' lang='lat' dir='ltr'><strong>enim</strong></span> <span class='ocrx_word' id='word_1_181' title='bbox 1043 1771 1103 1811; x_wconf 90' lang='lat' dir='ltr'><strong>illi</strong></span> <span class='ocrx_word' id='word_1_182' title='bbox 1126 1777 1185 1822; x_wconf 85' lang='lat' dir='ltr'><strong>ut,</strong></span> <span class='ocrx_word' id='word_1_183' title='bbox 1204 1773 1260 1812; x_wconf 90' lang='lat' dir='ltr'><strong>ad</strong></span> <span class='ocrx_word' id='word_1_184' title='bbox 1284 1772 1469 1813; x_wconf 87' lang='lat' dir='ltr'><strong>aliorum</strong></span> <span class='ocrx_word' id='word_1_185' title='bbox 1487 1773 1746 1826; x_wconf 84' lang='lat' dir='ltr'><strong>exemplum</strong></span> 
     </span>
     <span class='ocr_line' id='line_1_23' title="bbox 272 1847 1750 1903; baseline 0.001 -13"><span class='ocrx_word' id='word_1_186' title='bbox 272 1851 431 1903; x_wconf 86' lang='lat' dir='ltr'><strong>quibus</strong></span> <span class='ocrx_word' id='word_1_187' title='bbox 467 1854 665 1903; x_wconf 81' lang='lat' dir='ltr'><strong>praeerat,</strong></span> <span class='ocrx_word' id='word_1_188' title='bbox 704 1850 798 1889; x_wconf 88' lang='lat' dir='ltr'><strong>sine</strong></span> <span class='ocrx_word' id='word_1_189' title='bbox 835 1847 1032 1902; x_wconf 84' lang='lat' dir='ltr'><strong>stragulo</strong></span> <span class='ocrx_word' id='word_1_190' title='bbox 1067 1854 1196 1889; x_wconf 87' lang='lat' dir='ltr'><strong>nocte</strong></span> <span class='ocrx_word' id='word_1_191' title='bbox 1230 1849 1424 1899; x_wconf 89' lang='lat' dir='ltr'><strong>cubaret,</strong></span> <span class='ocrx_word' id='word_1_192' title='bbox 1463 1855 1507 1890; x_wconf 93' lang='lat' dir='ltr'><strong>et</strong></span> <span class='ocrx_word' id='word_1_193' title='bbox 1543 1851 1750 1892; x_wconf 81' lang='lat' dir='ltr'><strong>carnibus</strong></span> 
     </span>
     <span class='ocr_line' id='line_1_24' title="bbox 271 1924 1746 1977; baseline -0.001 -12"><span class='ocrx_word' id='word_1_194' title='bbox 271 1925 524 1973; x_wconf 87' lang='lat' dir='ltr'><strong>abstineret,</strong></span> <span class='ocrx_word' id='word_1_195' title='bbox 569 1937 668 1963; x_wconf 90' lang='lat' dir='ltr'><strong>cum</strong></span> <span class='ocrx_word' id='word_1_196' title='bbox 713 1929 827 1964; x_wconf 86' lang='lat' dir='ltr'><strong>esset</strong></span> <span class='ocrx_word' id='word_1_197' title='bbox 870 1937 1016 1977; x_wconf 79' lang='lat' dir='ltr'><strong>aege1·;</strong></span> <span class='ocrx_word' id='word_1_198' title='bbox 1074 1937 1161 1976; x_wconf 92' lang='lat' dir='ltr'><strong>qua</strong></span> <span class='ocrx_word' id='word_1_199' title='bbox 1202 1924 1305 1964; x_wconf 82' lang='lat' dir='ltr'><strong>vitae</strong></span> <span class='ocrx_word' id='word_1_200' title='bbox 1347 1924 1584 1976; x_wconf 88' lang='lat' dir='ltr'><strong>asperitate</strong></span> <span class='ocrx_word' id='word_1_201' title='bbox 1626 1924 1746 1965; x_wconf 89' lang='lat' dir='ltr'><strong>brevi</strong></span> 
     </span>
     <span class='ocr_line' id='line_1_25' title="bbox 273 1998 1750 2051; baseline -0.001 -10"><span class='ocrx_word' id='word_1_202' title='bbox 273 2000 436 2041; x_wconf 89' lang='lat' dir='ltr'><strong>fractus</strong></span> <span class='ocrx_word' id='word_1_203' title='bbox 477 2013 529 2040; x_wconf 90' lang='lat' dir='ltr'><strong>ac</strong></span> <span class='ocrx_word' id='word_1_204' title='bbox 571 1998 827 2039; x_wconf 86' lang='lat' dir='ltr'><strong>debilitatus</strong></span> <span class='ocrx_word' id='word_1_205' title='bbox 870 1999 982 2039; x_wconf 88' lang='lat' dir='ltr'><strong>adeo</strong></span> <span class='ocrx_word' id='word_1_206' title='bbox 1025 2004 1102 2048; x_wconf 88' lang='lat' dir='ltr'><strong>est,</strong></span> <span class='ocrx_word' id='word_1_207' title='bbox 1141 2005 1188 2039; x_wconf 86' lang='lat' dir='ltr'><strong>ut</strong></span> <span class='ocrx_word' id='word_1_208' title='bbox 1230 2012 1318 2039; x_wconf 90' lang='lat' dir='ltr'><strong>non</strong></span> <span class='ocrx_word' id='word_1_209' title='bbox 1359 1998 1491 2051; x_wconf 82' lang='lat' dir='ltr'><strong>longe</strong></span> <span class='ocrx_word' id='word_1_210' title='bbox 1527 2013 1553 2039; x_wconf 88' lang='lat' dir='ltr'><strong>a</strong></span> <span class='ocrx_word' id='word_1_211' title='bbox 1594 1999 1750 2040; x_wconf 88' lang='lat' dir='ltr'><strong>mortis</strong></span> 
     </span>
     <span class='ocr_line' id='line_1_26' title="bbox 274 2071 1745 2127; baseline -0.001 -12"><span class='ocrx_word' id='word_1_212' title='bbox 274 2075 428 2115; x_wconf 87' lang='lat' dir='ltr'><strong>abesse</strong></span> <span class='ocrx_word' id='word_1_213' title='bbox 451 2073 645 2127; x_wconf 88' lang='lat' dir='ltr'><strong>periculo</strong></span> <span class='ocrx_word' id='word_1_214' title='bbox 667 2078 906 2126; x_wconf 88' lang='lat' dir='ltr'><strong>putaretur.</strong></span> <span class='ocrx_word' id='word_1_215' title='bbox 962 2078 1018 2113; x_wconf 87' lang='lat'><strong>20.</strong></span> <span class='ocrx_word' id='word_1_216' title='bbox 1048 2071 1164 2125; x_wconf 76' lang='lat' dir='ltr'><strong>Quia</strong></span> <span class='ocrx_word' id='word_1_217' title='bbox 1186 2072 1421 2125; x_wconf 88' lang='lat' dir='ltr'><strong>perdendis</strong></span> <span class='ocrx_word' id='word_1_218' title='bbox 1443 2072 1745 2126; x_wconf 84' lang='lat' dir='ltr'><strong>religiosorum</strong></span> 
     </span>
     <span class='ocr_line' id='line_1_27' title="bbox 273 2146 1748 2200; baseline 0 -12"><span class='ocrx_word' id='word_1_219' title='bbox 273 2148 503 2189; x_wconf 90' lang='lat' dir='ltr'><strong>hominum</strong></span> <span class='ocrx_word' id='word_1_220' title='bbox 535 2147 699 2187; x_wconf 84' lang='lat' dir='ltr'><strong>viribus</strong></span> <span class='ocrx_word' id='word_1_221' title='bbox 729 2146 897 2198; x_wconf 88' lang='lat' dir='ltr'><strong>majora</strong></span> <span class='ocrx_word' id='word_1_222' title='bbox 929 2152 1072 2186; x_wconf 91' lang='lat' dir='ltr'><strong>tentat</strong></span> <span class='ocrx_word' id='word_1_223' title='bbox 1106 2146 1319 2199; x_wconf 90' lang='lat' dir='ltr'><strong>impedire</strong></span> <span class='ocrx_word' id='word_1_224' title='bbox 1352 2147 1479 2197; x_wconf 87' lang='lat' dir='ltr'><strong>bona,</strong></span> <span class='ocrx_word' id='word_1_225' title='bbox 1512 2152 1748 2200; x_wconf 89' lang='lat' dir='ltr'><strong>propterea</strong></span> 
     </span>
     <span class='ocr_line' id='line_1_28' title="bbox 274 2220 1745 2275; baseline 0 -13"><span class='ocrx_word' id='word_1_226' title='bbox 274 2222 555 2275; x_wconf 79' lang='lat' dir='ltr'><strong>Augustinus</strong></span> <span class='ocrx_word' id='word_1_227' title='bbox 584 2221 696 2261; x_wconf 89' lang='lat' dir='ltr'><strong>libro</strong></span> <span class='ocrx_word' id='word_1_228' title='bbox 720 2221 774 2260; x_wconf 90' lang='lat' dir='ltr'><strong>de</strong></span> <span class='ocrx_word' id='word_1_229' title='bbox 807 2220 1002 2260; x_wconf 88' lang='lat' dir='ltr'><strong>moribus</strong></span> <span class='ocrx_word' id='word_1_230' title='bbox 1033 2220 1255 2270; x_wconf 80' lang='lat' dir='ltr'><strong>Ecclesiae,</strong></span> <span class='ocrx_word' id='word_1_231' title='bbox 1278 2234 1378 2260; x_wconf 90' lang='lat' dir='ltr'><strong>cum</strong></span> <span class='ocrx_word' id='word_1_232' title='bbox 1401 2221 1457 2261; x_wconf 90' lang='lat' dir='ltr'><strong>de</strong></span> <span class='ocrx_word' id='word_1_233' title='bbox 1479 2221 1745 2274; x_wconf 86' lang='lat' dir='ltr'><strong>quibusdam</strong></span> 
     </span>
     <span class='ocr_line' id='line_1_29' title="bbox 274 2293 1748 2347; baseline -0.001 -10"><span class='ocrx_word' id='word_1_234' title='bbox 274 2296 519 2344; x_wconf 71' lang='lat' dir='ltr'><strong>coenobitis,</strong></span> <span class='ocrx_word' id='word_1_235' title='bbox 554 2308 740 2347; x_wconf 88' lang='lat' dir='ltr'><strong>quorum</strong></span> <span class='ocrx_word' id='word_1_236' title='bbox 783 2293 1013 2335; x_wconf 86' lang='lat' dir='ltr'><strong>moderata</strong></span> <span class='ocrx_word' id='word_1_237' title='bbox 1053 2295 1145 2335; x_wconf 89' lang='lat' dir='ltr'><strong>vita</strong></span> <span class='ocrx_word' id='word_1_238' title='bbox 1182 2301 1285 2344; x_wconf 87' lang='lat' dir='ltr'><strong>erat,</strong></span> <span class='ocrx_word' id='word_1_239' title='bbox 1320 2295 1591 2335; x_wconf 87' lang='lat' dir='ltr'><strong>mentionem</strong></span> <span class='ocrx_word' id='word_1_240' title='bbox 1630 2296 1748 2345; x_wconf 87' lang='lat' dir='ltr'><strong>facit,</strong></span> 
     </span>
     <span class='ocr_line' id='line_1_30' title="bbox 275 2369 1745 2422; baseline -0.001 -11"><span class='ocrx_word' id='word_1_241' title='bbox 275 2369 594 2420; x_wconf 75' lang='lat' dir='ltr'><strong>“N011nullos,&#39;&#39;</strong></span> <span class='ocrx_word' id='word_1_242' title='bbox 619 2369 770 2422; x_wconf 87' lang='lat' dir='ltr'><strong>inquit,</strong></span> <span class='ocrx_word' id='word_1_243' title='bbox 796 2372 1082 2410; x_wconf 85' lang='lat' dir='ltr'><strong>“recusantes</strong></span> <span class='ocrx_word' id='word_1_244' title='bbox 1105 2369 1254 2410; x_wconf 87' lang='lat' dir='ltr'><strong>vinum</strong></span> <span class='ocrx_word' id='word_1_245' title='bbox 1279 2369 1468 2410; x_wconf 86' lang='lat' dir='ltr'><strong>fraterne</strong></span> <span class='ocrx_word' id='word_1_246' title='bbox 1491 2369 1745 2418; x_wconf 86' lang='lat' dir='ltr'><strong>admonent,</strong></span> 
     </span>
     <span class='ocr_line' id='line_1_31' title="bbox 273 2443 1748 2498; baseline -0.001 -13"><span class='ocrx_word' id='word_1_247' title='bbox 273 2459 326 2485; x_wconf 92' lang='lat' dir='ltr'><strong>ne</strong></span> <span class='ocrx_word' id='word_1_248' title='bbox 368 2459 481 2485; x_wconf 85' lang='lat' dir='ltr'><strong>vana</strong></span> <span class='ocrx_word' id='word_1_249' title='bbox 524 2444 834 2498; x_wconf 88' lang='lat' dir='ltr'><strong>superstitione</strong></span> <span class='ocrx_word' id='word_1_250' title='bbox 876 2443 1110 2484; x_wconf 89' lang='lat' dir='ltr'><strong>debiliores</strong></span> <span class='ocrx_word' id='word_1_251' title='bbox 1151 2444 1279 2484; x_wconf 88' lang='lat' dir='ltr'><strong>citius</strong></span> <span class='ocrx_word' id='word_1_252' title='bbox 1321 2457 1454 2496; x_wconf 88' lang='lat' dir='ltr'><strong>quam</strong></span> <span class='ocrx_word' id='word_1_253' title='bbox 1507 2443 1748 2484; x_wconf 89' lang='lat' dir='ltr'><strong>sanctiores</strong></span> 
     </span>
     <span class='ocr_line' id='line_1_32' title="bbox 275 2516 1745 2570; baseline -0.001 -12"><span class='ocrx_word' id='word_1_254' title='bbox 275 2518 394 2559; x_wconf 84' lang='lat' dir='ltr'><strong>fiant.</strong></span> <span class='ocrx_word' id='word_1_255' title='bbox 479 2519 539 2558; x_wconf 87' lang='lat' dir='ltr'><strong>Et</strong></span> <span class='ocrx_word' id='word_1_256' title='bbox 582 2518 628 2559; x_wconf 83' lang='lat' dir='ltr'><strong>B.</strong></span> <span class='ocrx_word' id='word_1_257' title='bbox 663 2516 947 2558; x_wconf 71' lang='lat' dir='ltr'><strong>Vincentius‘2</strong></span> <span class='ocrx_word' id='word_1_258' title='bbox 989 2518 1119 2558; x_wconf 91' lang='lat' dir='ltr'><strong>docet</strong></span> <span class='ocrx_word' id='word_1_259' title='bbox 1162 2517 1402 2565; x_wconf 89' lang='lat' dir='ltr'><strong>diabolum,</strong></span> <span class='ocrx_word' id='word_1_260' title='bbox 1450 2531 1550 2557; x_wconf 90' lang='lat' dir='ltr'><strong>cum</strong></span> <span class='ocrx_word' id='word_1_261' title='bbox 1593 2531 1745 2570; x_wconf 87' lang='lat' dir='ltr'><strong>quem-</strong></span> 
     </span>
     <span class='ocr_line' id='line_1_33' title="bbox 275 2591 1745 2646; baseline 0 -13"><span class='ocrx_word' id='word_1_262' title='bbox 275 2594 395 2646; x_wconf 90' lang='lat' dir='ltr'><strong>piam</strong></span> <span class='ocrx_word' id='word_1_263' title='bbox 439 2593 590 2646; x_wconf 90' lang='lat' dir='ltr'><strong>spiritu</strong></span> <span class='ocrx_word' id='word_1_264' title='bbox 629 2593 869 2633; x_wconf 88' lang='lat' dir='ltr'><strong>ferventem</strong></span> <span class='ocrx_word' id='word_1_265' title='bbox 908 2592 1231 2641; x_wconf 86' lang='lat' dir='ltr'><strong>animadvertit,</strong></span> <span class='ocrx_word' id='word_1_266' title='bbox 1271 2591 1455 2631; x_wconf 88' lang='lat' dir='ltr'><strong>suadere</strong></span> <span class='ocrx_word' id='word_1_267' title='bbox 1493 2591 1552 2631; x_wconf 93' lang='lat' dir='ltr'><strong>illi</strong></span> <span class='ocrx_word' id='word_1_268' title='bbox 1587 2592 1745 2633; x_wconf 91' lang='lat' dir='ltr'><strong>immo-</strong></span> 
     </span>
     <span class='ocr_line' id='line_1_34' title="bbox 275 2665 1744 2719; baseline -0.001 -12"><span class='ocrx_word' id='word_1_269' title='bbox 275 2668 473 2707; x_wconf 88' lang='lat' dir='ltr'><strong>deratam</strong></span> <span class='ocrx_word' id='word_1_270' title='bbox 512 2666 703 2706; x_wconf 87' lang='lat' dir='ltr'><strong>inediam</strong></span> <span class='ocrx_word' id='word_1_271' title='bbox 739 2672 873 2718; x_wconf 88' lang='lat' dir='ltr'><strong>atque</strong></span> <span class='ocrx_word' id='word_1_272' title='bbox 903 2665 1086 2719; x_wconf 83' lang='lat' dir='ltr'><strong>vigilias,</strong></span> <span class='ocrx_word' id='word_1_273' title='bbox 1120 2671 1168 2705; x_wconf 94' lang='lat' dir='ltr'><strong>ut</strong></span> <span class='ocrx_word' id='word_1_274' title='bbox 1201 2665 1382 2706; x_wconf 88' lang='lat' dir='ltr'><strong>tandem</strong></span> <span class='ocrx_word' id='word_1_275' title='bbox 1421 2665 1584 2707; x_wconf 86' lang='lat' dir='ltr'><strong>fractus</strong></span> <span class='ocrx_word' id='word_1_276' title='bbox 1620 2665 1744 2706; x_wconf 91' lang='lat' dir='ltr'><strong>debi-</strong></span> 
     </span>
     <span class='ocr_line' id='line_1_35' title="bbox 275 2739 1748 2794; baseline -0.001 -12"><span class='ocrx_word' id='word_1_277' title='bbox 275 2741 515 2794; x_wconf 86' lang='lat' dir='ltr'><strong>litatusque</strong></span> <span class='ocrx_word' id='word_1_278' title='bbox 533 2740 741 2780; x_wconf 87' lang='lat' dir='ltr'><strong>reddatur</strong></span> <span class='ocrx_word' id='word_1_279' title='bbox 762 2740 937 2782; x_wconf 81' lang='lat' dir='ltr'><strong>inutilis.</strong></span> <span class='ocrx_word' id='word_1_280' title='bbox 974 2746 1029 2791; x_wconf 85' lang='lat'><strong>30.</strong></span> <span class='ocrx_word' id='word_1_281' title='bbox 1055 2739 1170 2793; x_wconf 74' lang='lat' dir='ltr'><strong>Quia</strong></span> <span class='ocrx_word' id='word_1_282' title='bbox 1193 2739 1328 2780; x_wconf 89' lang='lat' dir='ltr'><strong>nimia</strong></span> <span class='ocrx_word' id='word_1_283' title='bbox 1350 2740 1393 2779; x_wconf 91' lang='lat' dir='ltr'><strong>in</strong></span> <span class='ocrx_word' id='word_1_284' title='bbox 1415 2740 1532 2781; x_wconf 91' lang='lat' dir='ltr'><strong>victu</strong></span> <span class='ocrx_word' id='word_1_285' title='bbox 1555 2740 1748 2793; x_wconf 87' lang='lat' dir='ltr'><strong>parcitas</strong></span> 
     </span>
     <span class='ocr_line' id='line_1_36' title="bbox 277 2813 1745 2869; baseline -0.001 -13"><span class='ocrx_word' id='word_1_286' title='bbox 277 2815 376 2869; x_wconf 88' lang='lat' dir='ltr'><strong>plus</strong></span> <span class='ocrx_word' id='word_1_287' title='bbox 407 2815 541 2856; x_wconf 88' lang='lat' dir='ltr'><strong>habet</strong></span> <span class='ocrx_word' id='word_1_288' title='bbox 573 2813 752 2868; x_wconf 89' lang='lat' dir='ltr'><strong>periculi</strong></span> <span class='ocrx_word' id='word_1_289' title='bbox 782 2828 917 2866; x_wconf 85' lang='lat' dir='ltr'><strong>quam</strong></span> <span class='ocrx_word' id='word_1_290' title='bbox 948 2814 1154 2863; x_wconf 87' lang='lat' dir='ltr'><strong>edacitas,</strong></span> <span class='ocrx_word' id='word_1_291' title='bbox 1178 2819 1292 2854; x_wconf 91' lang='lat' dir='ltr'><strong>teste</strong></span> <span class='ocrx_word' id='word_1_292' title='bbox 1315 2814 1475 2867; x_wconf 87' lang='lat' dir='ltr'><strong>Moyse</strong></span> <span class='ocrx_word' id='word_1_293' title='bbox 1497 2814 1615 2868; x_wconf 85' lang='lat' dir='ltr'><strong>apud</strong></span> <span class='ocrx_word' id='word_1_294' title='bbox 1640 2813 1745 2854; x_wconf 84' lang='lat' dir='ltr'><strong>Cas-</strong></span> 
     </span>
    </p>
   </div>
   <div class='ocr_carea' id='block_1_3' title="bbox 577 2901 1433 2944">
    <p class='ocr_par' dir='ltr' id='par_1_4' title="bbox 577 2901 1433 2944">
     <span class='ocr_line' id='line_1_37' title="bbox 577 2901 1433 2944; baseline -0.001 -9"><span class='ocrx_word' id='word_1_295' title='bbox 577 2902 589 2922; x_wconf 81' lang='lat'>1</span> <span class='ocrx_word' id='word_1_296' title='bbox 615 2903 700 2936; x_wconf 91' lang='lat' dir='ltr'><strong>Coll.</strong></span> <span class='ocrx_word' id='word_1_297' title='bbox 721 2911 752 2942; x_wconf 89' lang='lat'><strong>2,</strong></span> <span class='ocrx_word' id='word_1_298' title='bbox 773 2914 800 2935; x_wconf 87' lang='lat' dir='ltr'><strong>c.</strong></span> <span class='ocrx_word' id='word_1_299' title='bbox 826 2909 873 2943; x_wconf 89' lang='lat'><strong>17.</strong></span> <span class='ocrx_word' id='word_1_300' title='bbox 1191 2901 1204 2920; x_wconf 73' lang='lat'><strong>‘⁴³</strong></span> <span class='ocrx_word' id='word_1_301' title='bbox 1229 2903 1285 2934; x_wconf 85' lang='lat' dir='ltr'><strong>Tr.</strong></span> <span class='ocrx_word' id='word_1_302' title='bbox 1306 2903 1362 2934; x_wconf 87' lang='lat' dir='ltr'><strong>vit.</strong></span> <span class='ocrx_word' id='word_1_303' title='bbox 1384 2913 1433 2944; x_wconf 84' lang='lat' dir='ltr'><strong>sp.</strong></span> 
     </span>
    </p>
   </div>
  </div>
 </body>
</html>
