1903 3197
300 170 403 218 474
628 158 708 204 De
739 157 930 205 ratione
964 159 1156 206 vivendi
1187 160 1448 208 Societatz's.

302 296 348 333 et
376 290 690 342 adolescentes,
718 297 762 332 et
793 293 1056 345 perennibus
1089 293 1251 334 addicti
1285 294 1441 334 studiis
1473 300 1516 334 et
1547 294 1769 335 laboribus

303 365 474 405 mentis.
558 365 829 418 Eademque,
872 380 971 406 cum
1012 367 1148 407 vitam
1191 381 1472 408 communem
1524 369 1769 409 animarum

303 451 435 481 causa
471 445 690 492 sequatur,
722 453 809 480 non
848 447 1106 493 aspernatur
1137 455 1299 490 carnes,
1331 448 1384 482 et-
1402 456 1502 494 quae
1530 443 1620 483 vita
1651 456 1771 483 com-

302 514 447 553 munis
483 513 690 563 admittit,
714 520 762 555 ut
799 515 930 555 etiam
970 515 1074 555 olim
1104 515 1312 569 Apostoli
1350 522 1394 556 et
1427 516 1627 557 Christus
1663 517 1765 570 ipse.

302 587 350 629 Si
388 594 536 629 autem
574 588 793 629 interdum
832 588 1034 630 meliores
1072 590 1198 630 nobis
1235 596 1279 630 et
1313 590 1520 631 lautiores
1556 590 1767 644 indulget,

299 661 344 703 id
373 667 525 702 tamen
555 668 598 703 et
620 676 765 703 rarum
798 669 875 714 est,
898 677 978 704 nec
1006 663 1095 704 fere
1123 664 1205 704 nisi
1226 664 1295 704 vel
1324 671 1503 718 propter
1525 664 1766 705 solemnem

297 735 387 776 diei
429 736 527 776 festi
565 737 832 790 religionem,
866 737 934 777 vel
975 743 1155 790 propter
1191 752 1408 791 aegrorum
1446 738 1766 788 necessitatem,

299 810 368 851 vel
414 810 605 863 denique
646 824 746 851 cum
788 811 894 863 quid
946 810 1057 851 forte
1100 811 1207 852 lauti
1255 812 1548 865 eleemosynae
1590 813 1767 852 nomine

299 884 483 925 missurn
526 890 601 924 est.
676 884 802 924 Tunc
843 884 959 923 enim
998 898 1096 937 quae
1134 885 1260 925 nobis
1297 885 1444 926 divina
1487 887 1768 927 Providentia

300 959 503 1011 apposita
550 963 664 1008 sunt,
707 971 759 997 ea
802 971 901 997 cum
948 958 1187 1010 gratiarum
1239 959 1413 999 actione
1464 961 1767 1009 comedimus;

298 1032 411 1072 sicut
452 1032 664 1085 scriptum
714 1037 790 1080 est,
825 1031 1094 1072 “Comedite
1136 1045 1236 1084 quae
1286 1039 1568 1085 apponuntur
1608 1033 1768 1075 vobis.'’

297 1105 454 1160 Atque
485 1105 581 1146 haec
612 1105 668 1146 de
699 1105 865 1156 ordine,
888 1105 962 1158 qui
994 1106 1183 1145 cernitur
1210 1105 1254 1145 in
1283 1106 1528 1147 substantia
1560 1107 1768 1148 ciborum.

389 1180 607 1231 Secundo,
651 1180 841 1220 cernitur
881 1180 989 1219 ordo
1031 1179 1228 1220 ciborum
1271 1180 1315 1220 in
1355 1181 1592 1233 quantitate
1608 1196 1623 1221 .·
1670 1195 1768 1234 quae

300 1255 480 1308 quidem
523 1254 693 1308 duplex
735 1260 812 1303 est,
855 1254 1065 1294 continua
1110 1260 1154 1294 et
1204 1254 1402 1295 discreta.
1466 1256 1519 1295 In
1560 1257 1770 1297 continua

300 1329 490 1383 spectari
522 1334 671 1382 potest
702 1328 829 1381 copia
861 1334 905 1368 et
940 1328 1201 1381 magnitudo
1234 1329 1474 1381 pastionis:
1508 1331 1550 1369 in
1580 1330 1771 1371 discreta

295 1403 499 1444 ciborum
531 1416 738 1443 numerus
770 1408 814 1442 et
841 1402 1039 1442 varietas
1095 1401 1331 1454 Quantitas
1361 1403 1444 1443 cibi
1471 1403 1513 1442 in
1546 1402 1769 1444 Societate

301 1483 450 1517 nostra
492 1477 709 1529 ejusmodi
753 1482 828 1525 est,
862 1482 910 1516 ut
952 1475 1057 1515 satis
1099 1476 1305 1516 omnibus
1346 1490 1441 1517 esse
1481 1477 1646 1530 possit;
1686 1490 1769 1518 nec

300 1551 568 1592 adhibendae
598 1551 684 1591 sint
715 1564 795 1603 pro
824 1549 1037 1602 cujusque
1068 1550 1328 1590 necessitate
1360 1564 1594 1591 mensurae:
1618 1565 1771 1604 quem—

302 1625 548 1666 admodum
579 1625 776 1665 adhiberi
806 1624 932 1677 jubet
955 1624 1001 1664 B.
1027 1624 1224 1674 Basilius,
1247 1624 1370 1677 cujus
1392 1625 1466 1665 illa
1488 1631 1588 1666 sunt
1609 1626 1742 1666 verba
1761 1640 1769 1666 :

302 1700 393 1740 “In
416 1700 534 1750 cibis,
558 1698 938 1752 quemadmodum
972 1698 1056 1738 alia
1085 1698 1269 1739 aliorum
1302 1700 1538 1739 necessitas
1568 1704 1644 1748 est,
1669 1713 1769 1739 cum

296 1773 430 1827 juxta
463 1779 641 1813 aetatem
665 1778 760 1812 tum
793 1773 1033 1812 secundum
1066 1772 1376 1812 exercitiorum
1405 1773 1698 1813 differentiam
1727 1780 1771 1814 et

304 1848 498 1901 corporis
532 1846 746 1895 habitum,
779 1859 859 1886 sua
890 1846 1047 1898 cuique
1078 1851 1122 1885 et
1152 1846 1348 1886 diversa:
1380 1847 1442 1887 ita
1475 1860 1580 1887 sane
1611 1853 1655 1887 et
1686 1847 1771 1888 cibi

305 1934 512 1962 mensura
534 1921 704 1961 diversa
727 1934 821 1960 esse
843 1920 986 1969 debet,
1010 1926 1054 1960 et
1076 1919 1295 1960 reficiendi
1318 1920 1502 1970 modus;
1536 1926 1585 1961 ut
1606 1921 1770 1974 impos-

303 1996 430 2036 sibile
462 1997 519 2036 sit
551 2009 705 2036 omnes
738 2009 827 2035 uno
856 1994 1170 2047 comprehendi
1196 2008 1374 2044 canone,
1406 1995 1481 2048 qui
1516 1994 1559 2034 in
1593 1995 1770 2048 pietatis

303 2076 407 2111 sunt
429 2068 700 2111 exercitio.''1
762 2070 924 2110 Beatus
947 2083 1123 2122 quoque
1156 2070 1418 2110 Benedictus
1447 2083 1535 2109 non
1565 2069 1768 2109 eamdem

301 2145 389 2185 cibi
434 2145 729 2197 quantitatem
772 2144 917 2197 pueris
948 2158 999 2184 ac
1035 2144 1136 2184 viris
1172 2144 1521 2184 distribuendam
1557 2143 1769 2196 praecipit,

303 2219 382 2258 sed
406 2233 486 2272 pro
509 2224 641 2259 aetate
662 2232 713 2258 ac
734 2216 1026 2258 necessitate.²
1085 2218 1256 2258 Tamen
1288 2218 1331 2257 in
1364 2218 1587 2259 Societate
1608 2223 1769 2267 nostra,

304 2298 353 2332 ut
386 2292 493 2341 dixi,
530 2306 581 2332 ea
621 2292 664 2331 in
698 2292 805 2332 cibis
843 2305 1045 2331 mensura
1081 2291 1297 2341 statuitur,
1332 2297 1380 2332 ut
1413 2292 1533 2331 omni
1570 2292 1692 2331 aetati
1727 2297 1772 2332 et

303 2367 546 2408 conditioni
587 2366 818 2406 hominum
860 2366 1041 2405 omnino
1082 2365 1277 2405 sufficiat.
1340 2365 1458 2405 Nam
1500 2366 1543 2405 in
1578 2365 1772 2406 obsoniis

304 2441 467 2494 largior
499 2441 646 2494 potius
682 2441 725 2480 in
759 2453 993 2480 commune
1026 2453 1230 2480 mensura
1263 2440 1504 2480 constituta
1534 2445 1611 2488 est,
1646 2445 1694 2480 ut
1728 2446 1771 2480 et

304 2515 571 2555 robustiores
623 2527 710 2554 non
761 2519 950 2567 egeant3
1001 2519 1046 2554 et
1096 2514 1163 2562 sit,
1216 2513 1334 2553 unde
1384 2513 1550 2566 aliquid
1601 2514 1771 2566 possint

302 2588 492 2639 demere,
535 2589 694 2642 quibus
735 2602 787 2628 ea
827 2589 963 2628 nimia
1004 2594 1078 2628 est.
1143 2588 1318 2628 Edendi
1361 2588 1477 2628 enim
1525 2588 1770 2628 moderatio

300 2663 514 2716 cujusque
568 2663 814 2716 prudentiae
858 2676 909 2702 ac
949 2662 1254 2715 temperantiae
1295 2661 1564 2715 relinquitur,
1616 2667 1663 2701 ut
1714 2662 1772 2701 sit

300 2736 451 2778 virtuti
495 2737 625 2779 locus.
690 2737 743 2777 In
782 2750 898 2790 pane
929 2749 1032 2777 vero
1069 2750 1120 2776 ac
1155 2736 1258 2777 vino
1299 2742 1418 2777 certa
1454 2737 1498 2776 in
1534 2748 1770 2776 commune

305 2823 510 2852 mensura
542 2824 630 2852 non
658 2811 891 2862 statuitur;
923 2816 981 2859 ut,
1006 2810 1074 2850 cui
1101 2811 1244 2851 minor
1265 2816 1332 2851 est
1353 2810 1525 2850 obsonii
1558 2822 1772 2858 mensura,

648 2899 661 2919 1
688 2901 730 2932 In
755 2900 917 2932 Asceticis
940 2911 966 2932 c.
992 2908 1040 2940 19.
1272 2899 1286 2918 2
1311 2900 1348 2932 C.
1369 2908 1421 2941 39.
