1903 3197
263 187 288 232 3
298 187 360 231 30
586 174 667 220 De
699 175 889 221 ratione
921 174 1114 221 vivendi
1145 175 1406 222 societatis.

258 317 304 345 re
335 318 435 345 cum
468 306 633 347 tristior
664 312 779 347 esset
810 307 1002 357 effectus,
1025 308 1144 361 quod
1182 308 1229 356 is,
1255 308 1328 360 qui
1363 308 1589 348 daemones
1625 307 1727 348 sub-

251 377 396 430 jectos
437 379 631 430 haberet,
669 380 782 434 ignis
823 382 1002 422 sentiret
1044 382 1234 434 injurias,
1278 395 1434 422 somno
1470 381 1725 434 consopitus

261 453 470 505 angelum
521 455 606 494 Dei
658 468 736 508 per
785 456 980 508 quietem
1021 456 1143 506 vidit,
1196 456 1269 509 qui
1315 469 1494 496 causam
1540 455 1729 496 tristitiae

262 525 537 578 sciscitatus;
581 534 625 569 et
666 542 753 578 cur,
793 529 945 582 inquit,
979 529 1103 570 doles
1145 530 1341 570 nondum
1384 529 1464 569 tibi
1506 528 1730 582 placatum

262 613 358 640 esse
399 606 620 642 terrenum
663 603 822 655 ignem,
868 603 911 643 in
955 617 1042 656 quo
1084 603 1246 644 residet
1287 603 1531 643 etiamnum
1569 603 1731 642 noxius

260 672 492 714 libidinum
535 676 698 716 ardor?
760 676 942 729 Sopitur
985 677 1117 729 igitur
1162 676 1219 717 ad
1267 683 1444 729 tempus
1490 676 1560 716 hic
1606 676 1731 728 ignis,

259 751 305 788 et
345 761 446 788 cum
493 748 587 801 jam
630 750 839 790 securitas
883 755 1063 803 putatur
1105 757 1149 791 et
1189 765 1292 804 an,
1327 749 1631 790 vehementius
1671 762 1730 789 ex

261 820 498 874 improviso
532 823 776 864 suscitatur.

349 894 439 935 Sed
482 897 648 948 aperiet
684 896 811 936 nobis
849 896 892 937 S.
915 896 1108 947 Joannes
1147 897 1369 937 Climacus
1409 894 1539 949 hujus
1578 895 1730 936 nefarii

258 1042 448 1082 breviter
480 1042 709 1095 attingere,
732 1043 788 1082 ad
822 1043 1086 1083 erudiendos
1109 1047 1299 1095 tyrones,
1332 1055 1419 1082 non
1451 1042 1532 1083 erit
1562 1042 1641 1082 abs
1673 1055 1729 1082 re.

266 1121 317 1155 10.
358 1113 552 1167 Quidem
595 1116 780 1156 suadere
822 1117 971 1156 studet
1012 1116 1274 1165 hominibus,
1320 1117 1564 1169 praesertim
1608 1115 1731 1155 novis

258 1193 303 1229 et
334 1189 628 1239 crassioribus,
663 1190 810 1230 Deum
849 1190 1240 1230 clementissimum
1278 1204 1383 1239 esse,
1413 1196 1458 1230 et
1493 1188 1593 1228 huic
1623 1188 1731 1229 vitio

258 1262 423 1315 quippe
475 1262 662 1303 naturali
715 1263 841 1304 facile
893 1264 1153 1317 ignoscere;
1206 1263 1283 1304 sed
1326 1263 1401 1316 qui
1452 1262 1730 1303 clementiam

259 1337 455 1389 suggerit
484 1342 587 1376 ante
616 1337 802 1390 lapsum,
826 1344 926 1390 post
955 1338 1128 1391 lapsum
1159 1336 1456 1377 inviolabilem
1486 1336 1580 1389 ejus
1603 1336 1731 1389 justi-

258 1409 367 1450 tiam
419 1411 643 1463 praedicat,
698 1417 745 1451 ut
797 1411 840 1451 in
892 1411 1260 1465 desperationem,
1314 1411 1389 1463 qui
1451 1410 1598 1463 lapsus
1650 1416 1726 1458 est,

253 1489 373 1536 agat.

348 1562 404 1596 20.
441 1557 565 1599 Solet
601 1559 735 1598 etiam
779 1559 955 1611 spiritus
997 1559 1308 1607 fornicationis,
1345 1559 1517 1611 quoties
1557 1558 1729 1611 aliquos

259 1630 341 1671 sibi
375 1631 561 1671 invicem
585 1633 700 1684 turpi
734 1646 784 1672 ac
817 1633 982 1673 nefario
1013 1633 1187 1674 vinculo
1214 1633 1350 1685 ligare
1371 1632 1567 1681 voluerit,
1591 1638 1731 1672 utras-

260 1718 346 1758 que
387 1712 534 1758 partes
572 1706 804 1759 explorare
842 1707 1085 1759 diligenter,
1122 1713 1166 1747 et
1203 1706 1290 1746 illic
1329 1707 1446 1746 faces
1483 1707 1728 1756 admovere,

348 1858 404 1903 30.
440 1852 565 1893 Solet
598 1854 704 1894 item
740 1860 952 1894 nocturna
985 1854 1301 1907 phantasmata
1334 1868 1412 1907 per
1441 1854 1558 1894 diem
1593 1854 1729 1895 menti

260 1926 460 1979 objicere,
494 1934 552 1977 ut,
586 1928 636 1967 iis
666 1929 953 1969 retractandis
982 1929 1220 1981 animoque
1249 1928 1487 1978 volvendis,
1509 1928 1732 1981 vigilantis

258 2014 384 2041 mens
416 2002 679 2053 inquinetur.

346 2082 405 2126 40.
440 2075 699 2128 Aliquando
734 2076 867 2116 etiam
901 2077 975 2129 qui
1008 2076 1182 2117 mollius
1216 2090 1267 2116 ac
1297 2076 1526 2116 delicatius
1557 2077 1728 2126 vixerit,

261 2149 426 2202 quique
448 2163 548 2189 cum
579 2150 834 2190 mulieribus
857 2151 930 2190 diu
966 2150 1104 2200 fuerit,
1128 2164 1228 2190 eum
1261 2163 1349 2190 non
1380 2150 1531 2189 statim
1560 2163 1731 2202 oppug-

261 2229 349 2273 nat,
373 2230 421 2263 ut
444 2223 526 2264 hac
558 2223 630 2264 ille
661 2224 821 2264 fiducia
850 2224 1143 2276 negligentior
1164 2224 1355 2272 effectus,
1379 2236 1478 2263 cum
1509 2224 1550 2262 in
1574 2222 1732 2264 cellula

260 2310 340 2337 sua
370 2298 651 2337 securitatem
684 2311 778 2337 esse
811 2297 1053 2347 crediderit,
1076 2297 1359 2350 opprimatur.

349 2376 404 2420 50.
442 2370 671 2410 Interdum
706 2370 1006 2410 fornicationis
1038 2371 1215 2422 spiritus
1246 2383 1292 2409 se
1325 2370 1469 2422 ipsum
1501 2369 1556 2409 ad
1595 2369 1728 2410 finem

262 2456 401 2495 usque
419 2443 955 2496 subducit,summamque
973 2443 1191 2483 monacho
1206 2443 1426 2495 religionis
1442 2444 1729 2483 reverentiam

259 2517 434 2557 interim
487 2518 695 2570 suggerit,
747 2517 943 2557 fortassis
1005 2518 1139 2557 etiam
1196 2517 1491 2569 lacrymarum
1548 2517 1731 2558 flumina

258 2590 573 2640 subministrat,
615 2591 659 2631 id
711 2591 953 2643 praesertim
1004 2591 1216 2644 temporis
1265 2605 1352 2643 quo
1403 2604 1503 2631 cum
1555 2590 1729 2631 feminis

259 2664 551 2717 formosisque
580 2664 854 2717 colloquitur,
879 2664 1123 2717 suadetque
1155 2671 1202 2705 ut
1232 2665 1287 2705 de
1319 2664 1532 2704 memoria
1561 2665 1726 2713 mortis,

260 2739 317 2779 de
338 2737 492 2790 judicii
515 2738 597 2787 die,
614 2738 669 2778 de
689 2738 901 2791 pudicitia
922 2739 1189 2789 admoneat;
1213 2744 1260 2778 ut
1282 2751 1360 2791 per
1385 2738 1466 2778 hos
1491 2751 1727 2787 sermones,
1749 2786 1751 2788 Ι

258 2811 496 2864 fictamque
529 2812 748 2865 religionis
782 2812 972 2865 speciem
1002 2811 1118 2852 facta
1147 2812 1239 2864 jam
1270 2811 1432 2852 fiducia
1463 2825 1513 2852 ac
1545 2824 1728 2851 consue-

258 2885 426 2937 tudine,
448 2892 544 2926 tum
576 2886 755 2926 demum
788 2887 920 2926 miser
950 2886 1023 2926 ille
1053 2885 1285 2926 inducatur
1315 2887 1360 2925 in
1394 2885 1584 2938 laqueos.
