1903 3197
236 132 329 186 706
550 130 630 177 De
664 137 854 178 ratzone
888 133 1082 179 vz'vendz
1121 133 1383 182 Soczetatzlr.

232 262 349 315 Quia
386 269 438 303 10.
463 269 558 304 tum
593 266 790 306 maxime
823 267 1032 308 decorum
1065 275 1263 310 servatur
1293 270 1337 310 in
1369 270 1585 321 omnibus,
1608 284 1731 311 cumi

229 351 309 377 suo
348 351 536 392 quaeque
573 353 640 380 res
677 346 877 395 tempore
915 343 1006 395 geri
1045 343 1168 384 solet.
1238 343 1425 385 Planum
1447 345 1543 401 ¹hoc
1580 344 1629 385 fit
1664 346 1710 386 in

229 413 398 454 caeteris
416 414 646 456 hominum
669 417 928 467 actionibus,
945 432 1044 471 quae
1067 418 1150 459 nisi
1173 433 1252 460 suo
1273 425 1475 473 tempore
1492 426 1708 474 susceptae

228 488 326 539 sint,
361 502 524 543 magna
560 491 698 532 oritur
730 493 1013 545 perturbatio,
1091 493 1156 535 Ut
1193 494 1227 534 si
1266 501 1399 535 noctu
1436 495 1601 548 vigiles,
1635 496 1708 536 die

229 563 443 615 dormias,
474 567 508 606 si
532 580 630 606 cum
655 568 871 608 orandum
896 575 972 619 est,
988 570 1217 620 comedas;
1251 584 1351 610 cum
1369 571 1706 619 comedendum,

229 652 353 689 ores,
386 641 421 680 si
444 654 543 681 cum
567 641 764 682 fiendum
791 649 868 693 est,
894 644 1064 694 rideas;
1098 658 1198 684 cum
1225 644 1458 684 ridendum
1490 651 1567 693 est,
1591 645 1706 685 fleas.

231 714 488 769 “Tempus'’
512 717 629 757 enim
648 718 859 768 “ridendi,
877 724 920 758 et
937 725 1113 772 tempus
1131 719 1316 770 flendi;''
1340 725 1516 773 tempus
1539 720 1704 769 orandi,

228 795 273 830 et
287 796 464 844 tempus
481 793 753 833 comedendi.
790 793 907 834 Nam
927 800 970 834 et
992 793 1076 834 hoc
1094 794 1339 848 significare
1362 796 1490 836 nobis
1514 796 1705 850 Spiritus

230 863 420 906 Sanctus
456 881 534 921 per
572 867 871 909 Ecclesiasten
909 869 1060 920 voluit,
1091 883 1191 910 cum
1225 869 1350 920 dixit,
1375 885 1408 911 c.
1435 882 1469 921 3,
1505 871 1708 912 “Omnia

227 945 405 993 tempus
446 941 676 993 habent;”
720 956 879 996 nempe
922 950 970 984 ut
1012 944 1201 997 tempori
1245 945 1287 984 in
1330 945 1459 985 rebus
1501 946 1707 986 omnibus

227 1015 481 1066 serviamus,
505 1022 549 1056 et
580 1031 659 1070 pro
692 1018 862 1058 ratione
894 1019 1107 1072 temporis
1140 1019 1199 1059 sic
1227 1033 1590 1073 unamquamque
1613 1034 1705 1060 rem

227 1104 424 1143 agamus.

317 1173 373 1207 20.
410 1167 462 1207 Id
485 1175 670 1222 apparet
692 1169 827 1209 etiam
852 1170 894 1209 in
918 1175 1085 1219 natura,
1110 1184 1209 1224 quae
1233 1172 1321 1212 suis
1345 1185 1706 1225 unamquamque

227 1254 318 1280 rem
356 1243 631 1295 temporibus
665 1244 819 1296 gignit,
860 1250 994 1298 atque
1037 1245 1080 1286 in
1124 1245 1267 1286 lucem
1310 1246 1428 1287 edit:
1465 1246 1551 1287 alia
1587 1247 1704 1287 enim

227 1329 321 1356 esse
352 1317 475 1357 vides
507 1324 710 1371 tempora
744 1319 910 1360 ferendi
942 1320 1118 1371 fructus,
1153 1320 1238 1361 alia
1269 1321 1517 1375 proferendi
1550 1322 1706 1374 flores,

225 1391 311 1432 alia
334 1391 594 1445 pluviarum,
618 1393 703 1434 alia
733 1394 942 1435 siccitatis
962 1410 969 1445 ;
1005 1395 1091 1436 alia
1115 1396 1297 1449 frigoris,
1321 1396 1406 1437 alia
1429 1397 1593 1437 caloris.
1642 1397 1707 1439 Ut

226 1473 375 1507 autem
415 1475 671 1521 sequeretur
708 1469 751 1508 in
789 1477 946 1510 natura
983 1471 1271 1524 perturbatio,
1309 1472 1344 1512 si
1383 1486 1471 1525 quo
1507 1479 1707 1526 tempore

227 1542 428 1595 spoliatae
467 1543 657 1593 floribus,
696 1558 748 1584 ac
792 1544 1021 1585 frondibus
1065 1546 1207 1587 solent
1249 1561 1344 1587 esse
1385 1547 1572 1597 arbores,
1611 1554 1707 1588 tum

226 1616 354 1657 flores
372 1617 637 1671 frondesque
662 1619 970 1672 producerent,
990 1619 1167 1661 hiemali
1186 1621 1390 1661 videlicet
1406 1622 1583 1672 bruma;
1606 1636 1707 1663 cum

226 1697 374 1732 autem
412 1692 630 1733 frondosae
667 1693 810 1734 solent
844 1708 938 1734 esse
972 1709 1105 1735 verno
1140 1701 1351 1749 tempore,
1383 1703 1459 1737 aut
1492 1703 1708 1739 autumno

225 1767 464 1820 pomiferae,
504 1774 598 1807 tum
639 1769 770 1808 nudae
817 1783 867 1809 ac
911 1769 1112 1822 spoliatae
1155 1777 1459 1821 cernerentur3
1512 1773 1709 1826 itemque

223 1842 259 1882 si
301 1842 447 1882 hieme
486 1842 671 1883 ferveret
704 1850 853 1892 aestus,
889 1850 1045 1884 aestate
1084 1845 1305 1886 morderet
1338 1846 1500 1899 frigus;
1533 1852 1578 1886 et
1609 1861 1708 1901 quae

226 1917 418 1970 denique
440 1932 568 1957 suum
596 1924 773 1971 tempus
805 1919 971 1959 habent
1001 1926 1181 1970 certum,
1205 1927 1253 1961 ut
1282 1922 1326 1961 in
1355 1921 1498 1962 lucem
1521 1923 1709 1963 edantur

227 2006 277 2032 ac
313 1998 590 2045 generentur,
626 2008 677 2034 ea
716 2008 796 2034 suo
837 1994 987 2034 relicto
1025 2001 1225 2048 tempore
1262 1996 1305 2036 in
1343 1996 1526 2037 aliarum
1564 2011 1708 2038 rerum

224 2073 402 2120 tempus
455 2068 725 2109 invaderent.
815 2068 861 2110 Si
918 2084 975 2109 ex
1023 2070 1117 2119 hoc,
1161 2071 1354 2124 inquam,
1398 2073 1709 2125 intempestivo

226 2156 370 2182 rerum
429 2149 540 2194 ortu,
589 2144 803 2198 obituque
862 2159 1025 2198 magna
1077 2146 1352 2199 perturbatio
1404 2148 1614 2188 existeret
1666 2149 1710 2188 in

225 2223 393 2267 natura,
417 2232 493 2258 cur
515 2232 603 2258 non
636 2219 768 2259 etiam
802 2219 959 2260 eadem
992 2221 1266 2273 perturbatio
1295 2222 1338 2261 in
1360 2221 1549 2262 hominis
1571 2222 1710 2263 vitam

225 2292 508 2345 ingrediatur,
563 2307 663 2333 cum
727 2294 965 2348 dispertita
1027 2297 1241 2336 sermonis
1309 2297 1712 2350 taciturnitatisque

223 2372 426 2420 tempora
462 2382 550 2409 non
583 2375 824 2419 servantur,
860 2376 902 2409 et
935 2383 1023 2422 quo
1053 2376 1253 2424 tempore
1285 2371 1503 2412 silendum
1536 2378 1614 2423 est,
1646 2373 1710 2413 in-

223 2443 501 2493 tempestivis
551 2444 650 2496 quis
706 2444 984 2484 sermonibus
1039 2445 1185 2494 utitur,
1220 2452 1297 2486 aut
1334 2460 1435 2486 cum
1484 2448 1714 2488 moderate

222 2516 455 2566 silendum,
484 2518 731 2558 arctissimo
767 2518 942 2559 silentio
978 2533 1024 2559 sc
1058 2521 1287 2561 continet?
1348 2521 1608 2562 Necessaria
1641 2528 1709 2563 est

222 2591 355 2643 igitur
406 2593 619 2646 temporis
673 2593 1024 2645 circumstantia,
1077 2602 1124 2635 ut
1177 2595 1358 2636 modum
1411 2596 1455 2636 in
1506 2610 1708 2638 sermone

220 2671 462 2707 teneamus.

310 2741 388 2781 Ad
411 2743 796 2784 circumstantiam
826 2750 975 2785 autem
1006 2747 1218 2799 temporis
1243 2747 1326 2788 tria
1357 2748 1579 2801 praecipue
1609 2761 1707 2802 per-

224 2816 378 2858 tinent.
447 2824 513 2858 Im.
548 2818 694 2859 Nosse
717 2819 911 2873 quando,
936 2820 1185 2874 quibusque
1215 2823 1414 2863 maxime
1435 2822 1708 2876 temporibus

222 2890 468 2934 cohibenda
490 2893 547 2935 sit
576 2893 737 2948 lingua.
805 2901 874 2937 2¹1¹.
909 2894 1055 2937 Nosse
1085 2898 1464 2951 opportunitatem
1494 2899 1707 2953 cujusque
