1903 3197
257 170 353 227 418
587 166 667 212 De
699 165 889 212 ratione
922 163 1115 210 vivendi
1149 163 1409 212 Socz'elalz‘S.

259 306 410 354 aperte
432 300 608 348 faciunt,
632 299 706 351 qui
729 299 801 348 ait,
820 312 908 339 non
937 299 1099 339 debere
1121 311 1390 351 quemquam
1414 297 1496 337 sibi
1520 310 1728 350 usurpare

255 374 468 427 judicium
500 373 569 413 vel
602 373 657 413 de
689 373 847 422 noxiis,
879 373 948 413 vel
981 373 1036 413 de
1069 373 1259 421 utilibus,
1283 372 1359 412 sed
1392 373 1645 424 permittere
1683 372 1726 412 id

261 449 299 488 ei
337 448 410 500 qui
449 452 619 500 praeest,
654 446 727 498 qui
759 447 980 499 praecipue
1016 446 1189 486 curabit
1221 446 1326 498 quid
1364 446 1524 485 animae
1562 446 1729 499 prosit.1

261 522 461 562 Tertium
501 527 566 560 est
602 533 764 569 eorum,
796 521 869 573 qui
907 521 1110 573 precibus
1148 520 1410 572 importunis
1449 519 1728 572 Superiorem

263 608 391 635 suum
434 594 632 647 fiatigant,
675 599 719 634 et
759 600 970 647 patronos
1011 595 1085 647 qui
1128 608 1208 647 pro
1249 607 1296 633 se
1337 593 1584 646 loquantur,
1629 595 1730 635 sub-

263 670 475 718 mittunt;
518 667 788 721 tandemque
824 668 865 707 vi
909 675 951 708 et
995 668 1340 721 importunitate,
1379 668 1498 720 quod
1536 669 1731 721 postula-

264 749 375 793 runt,
399 747 677 794 extorquent,
703 747 855 782 contra
881 743 1059 782 tertium
1094 742 1435 782 Constitutionis
1468 743 1730 792 membrum,

264 830 352 869 quo
401 815 685 869 prohibemur
731 815 799 854 vel
853 829 928 867 per
977 829 1068 864 nos,
1113 815 1181 855 vel
1230 829 1307 868 per
1351 815 1497 863 alium,
1542 830 1616 856 eos
1658 818 1731 869 qui

263 895 459 944 praesunt
511 902 691 941 urgere;
754 894 797 928 et
848 894 1001 928 contra
1053 888 1096 927 id
1156 888 1274 940 quod
1337 889 1397 928 ait
1457 889 1733 932 Bernardus:

264 963 515 1016 “Quisquis
553 966 703 1013 aperte
738 961 808 1000 vel
846 961 1016 1001 occulte
1054 962 1216 1013 satagit
1257 967 1305 1001 ut
1349 963 1468 1013 quod
1515 962 1648 1004 habet
1690 966 1734 1004 in

264 1037 502 1083 voluntate,
522 1034 606 1074 hoc
628 1034 666 1074 ei
690 1034 926 1087 spiritualis
943 1041 1069 1087 pater
1091 1034 1304 1087 injungat,
1324 1035 1417 1087 ipse
1439 1049 1485 1075 se
1507 1037 1678 1077 seducit
1700 1039 1733 1078 si

265 1110 378 1150 forte
410 1109 490 1148 sibi
523 1108 647 1161 quasi
683 1109 737 1148 de
775 1109 1028 1149 obedientia
1062 1108 1322 1149 blandiatur.
1384 1108 1588 1162 Apparet
1620 1112 1735 1151 enim

266 1185 310 1224 id
341 1184 381 1223 in
406 1182 658 1223 obedientia
683 1183 838 1222 vitium
872 1182 1001 1223 esse.‘’
1065 1182 1213 1235 Quare
1236 1183 1476 1223 tenendum
1500 1190 1565 1223 est
1589 1184 1737 1225 Basilii

265 1262 538 1311 przeceptum
560 1270 567 1296 :
601 1258 625 1275 “
641 1256 898 1296 Necessaria
921 1257 1115 1310 corporis
1136 1270 1237 1296 cum
1268 1258 1387 1296 omni
1412 1263 1454 1296 et
1476 1258 1737 1299 verecundia

265 1337 309 1372 et
339 1329 678 1371 mansuetudine
709 1330 986 1382 postulanda.
1053 1330 1117 1371 Ut
1148 1330 1182 1370 si
1215 1329 1359 1382 quid,”
1390 1330 1544 1382 inquit,
1571 1332 1738 1372 “breve

267 1412 343 1446 aut
379 1404 545 1457 grande
578 1410 643 1443 est
685 1404 741 1444 ad
785 1417 1035 1444 mensuram
1074 1409 1254 1444 staturae
1287 1417 1389 1453 suae,
1428 1404 1510 1444 hoc
1548 1405 1740 1446 indicare

269 1479 413 1527 debet,
453 1478 529 1517 sed
568 1491 666 1517 cum
705 1478 825 1517 omni
863 1477 1125 1517 verecundia
1162 1492 1212 1518 ac
1250 1478 1599 1527 mansuetudine,
1638 1493 1735 1531 quae

269 1552 448 1605 quidem
472 1551 817 1603 importunitatis
841 1551 1161 1604 impudentiam
1185 1550 1485 1591 excludunt.''2
1523 1552 1740 1605 Loquitur

270 1632 419 1667 autem
442 1625 497 1665 de
519 1625 800 1665 vestimentis.
863 1625 1031 1665 Verum
1064 1626 1107 1664 in
1141 1625 1417 1677 exponendis
1441 1626 1569 1665 rebus
1592 1640 1739 1667 neces-

268 1700 391 1741 sariis
434 1703 650 1750 quatenus
691 1698 895 1751 progredi
938 1698 1078 1747 liceat,
1119 1698 1468 1739 Constitutiones
1511 1700 1616 1751 ipsae
1660 1714 1740 1741 nos

267 1774 523 1820 admonent,
577 1785 678 1811 cum
740 1773 862 1812 aiunt
925 1771 1053 1812 licere
1117 1772 1268 1812 debita
1332 1786 1431 1812 cum
1495 1774 1740 1814 modestia:

269 1846 537 1900 “Superiori
589 1846 633 1885 in
677 1846 935 1886 memoriam
991 1846 1198 1886 reducere
1240 1846 1308 1886 vel
1350 1852 1650 1899 representare
1698 1849 1740 1888 id

271 1921 392 1974 quod
444 1919 579 1959 semel
632 1919 886 1972 expositum
931 1925 1008 1967 est,
1053 1920 1085 1959 si
1130 1919 1241 1959 forte
1290 1918 1361 1959 ille
1413 1934 1470 1959 ex
1523 1920 1743 1961 oblivione

274 2008 362 2035 non
422 1993 684 2046 provideret,
737 1992 1114 2045 significassetque
1165 2007 1211 2033 se
1261 1993 1373 2033 velle
1434 1993 1477 2033 id
1540 1993 1747 2034 facere.”³³

364 2066 477 2119 Quae
511 2066 690 2118 quidem
723 2066 805 2105 tria
836 2066 941 2106 vitia
973 2067 1248 2119 apertissima
1280 2067 1405 2119 signa
1447 2072 1548 2106 sunt
1590 2067 1744 2106 volun—

273 2147 413 2183 tatem
456 2140 653 2179 nondum
690 2139 820 2191 plane
858 2139 1068 2188 deditam,
1106 2153 1185 2179 nec
1222 2140 1265 2179 in
1303 2139 1512 2191 aequitate
1549 2140 1742 2191 quadam

275 2213 412 2254 animi
454 2213 753 2261 constitutam,
787 2213 864 2253 sed
903 2226 1027 2252 suam
1061 2212 1206 2253 adhuc
1241 2226 1345 2262 esse,
1383 2218 1427 2252 et
1460 2212 1540 2252 sibi
1574 2214 1746 2263 vivere3

277 2288 390 2327 sicut
412 2286 496 2325 tria
518 2285 592 2325 illa
613 2286 758 2338 priora
789 2285 855 2325 his
886 2286 1089 2346 opposita
1111 2286 1225 2326 vitiis
1257 2292 1301 2326 et
1332 2287 1588 2338 aequitatem
1614 2287 1747 2326 animi

276 2360 384 2402 satis
412 2365 612 2412 arguunt,
647 2364 690 2399 et
720 2358 995 2399 voluntatem
1025 2373 1150 2400 suam
1185 2360 1430 2413 Superioris
1462 2361 1586 2400 nutui
1619 2360 1750 2413 plane

279 2433 537 2486 subjectam.
600 2432 666 2472 At
696 2433 853 2472 beatus
886 2433 1064 2485 quidem
1099 2433 1357 2486 Fulgentius
1390 2439 1438 2474 ut
1473 2439 1565 2474 erat
1598 2434 1751 2475 admo—

282 2510 389 2550 dum
432 2506 629 2559 diligens,
662 2506 899 2559 animoque
933 2507 1120 2548 sollicito
1156 2509 1198 2547 in
1236 2508 1562 2548 antevertendis
1600 2522 1751 2549 eorum

283 2582 443 2635 quibus
466 2586 652 2633 praeerat
674 2581 1007 2621 necessitatibus
1030 2595 1080 2622 ac
1111 2582 1493 2634 postulationibus,
1518 2583 1578 2622 ita
1600 2589 1753 2623 contra

282 2656 574 2708 importunos,
598 2660 641 2695 et
670 2668 744 2694 eos
767 2655 841 2706 qui
869 2668 955 2694 non
987 2655 1230 2695 admodum
1263 2656 1548 2709 Superiorum
1571 2670 1685 2696 curae
1707 2670 1754 2697 se

283 2728 526 2779 crederent,
565 2729 724 2769 dicitur
759 2727 891 2768 fuisse
925 2729 1125 2779 severior,
1168 2730 1391 2770 affirmans
1433 2730 1528 2770 haec
1561 2743 1661 2782 quae
1697 2731 1754 2772 ad

819 2807 830 2827 ¹
855 2809 896 2840 In
921 2810 1004 2851 Reg.
1026 2811 1119 2842 Brev.
1146 2818 1215 2851 132.

488 2860 501 2879 2
525 2861 577 2893 De
601 2861 681 2893 Inst.
703 2861 796 2894 Mon.
818 2871 888 2902 cap.
911 2867 961 2901 51.
1140 2860 1154 2880 ³
1179 2862 1214 2894 P.
1236 2869 1266 2903 3.
1288 2872 1314 2894 c.
1335 2871 1365 2895 2.
1391 2863 1408 2900 ἓ
1431 2870 1459 2895 2.
1480 2862 1500 2894 1.
1522 2873 1549 2894 a.
