1903 3197
287 194 346 225 10
554 177 632 221 De
670 174 713 220 C
711 171 1083 218 onstz'tutz'onmn
1123 169 1469 215 Observalione.

280 324 413 351 causa
450 314 572 361 petat
609 306 690 345 sibi
731 319 756 344 a
795 303 988 343 Domino
1025 300 1242 353 propheta
1280 299 1443 349 David;
1481 312 1568 338 non
1612 299 1745 338 modo

282 385 374 425 vias
397 382 489 434 ejus
512 377 811 425 demonstrari,
835 389 932 428 quze
966 374 1157 413 laxiores
1180 379 1292 421 sunt,
1315 386 1466 412 verum
1497 373 1630 412 etiam
1653 372 1747 423 ejus

281 457 460 498 semitas
494 453 675 499 edoceri,
700 464 797 504 quse
828 455 930 489 sunt
959 448 1164 487 arctiores
1187 461 1195 496 3
1233 446 1370 486 “Vias
1396 452 1494 486 tuas
1519 444 1745 494 Domine‚”

280 531 433 583 inquit,
454 529 736 569 “demonstra
754 523 859 564 mihi
879 529 922 562 et
939 521 1118 561 semitas
1140 527 1237 560 tuas
1260 521 1395 560 edoce
1413 517 1542 559 me.’'l
1577 517 1746 559 Semita

277 611 440 653 autem,
464 610 511 643 ut
542 602 603 641 ait
635 600 790 640 Glossa
822 593 1059 649 quaedam?
1089 595 1279 635 strictior
1310 600 1376 634 est
1409 607 1459 634 ac
1491 593 1648 634 rectior
1676 593 1746 633 via

282 678 516 725 communi,
550 681 603 724 et,
637 680 684 713 ut
718 672 778 712 ait
809 669 1109 718 Cassiodorus,
1148 674 1335 721 angusta
1367 673 1411 708 et
1442 667 1614 708 occulta
1645 680 1744 707 cum

280 752 347 802 sit,
390 751 539 804 paucis
581 754 645 788 cst
687 751 800 786 nota.
878 744 964 783 Via
995 757 1097 783 vero
1130 742 1375 783 communis
1408 748 1473 782 est
1505 742 1560 781 de
1593 742 1744 781 ordine

281 827 393 873 vitae,
446 825 519 876 qui
577 820 780 862 convenit
834 817 1048 858 omnibus.
1133 818 1290 869 Itaque
1336 817 1503 856 viarum
1557 816 1744 863 nomine,

283 900 493 939 mandata
545 910 642 948 quae
694 900 869 933 aeternae
931 891 1061 931 saluti
1124 897 1225 931 sunt
1277 891 1520 931 necessaria
1547 905 1555 941 3
1618 891 1747 930 semi-

281 980 425 1013 tarum
467 977 625 1017 autem,
670 966 849 1007 consilia
901 979 1000 1018 quae
1049 965 1104 1005 ad
1165 965 1480 1018 perfectionem
1533 970 1746 1017 spectant,

281 1047 584 1098 accipiuntur3
661 1053 939 1093 nequaquam
993 1040 1109 1079 enim
1171 1039 1395 1078 communi
1443 1038 1627 1090 justitiae
1677 1038 1748 1077 via

280 1120 496 1173 propheta
529 1122 771 1163 contentus,
804 1120 852 1154 ut
884 1113 1040 1154 eadem
1080 1112 1239 1152 Glossa
1271 1112 1501 1164 significat,
1541 1111 1747 1164 perfecta:

281 1194 412 1233 etiam
462 1192 645 1244 justitiae
698 1190 877 1230 semitas
929 1193 1212 1236 contestatur,
1255 1200 1342 1239 quo
1395 1187 1530 1226 tutior
1581 1185 1746 1238 perfec-

280 1267 452 1319 tiorque
505 1267 560 1305 sit
612 1265 738 1304 salus.
823 1262 1173 1303 Constitutiones
1229 1274 1358 1313 porro
1411 1266 1571 1300 nostrae
1619 1261 1746 1300 semi-

280 1347 423 1381 tarum
478 1339 604 1379 nobis
661 1338 798 1377 instar
854 1342 967 1385 sunt,
1026 1349 1125 1375 cum
1184 1341 1290 1375 totae
1347 1334 1404 1374 ad
1466 1334 1746 1374 consiliorum

280 1414 591 1467 perfectionem
630 1412 878 1451 referantur.
944 1409 1216 1461 Eaedemque
1248 1409 1378 1449 trium
1412 1414 1614 1448 votorum
1647 1408 1748 1448 sub-

282 1487 563 1534 stantialium,
588 1486 745 1538 quibus
769 1491 861 1524 tota
892 1484 1137 1536 Religionis
1159 1484 1223 1523 vis
1246 1483 1504 1531 continetur,
1529 1483 1749 1534 praecipua

285 1562 489 1613 quaedam
526 1566 626 1600 sunt
667 1559 932 1611 adjumenta.
998 1557 1362 1610 Quotusquisque
1404 1556 1520 1597 enim
1563 1562 1639 1605 est,
1677 1557 1751 1608 qui

281 1642 357 1675 aut
379 1634 673 1674 obedientiam
705 1633 951 1686 praepositis
981 1633 1069 1672 suis
1102 1632 1343 1685 perfectam
1371 1637 1504 1683 atque
1533 1631 1749 1683 integram

286 1723 374 1750 non
414 1709 632 1757 exhibeat,
668 1709 701 1747 si
735 1709 792 1747 ad
827 1707 1071 1760 Superioris
1107 1720 1260 1746 vocem
1298 1711 1532 1753 assuescat,
1572 1704 1752 1757 perinde

285 1797 335 1823 ac
365 1783 399 1822 si
421 1797 446 1822 a
471 1782 644 1823 Christo
680 1783 874 1821 Domino
904 1781 1192 1833 egrederetur,
1216 1795 1261 1820 se
1291 1794 1386 1819 esse
1408 1792 1540 1832 quam
1571 1792 1750 1831 promp-

285 1857 515 1905 tissimum,
541 1863 588 1896 ut
620 1856 887 1897 Constitutio
913 1855 1069 1907 jubet?
1133 1854 1228 1894 Aut
1251 1854 1465 1894 castitatis
1488 1859 1641 1893 votum
1665 1866 1752 1892 non

282 1944 597 1983 usquequaque
640 1930 861 1983 persolvat
903 1930 949 1974 si,
1003 1936 1050 1969 ut
1097 1929 1182 1969 alia
1224 1929 1424 1982 praecipit
1468 1927 1749 1973 Constitutio,

286 2005 521 2057 puritatem
545 2012 725 2045 conetur
753 2005 997 2057 angelicam
1021 2004 1284 2045 castimonia
1314 2003 1473 2042 mentis
1497 2008 1540 2041 et
1563 2001 1755 2053 corporis

290 2079 474 2118 imitari!
537 2079 632 2118 Aut
674 2085 979 2131 paupertatem
1023 2092 1111 2118 non
1153 2076 1408 2130 praeseferat
1445 2075 1679 2128 egregiam,
1718 2075 1752 2113 si

289 2158 337 2192 ut
370 2153 412 2191 in
444 2152 528 2192 alia
553 2153 879 2193 Constitutione
908 2152 1213 2206 praescribitur,
1239 2165 1335 2191 eam
1370 2150 1546 2190 studeat
1575 2149 1754 2201 diligere

291 2232 339 2265 ut
370 2228 576 2265 matrem!
641 2227 774 2267 Nulla
807 2241 850 2267 re
883 2228 944 2267 uti
979 2234 1209 2278 tamquam
1247 2225 1433 2278 propria,
1470 2224 1618 2263 animo
1661 2237 1755 2262 esse

290 2300 346 2339 ad
381 2300 717 2339 mendicandum
751 2307 916 2353 parato,
949 2301 1055 2340 nihil
1086 2306 1240 2340 mutuo
1270 2300 1385 2347 dare,
1410 2297 1515 2338 nihil
1547 2298 1755 2350 accipere,

292 2373 396 2412 nihil
432 2387 488 2412 ex
524 2374 588 2413 his
623 2388 718 2425 quae
755 2375 873 2414 domi
906 2382 1008 2415 sunt
1042 2374 1318 2427 dispensare!
1384 2372 1594 2412 Praeclare
1626 2372 1757 2424 igitur

294 2452 336 2486 et
392 2452 494 2486 vota
546 2461 622 2487 sua
674 2449 837 2497 reddet,
883 2450 1079 2501 quisquis
1131 2449 1335 2502 perfectae
1380 2446 1755 2487 Constitutionum

294 2521 584 2560 observationi
610 2521 685 2561 dat
707 2536 897 2574 operam,
923 2529 966 2563 et
989 2523 1146 2563 divinis
1169 2522 1389 2562 mandatis
1411 2519 1757 2560 cumulatissime

297 2593 546 2634 satisfaciet.

385 2667 588 2708 Secunda
632 2669 795 2708 utilitas
832 2676 910 2718 est,
948 2671 1067 2722 quod
1106 2684 1194 2710 non
1227 2670 1375 2709 sinunt
1417 2681 1496 2708 nos
1535 2667 1758 2708 Constitu-

296 2742 438 2781 tiones
460 2755 485 2781 a
508 2747 667 2781 nostrae
689 2745 929 2783 vocationis
952 2745 1116 2797 spiritu,
1136 2745 1361 2796 nostrique
1385 2743 1580 2782 Instituti
1604 2742 1760 2782 semita

301 2814 528 2855 declinare.
621 2815 758 2866 Patet,
801 2818 901 2868 quia
953 2831 1040 2858 non
1091 2819 1404 2871 quodcumque
1454 2817 1759 2869 adjumentum

789 2904 800 2923 ¹
827 2906 878 2937 Ps.
900 2914 952 2946 24.
1134 2906 1147 2926 ²
1172 2908 1269 2940 Lara.
