1903 3197
542 175 610 221 In
645 174 863 238 Regulas
897 175 1158 223 Modestiae.
1493 180 1521 223 6
1532 192 1550 223 1
1563 191 1588 236 3

121 309 180 351 ad
216 316 415 359 mortem,
453 323 586 363 quam
622 309 778 359 timidi,
809 324 1031 364 quamque
1064 310 1275 351 modestis
1307 317 1351 352 et
1387 311 1589 353 demissis

124 383 261 426 oculis
281 384 564 438 gradiantur;
586 383 691 424 facit
712 383 828 423 enim
852 384 934 425 hoc
956 385 1088 425 timor
1109 385 1287 426 instans.

212 458 491 512 Augustinus
527 459 570 499 in
614 458 722 511 Reg.
763 469 797 509 3.
836 471 936 498 curn
979 459 1035 499 de
1071 472 1158 499 non
1197 459 1414 513 fingendis
1454 460 1592 501 oculis

124 532 170 574 in
201 532 428 574 foeminam
460 532 720 585 loqueretur,
751 531 883 573 “Nec
915 538 1072 585 putare
1103 533 1272 583 debet,’'
1305 534 1458 587 inquit,
1482 535 1593 588 “qui

125 606 170 647 in
202 606 430 647 foeminam
458 606 554 660 figit
574 605 762 655 oculum,
787 611 831 646 et
862 605 976 646 illius
1009 607 1052 646 in
1082 621 1128 647 se
1158 607 1250 660 ipse
1273 608 1416 661 diligit
1438 608 1594 660 fixum,

125 681 182 722 ab
217 681 312 722 aliis
347 695 395 722 se
432 695 520 721 non
552 681 688 722 videri
726 694 825 721 cum
859 680 1033 722 fecerit:
1065 681 1238 722 videtur
1268 683 1460 732 omnino,
1494 689 1538 724 et
1569 697 1597 724 a

126 756 285 810 quibus
325 770 371 796 se
411 755 547 796 videri
590 769 677 796 non
720 755 971 796 arbitratur.·
1029 756 1118 797 Sed
1160 770 1261 797 6666
1302 756 1448 806 lateat,
1484 763 1529 798 et
1568 771 1596 798 a

125 830 302 870 nemine
338 829 568 870 hominum
604 830 832 881 videatur;
874 829 980 883 quid
1023 829 1154 870 faciet
1195 830 1251 870 de
1291 830 1366 872 illo
1407 831 1596 885 desuper

123 904 382 958 inspectore,
405 918 536 957 quem
560 904 695 945 latere
717 904 823 944 nihil
845 910 993 958 potest
1010 904 1024 944 ?
1040 903 1059 919 ’'
1104 904 1230 945 Idem
1254 905 1312 945 ibi
1331 922 1338 946 :
1373 906 1528 946 “Illius
1551 912 1596 947 et

125 979 170 1020 in
207 979 291 1020 hac
326 993 459 1020 causa
494 978 831 1020 commendatus
869 985 935 1020 est
971 979 1113 1028 timor,
1147 979 1220 1020 ubi
1252 980 1464 1034 scriptum
1501 985 1595 1022 est:

126 1053 418 1095 Abominatio
441 1059 507 1094 est
529 1053 725 1094 Domino
748 1053 945 1108 defigens
966 1053 1179 1096 oculum.’‘

216 1129 358 1170 Sexta
380 1142 523 1177 causa,
543 1128 645 1181 quia
667 1129 855 1169 suadent
877 1129 921 1169 id
943 1135 1037 1170 tum
1056 1128 1247 1180 consilia,
1265 1135 1360 1170 tum
1384 1130 1593 1185 exempla

127 1203 403 1246 Sanctorum.
481 1203 526 1243 B.
552 1203 817 1243 Benedictus
854 1202 937 1244 hoc
973 1217 1181 1257 expresse
1218 1205 1262 1244 in
1303 1205 1392 1245 suis
1433 1205 1596 1258 regulis

125 1278 336 1332 praecipit,
360 1283 407 1319 ut
428 1277 542 1318 oculi
565 1291 665 1318 cum
687 1278 853 1318 cervice
874 1278 1052 1318 demissi
1075 1285 1290 1331 gerantur.
1567 1328 1568 1331 Ἴ

216 1351 404 1392 Basilius
436 1352 459 1391 1.
484 1351 540 1392 de
560 1365 644 1392 ver.
668 1352 771 1405 virg.
792 1366 800 1392 :
833 1355 854 1371 ‘⁴
870 1351 972 1392 Non
1000 1352 1132 1405 igitur
1153 1352 1417 1403 oculorum,'’
1440 1353 1595 1407 inquit,

127 1426 279 1467 “acies
315 1426 371 1466 ad
409 1426 560 1466 omnia
597 1427 762 1479 passim
806 1426 1077 1479 inspicienda
1117 1427 1305 1468 visibilia
1345 1412 1597 1481 pandendae

128 1507 242 1551 sunt,
257 1515 312 1541 ne
334 1514 511 1541 omnem
530 1514 706 1554 quoque
724 1500 974 1554 figurarum,
991 1507 1124 1554 atque
1142 1500 1381 1542 formarum
1403 1503 1596 1557 speciem

129 1577 223 1618 sine
273 1575 548 1616 discretionis
599 1575 806 1616 examine
865 1575 1079 1624 hauriens,
1132 1576 1189 1616 ad
1241 1590 1390 1617 earum
1441 1584 1599 1632 postea

128 1651 329 1692 turbetur
351 1650 563 1703 imagines
580 1663 591 1700 ;
606 1649 625 1664 '’
645 1656 688 1691 et
710 1663 809 1703 quae
831 1656 1082 1703 sequuntur.
1118 1651 1256 1691 Isaias
1277 1650 1395 1692 Abb.
1419 1665 1477 1692 or.
1503 1662 1567 1706 27.
1587 1666 1597 1694 ε

132 1725 334 1768 “Oculos
366 1738 575 1766 manuum
599 1730 772 1765 tuarum
805 1725 1010 1778 operibus
1042 1724 1184 1765 solum
1218 1726 1407 1776 intende,
1431 1732 1475 1767 et
1507 1740 1596 1768 non

132 1800 261 1842 rebus
277 1800 385 1850 aliis,
403 1800 484 1840 nisi
501 1799 741 1853 probabilis
759 1799 995 1839 necessitas
1019 1799 1062 1839 id
1085 1799 1338 1852 postulabit.
1371 1801 1597 1842 Foeminas

132 1889 234 1916 vero
271 1881 348 1915 aut
381 1875 498 1914 viros
534 1873 761 1922 formosos,
801 1873 881 1913 nisi
920 1886 1082 1927 magna
1118 1880 1302 1926 urgente
1335 1875 1598 1917 necessitate

132 1949 337 2003 respicias
359 1947 498 1989 cave.’'
551 1948 680 1988 Nilus
704 1948 844 1988 Instit.
869 1947 926 1988 ad
949 1948 1148 1988 monach.
1167 1948 1324 2001 junior.
1373 1954 1394 1970 ‘⁴
1412 1949 1482 1990 Ne
1503 1949 1596 2002 sit,’'

132 2025 285 2077 inquit,
310 2026 575 2077 “promptus
606 2023 662 2063 ad
695 2023 841 2072 risum,
863 2023 1031 2076 pudore
1063 2037 1108 2063 se
1130 2029 1267 2073 ornet,
1288 2023 1411 2064 vultu
1433 2030 1595 2066 terram

127 2098 322 2152 aspiciat,
345 2097 505 2138 coelum
527 2096 711 2138 animo.''

219 2171 416 2226 Ephrem
467 2172 523 2212 de
573 2171 656 2211 hac
698 2185 743 2211 re
783 2176 925 2211 totam
976 2172 1236 2225 paraenesim
1278 2173 1438 2223 scribit,
1461 2179 1517 2214 to.
1556 2185 1594 2215 2.

130 2260 290 2302 paraen.
317 2256 381 2298 37.
436 2246 526 2287 Ubi
549 2245 734 2287 eandem
758 2246 1021 2286 sententiam
1042 2245 1178 2287 habet
1199 2261 1250 2287 ac
1272 2247 1411 2297 Nilus,
1435 2248 1596 2290 debere

128 2334 209 2362 nos
242 2327 469 2374 aspectum
502 2320 666 2361 habere
699 2321 916 2371 deorsum,
951 2334 1123 2361 sursum
1156 2335 1259 2362 vero
1299 2322 1493 2363 animam
1534 2324 1593 2365 ad

126 2397 283 2438 Deum.

219 2471 433 2524 Idemque
474 2470 530 2511 de
572 2470 755 2510 Patient.
789 2476 834 2511 et
876 2470 1136 2524 Compunct.
1219 2470 1325 2511 “Ne
1365 2472 1591 2525 proprium

130 2544 345 2598 quidem,’'
378 2544 530 2597 inquit,
562 2547 755 2597 “corpus
785 2543 850 2585 fas
879 2550 956 2595 est,
978 2559 1078 2585 eum
1108 2545 1183 2598 qui
1214 2546 1258 2585 in
1279 2546 1439 2587 virtute
1467 2561 1592 2588 exer-

125 2625 257 2668 cetur,
279 2617 510 2658 contueri.''

222 2692 480 2734 Diadochus
507 2691 563 2732 de
586 2691 693 2732 Pers.
719 2691 830 2746 Spir.
854 2706 887 2733 6.
914 2693 1005 2744 56.;
1039 2693 1301 2747 “Degamus
1329 2707 1410 2735 nos
1438 2695 1481 2735 in
1509 2695 1592 2737 hac

129 2767 220 2809 vita
250 2766 393 2807 fallaci
424 2772 636 2819 tanquam
668 2767 806 2807 oculis
836 2768 952 2821 capti
975 2768 1194 2808 intuentes
1211 2782 1221 2819 ;
1250 2768 1447 2822 profecto
1472 2770 1590 2811 enim

130 2843 188 2884 ad
229 2839 453 2895 spirituale
493 2840 688 2881 studium
725 2841 897 2882 virtutis
942 2842 1141 2895 pertinet,
1183 2843 1377 2884 adimere
1418 2857 1592 2898 semper

130 2916 222 2959 alas
244 2915 460 2957 desiderio
481 2928 632 2956 earum
654 2929 809 2965 rerum,
833 2929 942 2969 quas
963 2916 1198 2958 videmus.''
1257 2917 1390 2971 Quod
1411 2918 1499 2971 Job
1520 2919 1594 2961 ille
