1903 3197
278 574 546 624 QUAENAM
595 574 672 610 AD
722 574 1106 612 AEGROTORUM
1172 573 1440 611 DILIGENS
1497 572 1749 610 MINISTE-

327 645 480 683 RIUM
515 644 908 692 SEDULAMQUE
942 644 1180 682 OPERAM
1215 643 1322 682 NOS
1359 643 1702 680 IMPELLANT.

281 750 460 790 NEMPE
531 750 564 789 si
637 748 885 802 spirituales
951 747 1080 800 hujus
1145 748 1372 788 ministerii
1440 747 1653 788 utilitates
1707 753 1753 787 et

281 824 518 864 commoda
560 823 718 864 nostris
760 836 860 862 cum
895 822 1054 862 animis
1089 828 1370 875 reputemus;
1403 836 1454 862 ea
1488 827 1635 862 autem
1671 835 1752 862 sex

280 899 454 939 circitur
480 911 574 937 esse
606 903 799 950 possunt.
866 896 1011 936 Prima
1044 895 1210 936 utilitas
1243 902 1320 944 cst,
1345 897 1463 948 quod
1497 897 1540 935 in
1573 896 1754 949 aegrotis

283 972 459 1014 Christo
491 971 715 1019 servimus,
748 969 872 1022 cujus
914 969 973 1009 illi
1017 976 1119 1009 sunt
1161 969 1370 1009 membra.
1452 969 1522 1010 Ac
1566 970 1753 1010 Basilius

280 1046 460 1099 quidem
512 1045 816 1096 interrogatus,
864 1057 952 1096 quo
1004 1043 1182 1096 pietatis
1250 1043 1409 1083 affectu
1462 1043 1517 1082 sit
1574 1044 1755 1096 aegrotis

282 1119 484 1160 fratribus
527 1118 877 1166 ministrandum,
923 1123 970 1158 ut
1012 1131 1144 1171 supra
1187 1116 1456 1167 dicebamus,
1499 1117 1755 1170 respondit:

281 1192 444 1234 “Sicut
475 1193 555 1246 ipsi
591 1192 786 1232 Domino
819 1191 1052 1232 offerentes
1085 1191 1359 1244 obsequium,
1394 1191 1468 1243 qui
1501 1191 1617 1231 dixit
1648 1192 1751 1244 quia

281 1266 593 1320 quodcumque
616 1266 802 1306 feceritis
836 1266 908 1305 uni
941 1279 997 1306 ex
1032 1265 1226 1305 minimis
1259 1265 1465 1305 fratribus
1499 1266 1618 1314 meis,
1643 1264 1750 1305 mihi

282 1339 501 1382 fecistis.‘’1
576 1341 636 1381 Et
660 1340 705 1379 B.
741 1339 1007 1380 Benedictus
1038 1337 1163 1387 vult,2
1207 1338 1442 1379 “Infirmis
1484 1345 1531 1379 ut
1576 1339 1754 1380 Christo

283 1417 505 1465 serviatur,
538 1416 642 1468 quia
675 1415 767 1468 ipse
798 1414 993 1454 dicturus
1024 1419 1115 1453 est:
1155 1412 1352 1453 infirmus
1382 1413 1441 1453 fui
1473 1420 1516 1453 et
1545 1414 1757 1454 visitastis

286 1503 367 1539 me,
410 1496 454 1530 et
505 1489 625 1542 quod
678 1487 841 1528 fecistis
885 1501 971 1527 uno
1014 1487 1069 1527 de
1120 1487 1187 1526 his
1241 1487 1433 1526 minimis
1485 1488 1603 1537 meis,
1647 1487 1753 1527 mihi

283 1562 506 1605 fecistis.''3
566 1563 720 1615 Atque
762 1562 804 1602 id
843 1562 1022 1615 quidem
1058 1575 1176 1614 saepe
1214 1556 1433 1601 Dominus
1465 1561 1592 1614 Jesus
1622 1562 1754 1603 servis

285 1640 374 1679 suis
396 1638 599 1679 ostendit.
639 1637 757 1677 Nam
783 1636 825 1677 S.
852 1635 1189 1688 UringualocuS,
1215 1635 1456 1675 monachus
1474 1642 1517 1676 et
1540 1636 1757 1686 sacerdos,

287 1727 386 1753 cum
410 1726 498 1752 una
520 1725 619 1753 cum
647 1711 846 1751 ministro
873 1723 952 1749 suo
981 1710 1026 1749 B.
1046 1709 1246 1749 Ethbino
1271 1709 1492 1762 leprosum
1516 1710 1754 1762 quemdam

288 1786 506 1827 ulceribus
532 1786 713 1839 plenum
743 1783 1049 1835 auxiliumque
1075 1783 1372 1836 postulantem
1400 1783 1443 1822 in
1471 1796 1612 1824 messe
1634 1797 1756 1837 repe-

287 1863 424 1910 risset,
461 1860 829 1914 purgandumque
869 1859 952 1898 Dei
992 1871 1122 1898 causa
1165 1857 1437 1910 suscepisset,
1472 1858 1631 1911 dignus
1664 1858 1758 1909 fuit,

288 1937 360 1990 qui
414 1935 661 1976 Dominum
706 1933 859 1986 jesum
903 1933 945 1972 in
988 1932 1141 1984 :egroti
1194 1931 1333 1971 forma
1384 1933 1666 1985 conspiceret,
1708 1939 1758 1974 ut

287 2010 436 2051 scribit
478 2007 798 2058 Trithemius34
841 2006 963 2060 cujus
1006 2007 1111 2047 dum
1155 2019 1281 2046 nares
1324 2013 1497 2047 suomet
1539 2021 1613 2048 ore
1654 2021 1757 2048 con-

286 2086 429 2138 tingit,
471 2084 683 2138 protinus,
727 2095 858 2135 quem
901 2081 1178 2134 suscepisset,
1220 2081 1427 2133 agnovit;
1479 2080 1638 2134 dignus
1680 2083 1755 2134 qui

287 2160 460 2200 audiret
500 2172 526 2199 a
570 2157 757 2202 Christo,
802 2155 940 2196 “Non
989 2169 1060 2195 me
1110 2154 1331 2203 erubuisti,
1375 2168 1496 2194 serve
1537 2168 1671 2203 meus,
1711 2156 1755 2196 in

290 2235 475 2274 miseriis
526 2233 647 2280 meis,
692 2244 771 2271 nec
814 2236 857 2270 te
900 2230 1152 2270 erubescam
1196 2229 1239 2268 in
1281 2242 1416 2281 regno
1461 2229 1600 2269 Patris
1643 2230 1758 2270 mei:

287 2308 522 2348 haereditas
560 2313 636 2347 tua
679 2318 850 2345 mecum
894 2303 994 2344 est.‘'
1093 2303 1316 2343 Ethbinus
1357 2317 1460 2343 vero
1501 2317 1579 2356 per
1619 2303 1755 2345 latera

289 2383 511 2436 leprosum
564 2380 732 2432 erigens
784 2379 845 2418 ita
896 2378 1144 2418 clamabat:
1198 2377 1365 2417 “Pater
1406 2383 1556 2417 sancte
1598 2378 1753 2431 ipsum,

292 2471 423 2511 quem
465 2463 595 2497 teneo
633 2453 848 2502 manibus,
882 2458 924 2492 et
956 2458 1004 2492 tu
1037 2465 1123 2501 ore,
1158 2450 1302 2491 Deum
1334 2451 1483 2503 Jesum
1521 2451 1758 2503 Christum,

293 2533 365 2584 qui
389 2545 434 2571 se
464 2531 607 2584 ipsum
639 2528 762 2568 dedit
791 2541 869 2580 pro
897 2526 1034 2575 nobis,
1058 2539 1152 2566 esse
1178 2525 1341 2566 crede.⁷’
1383 2525 1568 2566 Viderat
1594 2527 1757 2581 quippe

289 2606 450 2647 coelum
477 2610 679 2658 apertum
712 2601 982 2653 angelosque
1012 2600 1055 2639 in
1084 2599 1177 2652 ejus
1206 2613 1435 2639 occursum
1459 2606 1755 2653 properantes.

294 2680 446 2723 Simile
468 2678 574 2732 quid
601 2676 749 2718 scribit
779 2676 834 2715 de
865 2675 911 2714 B.
935 2674 1107 2726 Joanne
1138 2673 1416 2722 Columbino,
1448 2688 1547 2714 cum
1575 2675 1757 2716 domum

292 2769 414 2796 suam
453 2753 696 2794 curandum
739 2749 961 2803 leprosum
1006 2749 1094 2788 suis
1131 2747 1324 2788 humeris
1362 2747 1621 2801 deportavit,
1661 2749 1760 2790 Bel-

402 2860 413 2880 1
438 2862 491 2892 De
508 2859 666 2891 Monacli.
689 2858 761 2889 inst.
785 2867 813 2888 c.
834 2864 884 2896 30.
1022 2854 1035 2872 ‘2
1060 2855 1100 2885 Iu
1117 2865 1182 2895 reg.
1204 2865 1229 2886 c.
1253 2854 1302 2895 36.
1439 2853 1452 2872 ²
1478 2855 1575 2886 Matt.
1598 2864 1644 2886 10.

559 2911 573 2929 ⁴
597 2911 650 2942 De
667 2910 725 2941 vir.
747 2909 864 2940 illustr.
886 2907 966 2940 Ord.
989 2907 1023 2938 S.
1047 2907 1168 2938 Bened.
1190 2906 1210 2938 l.
1232 2914 1262 2946 3.
1283 2916 1309 2937 c.
1330 2913 1371 2946 43
1390 2910 1420 2937 et
1435 2915 1488 2946 44.
