1903 3197
286 187 359 242 -64
757 183 836 229 De
871 183 1119 230 Societatis
1154 184 1206 229 F
1202 185 1288 232 ine.

293 316 478 369 putavit,
503 316 578 356 sed
607 317 934 368 expectandam
967 318 1082 358 dixit
1104 317 1258 358 horam
1289 332 1378 358 suae
1413 319 1455 357 in
1481 318 1761 359 Hierusalem

291 390 601 443 profectioni53
644 390 705 430 sic
736 397 780 430 et
812 404 891 430 nos
923 391 1203 432 insidiantem
1237 392 1436 444 spiritum
1469 393 1762 443 coenodoxiae,

291 477 392 504 cum
431 464 486 503 ad
523 464 762 504 celebriora
804 465 900 504 loca
942 479 1021 505 nos
1065 466 1230 515 incitat,
1276 472 1457 518 repente
1499 466 1762 519 fugabimus,

290 539 711 591 expectandumque
754 538 950 578 dicemus
993 545 1178 592 tempus,
1213 553 1299 591 quo
1342 540 1385 578 in
1429 553 1480 579 ea
1522 541 1761 589 mittamur,

291 613 327 652 si
380 613 440 653 ita
492 612 639 652 tulerit
681 612 829 652 divina
870 613 1085 653 voluntas.
1218 620 1323 666 tque
1375 613 1458 654 hoc
1502 615 1583 654 erit
1633 615 1762 667 hujus

291 688 495 727 secundae
532 700 674 726 causae
711 687 964 727 remedium.

381 762 535 801 Tertia
575 775 678 801 vero
724 775 866 810 causa,
912 775 1009 814 quae
1064 768 1130 802 est
1181 768 1417 815 paupertas
1469 777 1518 803 ac
1570 763 1763 804 solitudo

293 835 464 888 collegii
502 835 571 875 vel
613 835 783 885 domus,
819 849 876 875 ex
919 836 1152 888 prudentia
1184 838 1325 876 carnis
1357 837 1502 886 oritur,
1537 843 1581 877 et
1613 838 1763 890 inopia

291 911 496 963 spiritus;
530 924 632 950 nam
656 910 689 950 si
713 910 890 962 spiritus
922 910 1113 950 ccelestis
1144 911 1354 960 abundat,
1385 918 1621 965 paupertas
1654 912 1761 952 mihi

292 984 573 1036 solitudoque
605 984 791 1024 molesta
825 998 912 1024 non
946 985 1036 1032 erit,
1071 985 1160 1024 imo
1193 999 1265 1024 eas
1299 986 1341 1024 in
1375 986 1541 1026 deliciis
1573 986 1759 1033 habebo,

292 1064 340 1098 ut
370 1072 467 1111 quze
501 1065 601 1098 sunt
633 1059 816 1098 materia
849 1071 1061 1110 segesque
1092 1059 1314 1104 virtutum,
1340 1058 1496 1111 “cujus
1530 1061 1588 1099 rei
1621 1062 1763 1112 gratia

291 1133 349 1172 ad
393 1132 644 1172 coenobium
689 1145 758 1171 me
801 1131 976 1179 contuli,
1022 1145 1155 1183 quare
1196 1131 1343 1184 Hugo,
1384 1133 1418 1172 si
1456 1133 1536 1173 tibi
1578 1133 1762 1184 videtur,

295 1207 447 1259 inquit,
472 1206 602 1255 locus,
628 1206 700 1245 ubi
732 1205 917 1255 habitas,
946 1219 1113 1258 pauper
1135 1220 1240 1255 esse,
1265 1207 1308 1246 id
1338 1212 1482 1247 totum
1514 1208 1598 1247 Dei
1631 1223 1763 1249 causa

294 1294 423 1333 aequo
456 1282 604 1320 animo
637 1280 747 1320 ferre
779 1281 925 1330 debes,
959 1294 1128 1320 memor
1159 1287 1202 1321 te
1236 1281 1292 1320 ad
1328 1282 1582 1322 coenobium
1619 1297 1763 1324 acces-

293 1356 412 1403 sisse,
438 1367 525 1394 non
549 1361 596 1395 ut
618 1354 784 1394 deliciis
807 1354 985 1402 viveres,
1011 1355 1086 1394 sed
1121 1360 1168 1394 ut
1190 1355 1268 1394 tibi
1301 1355 1490 1395 salutem
1523 1370 1697 1408 pareres
1721 1363 1764 1397 et

293 1428 512 1469 virtutes.''

383 1502 504 1541 Audi
543 1503 689 1550 etiam,
726 1503 830 1554 quid
869 1502 924 1541 de
958 1502 1039 1542 hac
1074 1502 1213 1542 carnis
1247 1503 1482 1554 prudentia
1516 1503 1765 1544 Bernardus

295 1577 424 1625 dicat,
458 1590 555 1616 cum
595 1577 650 1616 ad
685 1582 893 1629 nepotem
926 1590 1065 1624 suum,
1106 1577 1178 1628 qui
1212 1576 1356 1616 locum
1390 1583 1594 1626 mutarat,
1630 1584 1673 1618 et
1708 1592 1765 1618 ex

296 1651 450 1691 ordine
474 1650 753 1690 Cisterciensi
776 1650 939 1690 scilicet
963 1650 1158 1698 arctiore,
1178 1651 1221 1689 in
1246 1650 1580 1691 Cluniacensem
1605 1652 1764 1704 migra-

291 1729 414 1765 verat
436 1724 663 1764 laxiorem.

386 1797 603 1851 “Quid?'’
639 1799 789 1850 inquit.
854 1798 1020 1839 “Salus
1044 1812 1146 1851 ergo
1175 1799 1316 1850 magis
1349 1799 1391 1838 in
1421 1799 1539 1839 cultu
1562 1801 1762 1848 vestium,

293 1879 339 1914 ct
372 1873 569 1913 ciborum
602 1879 668 1913 est
699 1873 937 1929 opulentia,
962 1887 1093 1925 quain
1128 1873 1170 1912 in
1203 1873 1349 1912 sobrio
1372 1874 1488 1913 victu
1515 1875 1764 1927 vestituque

298 1948 554 1988 moderato!
619 1946 666 1987 Si
699 1947 882 2000 pellicife
916 1947 1035 1986 lenes
1068 1953 1111 1987 et
1144 1947 1311 1997 calidae,
1347 1949 1381 1987 si
1414 1949 1548 2000 panni
1582 1949 1765 1989 subtiles

295 2029 340 2063 et
381 2023 571 2075 pretiosi,
615 2022 649 2061 si
693 2022 836 2074 longae
885 2022 1068 2061 manicae
1111 2027 1155 2061 et
1197 2021 1394 2074 amplum
1446 2023 1683 2074 caputium,
1729 2025 1762 2063 si

295 2097 565 2150 opertorium
588 2095 801 2148 sylvestre
824 2100 867 2135 et
890 2095 1021 2135 molle
1043 2096 1329 2134 stramineum
1353 2101 1555 2134 sanctum
1584 2095 1762 2145 faciunt,

295 2171 400 2222 quid
435 2183 581 2209 moror
612 2175 655 2208 et
687 2182 770 2220 ego
802 2169 921 2220 quod
954 2175 998 2208 te
1030 2181 1117 2208 non
1149 2168 1332 2220 sequor!
1398 2168 1487 2209 Sed
1519 2168 1613 2209 haec
1646 2170 1763 2210 infir-

295 2245 511 2284 mantium
555 2249 655 2283 sunt
698 2243 905 2289 fomenta,
950 2256 1038 2282 non
1081 2255 1203 2282 arma
1250 2243 1553 2295 pugnantium.
1619 2245 1763 2285 ‘Ecce

296 2320 411 2359 enim
446 2320 518 2371 qui
552 2319 595 2357 in
627 2317 834 2358 mollibus
856 2318 1111 2365 vestiuntur,
1136 2317 1179 2356 in
1212 2317 1418 2356 domibus
1451 2331 1602 2369 regum
1636 2319 1760 2359 sunt.'

295 2394 460 2433 Vinum
491 2399 535 2433 et
564 2392 717 2440 simila,
741 2390 930 2431 mulsum
965 2397 1008 2430 et
1039 2391 1221 2443 pinguia
1247 2391 1416 2443 corpori
1447 2390 1649 2440 militant,
1673 2405 1760 2432 non

294 2467 476 2519 spiritui.
540 2467 737 2506 Frixuris
760 2479 847 2506 non
871 2466 1018 2505 anima
1039 2465 1274 2518 saginatur,
1299 2465 1376 2504 sed
1399 2463 1559 2504 ca1·o.’'1

384 2540 516 2592 Quod
559 2546 707 2580 autem
759 2541 919 2580 attinet
967 2540 1022 2579 ad
1066 2539 1358 2587 solitudinem,
1402 2552 1499 2590 quac
1543 2541 1758 2590 quosdam

297 2626 414 2666 scepe
446 2613 646 2662 deterret,
679 2614 722 2653 id
758 2626 934 2665 quoque
968 2626 1055 2652 non
1094 2612 1188 2652 leve
1225 2617 1291 2651 est
1327 2611 1485 2663 inopia:
1523 2612 1761 2664 spiritualis

298 2687 519 2736 indicium,
564 2701 665 2727 nam
716 2689 789 2739 qui
841 2701 939 2727 cum
994 2687 1091 2726 Deo
1143 2685 1333 2738 colloqui
1385 2692 1428 2726 et
1481 2687 1761 2727 sermocinari

298 2763 462 2812 didicit,
494 2762 671 2802 alterius
703 2774 949 2802 sermonem
986 2774 1073 2800 non
1109 2760 1312 2812 requirit:
1356 2773 1609 2813 quanquam
1642 2760 1762 2801 nulla

300 2844 367 2878 est
395 2843 522 2877 tanta
553 2836 756 2886 solitudo,
779 2835 846 2876 vel
880 2835 923 2874 in
955 2834 1128 2887 exiguis
1159 2835 1393 2887 parvisque
1419 2834 1624 2887 collegiis,
1657 2836 1762 2887 quin

928 2924 939 2944 ³
966 2925 1071 2967 Epist.
1095 2933 1121 2957 1.
