1903 3197
631 184 700 230 In
734 183 952 247 Regulas
986 184 1247 232 Modestiae.
1584 186 1675 233 681

215 318 472 367 existimari,
507 331 605 358 cum
644 317 767 358 illum
803 332 881 372 per
915 319 1259 368 conversionem,
1291 324 1335 359 et
1370 318 1679 371 poenitentiam

215 393 299 434 sibi
336 393 577 446 propitium
615 392 821 433 fecisset.”
894 392 1016 445 Lege
1052 393 1186 433 etiam
1224 393 1513 442 Dorotheum,
1540 394 1676 435 Serm.

214 466 270 508 de
302 468 477 508 nemine
504 467 744 520 judicando
762 481 772 517 ;
804 466 922 519 apud
954 480 1086 519 quem
1119 467 1364 507 consimilia
1394 469 1592 521 reperies,

305 541 490 595 Optima
525 542 582 581 ad
618 541 894 594 repellendos
930 541 1246 582 obtrectatores
1276 542 1347 582 via
1383 542 1547 595 triplex
1584 556 1680 584 esse

215 623 372 671 potest.
457 617 560 658 Una
610 630 687 670 per
738 616 1082 670 increpationem
1134 622 1360 669 apertam;
1414 617 1553 658 altera
1602 632 1681 671 per

215 692 439 733 tristitiam
490 691 670 742 vultus;
732 691 861 731 tertia
915 704 994 744 per
1049 691 1382 731 excusationem
1436 691 1679 732 alienorum

215 765 443 815 factorum,
477 765 545 806 vel
587 766 815 806 dictorum.

308 847 359 880 10.
398 841 478 881 Per
527 847 727 894 apertam
778 840 1140 889 admonitionem,
1193 854 1268 880 seu
1320 840 1678 893 increpationem.

217 914 282 956 Ut
311 915 601 968 Augustinus,
624 915 697 968 qui
730 914 810 954 hos
841 928 990 954 versus
1022 914 1066 954 in
1099 927 1252 954 mensa
1283 914 1469 967 scriptos
1500 900 1681 956 habuit:

451 1038 629 1083 Quisquis
655 1045 756 1072 amat
783 1038 892 1073 dictis
917 1038 1116 1072 absentum
1143 1049 1296 1082 carpere
1321 1038 1436 1072 vitam

451 1095 562 1128 Hanc
587 1105 756 1128 mensam
784 1093 978 1138 indignam
1004 1093 1147 1127 noverit
1173 1104 1255 1128 esse
1281 1093 1362 1128 sibi.

213 1209 260 1250 B.
298 1209 462 1249 Isaias:
501 1208 585 1249 “Si
623 1209 719 1261 quis
761 1221 908 1249 coram
945 1214 990 1248 te
1026 1208 1220 1260 loquitur
1256 1208 1464 1248 adversus
1500 1208 1678 1249 fratrem

213 1289 351 1333 tuum,
375 1290 451 1323 aut
473 1289 620 1323 taceas
652 1296 741 1335 prae
774 1282 952 1336 pudore,
976 1288 1052 1322 aut
1075 1282 1135 1321 illi
1158 1282 1421 1331 assentiaris,
1445 1296 1499 1323 ne
1524 1297 1679 1336 pecces

213 1358 423 1398 adversus
458 1357 616 1397 Deum.
681 1356 771 1397 Sed
803 1370 903 1397 cum
935 1356 1184 1396 humilitate
1217 1356 1316 1396 dic:
1352 1357 1540 1409 Ignosce
1571 1357 1679 1398 mihi

213 1432 356 1481 frater,
386 1431 539 1472 infelix
573 1445 656 1484 ego
690 1445 798 1471 sum.
862 1431 922 1471 Et
953 1431 1049 1471 haec
1077 1445 1175 1483 quae
1209 1430 1400 1483 loqueris
1434 1445 1533 1472 mea
1565 1438 1679 1483 sunt,

214 1511 259 1547 et
289 1521 342 1547 ea
372 1505 482 1546 ferre
514 1519 601 1545 non
634 1503 851 1558 possum.’'

302 1580 362 1621 Et
405 1580 654 1621 Climacus:
697 1578 873 1629 “Noli,''
908 1579 1061 1631 inquit,
1086 1579 1257 1618 “vereri
1296 1592 1408 1628 eum,
1444 1581 1518 1632 qui
1559 1580 1679 1633 apud

212 1661 257 1696 te
285 1655 493 1707 proximo
525 1654 728 1702 detrahit,
763 1654 852 1694 imo
877 1668 980 1693 vero
1012 1653 1146 1693 dicito
1179 1654 1247 1693 ei:
1289 1652 1489 1706 Quiesce,
1521 1654 1681 1706 frater;

215 1742 298 1782 ego
340 1729 383 1768 in
420 1729 487 1768 his
524 1742 622 1781 quae
659 1729 861 1781 graviora
898 1734 1010 1776 sunt,
1044 1728 1242 1780 quotidie
1278 1728 1515 1780 delinquo;
1557 1729 1680 1769 illum

215 1816 319 1856 ergo
349 1802 574 1856 quomodo
603 1802 815 1842 damnare
846 1801 1060 1855 possum?
1105 1802 1205 1841 Hoc
1234 1803 1352 1842 enim
1382 1802 1511 1842 unico
1543 1803 1682 1843 medi-

214 1883 420 1918 camento
461 1877 549 1917 duo
587 1876 850 1926 lucraberis,
885 1876 1003 1928 quod
1036 1882 1080 1916 et
1111 1876 1313 1929 teipsum,
1349 1883 1393 1917 et
1424 1877 1680 1930 proximum

215 1949 422 1992 curabis.⁷'

304 2033 360 2066 20.
396 2027 476 2066 Per
508 2026 730 2066 tristitiam
764 2025 898 2065 etiam
927 2025 1074 2065 vultus
1106 2025 1156 2078 (si
1189 2026 1287 2078 quis
1320 2025 1560 2066 admonere
1592 2040 1681 2067 non

217 2100 367 2154 audet)
399 2100 633 2154 repellitur,
657 2107 700 2140 et
732 2100 961 2153 corrigitur
992 2100 1271 2140 obtrectator.
1308 2101 1427 2140 “Per
1457 2101 1681 2142 tristitiam

216 2176 335 2217 enim
386 2174 568 2225 vultu5,''
616 2175 840 2228 Scriptura
891 2174 963 2224 ait,
1006 2175 1270 2227 “corrigitur
1320 2175 1493 2215 animus
1544 2175 1683 2216 delin-

216 2249 427 2304 quentis.”
491 2250 551 2290 Et
588 2250 709 2289 Prov.
736 2258 817 2300 25:
850 2249 1057 2289 “Ventus
1093 2249 1242 2302 aquilo
1278 2250 1464 2303 dissipat
1499 2250 1680 2303 pluvias,

216 2330 262 2366 et
295 2325 428 2364 facies
465 2324 601 2363 tristis
636 2323 832 2376 linguam
867 2323 1209 2363 detrahentem.''
1272 2323 1332 2364 Et
1365 2324 1544 2377 quidem
1580 2338 1683 2365 usus

216 2399 346 2440 docet
390 2399 685 2438 detractiones
732 2398 847 2438 illico
890 2412 1070 2447 cessare,
1114 2412 1214 2438 cum
1261 2399 1373 2438 inter
1413 2399 1683 2440 detractores

216 2473 330 2513 tristi
362 2473 460 2525 quis
482 2472 604 2513 vultu
639 2486 714 2512 eas
746 2473 827 2513 sibi
860 2486 948 2512 non
979 2472 1152 2525 placere
1183 2472 1409 2526 significat.
1474 2473 1595 2526 Lege
1626 2474 1682 2514 de

217 2560 270 2587 eo
313 2547 537 2600 Episcopo
574 2548 648 2600 qui
691 2547 877 2587 libenter
918 2547 1125 2587 audiebat
1162 2548 1465 2597 detractorem,
1501 2554 1544 2589 et
1580 2561 1681 2588 cum

217 2619 464 2661 detractore
496 2621 592 2673 ipso
623 2635 779 2673 graves
811 2621 855 2660 in
888 2621 1144 2674 Purgatorio
1176 2635 1332 2674 poenas
1364 2621 1496 2662 dedit.

306 2701 362 2746 30.
399 2694 511 2735 Cum
535 2708 714 2735 monere
737 2709 825 2735 non
850 2696 1063 2735 audemus
1084 2709 1171 2745 eos,
1194 2697 1267 2748 qui
1291 2696 1417 2736 nobis
1440 2696 1683 2749 superiores

216 2767 420 2809 videntur
461 2782 581 2819 esse;
625 2782 832 2809 conemur
874 2775 1024 2809 tamen
1067 2783 1178 2818 eum,
1217 2770 1284 2809 cui
1326 2770 1598 2810 obtrectatur
1639 2776 1683 2811 et

216 2842 470 2892 detrahitur,
495 2857 716 2883 excusare.
782 2844 1104 2893 Bonaventura,
1124 2845 1167 2884 in
1191 2844 1315 2897 Spec.
1336 2845 1453 2884 Disc.
1474 2859 1513 2898 p.
1530 2856 1569 2896 4.
1587 2859 1621 2886 c.
1640 2854 1684 2896 5:

217 2917 303 2959 “Si
340 2918 395 2958 de
430 2918 627 2971 personis
665 2918 931 2969 absentibus,
966 2920 1209 2972 praesertim
1248 2919 1472 2972 religiosis,
1511 2920 1685 2961 sinistre
