1903 3197
544 162 613 209 ln
647 161 866 223 Regulas
899 161 1160 208 [Wodestz‘ae.
1498 163 1526 206 6
1539 177 1554 208 1
1568 175 1592 221 5

130 311 247 339 erem
281 296 507 351 quandam
545 296 636 336 vita
670 295 943 344 dissolutam,
978 301 1022 335 et
1058 295 1252 335 moribus
1288 295 1419 349 plane
1456 296 1599 348 impu-

128 373 319 422 dentem,
342 385 418 411 seu
443 376 490 410 ut
512 370 736 410 hominem
760 375 951 409 tentaret
974 370 1081 422 ipsa,
1101 383 1176 409 seu
1200 372 1256 410 ab
1279 370 1374 410 aliis
1397 369 1598 410 mercede

128 445 346 486 conducta
369 445 412 484 id
436 449 675 491 conaretur,
700 443 894 495 quodam
918 449 1116 495 tempore
1138 443 1289 484 dedita
1310 458 1453 497 opera,
1479 444 1516 483 ei
1540 457 1597 483 ex

130 520 312 560 adverso
347 518 522 559 obviam
561 518 604 557 in
638 517 872 569 angiportu
908 517 1131 569 prodiisse,
1172 516 1383 570 illumque
1420 516 1599 558 intentis

130 593 266 635 oculis
296 593 551 646 aspexisse:
583 604 684 631 eum
717 596 865 630 autem
898 592 1054 631 acriter
1083 591 1330 644 increpasse
1357 592 1597 642 mulierem,

125 669 396 721 jussisseque
438 673 486 707 ut
523 672 683 706 terram
721 665 971 713 intueretur,
1007 665 1233 705 mulierem
1277 679 1379 706 vero
1422 679 1600 718 respon-

130 743 247 783 disse
268 755 276 782 :
315 745 335 760 “
353 741 442 794 Qui
465 753 645 793 possum
670 739 786 779 istud
814 738 955 779 facere
977 752 1077 791 quze
1100 752 1186 778 non
1211 752 1267 779 ex
1291 745 1417 788 terra,
1442 740 1518 779 sed
1542 753 1599 779 ex

130 823 174 856 te
205 815 324 856 edita
355 814 485 854 sum?
560 814 642 854 Est
676 814 793 853 enim
832 813 1011 865 aequius,
1047 818 1096 852 ut
1127 819 1174 854 tu
1207 819 1368 853 terram
1412 814 1600 867 aspicias

128 904 187 930 ex
229 903 316 942 qua
357 894 502 929 ortum
553 887 703 937 habes,
745 887 841 940 ipsa
882 893 1030 928 autem
1082 893 1129 927 ut
1170 892 1215 927 te
1267 888 1438 928 intuear
1480 887 1597 928 unde

130 969 360 1018 procreata
392 962 525 1003 sum.''

219 1038 500 1091 Augustinus
542 1037 597 1077 de
640 1051 685 1077 se
727 1036 823 1090 ipso
864 1036 908 1076 in
952 1035 1075 1078 Conf.
1141 1036 1394 1085 “Resisto,‘'
1448 1037 1601 1089 inquit,

133 1112 499 1154 “seductionibus
534 1111 759 1152 oculorum
803 1124 1013 1161 meorum,
1051 1124 1105 1151 ne
1146 1111 1426 1164 implicentur
1466 1111 1602 1165 pedes

131 1187 316 1228 affectus
347 1187 444 1235 mei,
468 1186 626 1238 quibus
659 1185 880 1238 ingredior
900 1186 1016 1225 viam
1041 1192 1175 1233 tuam,
1194 1185 1318 1225 Deus
1342 1199 1474 1225 meus.
1540 1185 1600 1226 Et

131 1262 252 1314 erigo
280 1262 335 1301 ad
368 1267 412 1301 te
445 1260 684 1300 invisibiles
708 1259 856 1300 oculos
886 1273 1019 1308 meos,
1044 1265 1091 1300 ut
1113 1266 1160 1300 tu
1184 1259 1344 1300 evellas
1367 1260 1422 1300 de
1444 1260 1603 1312 laqueo

133 1336 269 1389 pedes
292 1334 448 1375 meos.’'

220 1409 292 1450 De
316 1409 486 1449 Isidoro
509 1408 703 1461 quodam
728 1414 874 1448 narrat
897 1407 1162 1457 CHmachus,
1185 1408 1304 1461 grad.
1323 1420 1360 1459 4.
1381 1409 1436 1448 de
1460 1408 1600 1449 Obed.

133 1490 235 1538 post
286 1483 517 1524 toleratam
571 1484 824 1523 diuturnam
890 1487 1023 1534 atque
1085 1483 1341 1522 acerrimam
1409 1496 1600 1535 poenam,

136 1557 323 1612 coepisse
346 1571 397 1597 eo
420 1570 466 1596 se
488 1562 604 1596 coetu
629 1556 670 1595 in
694 1569 782 1608 quo
804 1555 1060 1595 versabatur
1082 1555 1312 1608 indignum
1336 1556 1602 1604 existimare,

137 1646 217 1673 nec
245 1645 401 1672 ausum
424 1644 518 1671 esse
541 1631 795 1683 quempiam
818 1630 905 1669 suis
932 1630 1144 1682 inspicere
1166 1630 1313 1678 oculis,
1338 1631 1414 1670 sed
1445 1629 1605 1670 defixis

135 1707 179 1745 in
213 1711 375 1746 terram
411 1705 664 1758 aspectibus
693 1704 871 1744 solitum
911 1717 1004 1743 esse
1036 1704 1374 1757 ingredientium
1408 1711 1451 1744 et
1484 1718 1604 1757 egre-

136 1781 350 1821 dientium
395 1780 579 1819 fratrum
633 1792 782 1832 preces
819 1792 897 1831 pro
935 1779 1125 1818 coenobii
1168 1778 1332 1819 foribus
1369 1780 1603 1832 postulare,

136 1855 366 1907 indignum
406 1854 479 1906 qui
525 1854 567 1893 in
606 1851 788 1904 alicujus
826 1852 980 1893 faciem
1024 1853 1281 1902 intenderet,
1325 1860 1372 1893 ut
1418 1854 1606 1906 ipsemet

136 1929 333 1969 Isidorus
359 1927 588 1969 Climacho
611 1927 809 1967 narravit.

227 2003 474 2056 sylvanum
519 2004 652 2042 etiam
695 2001 922 2041 Abbatem
961 2002 1095 2051 aiunt,
1132 2015 1231 2041 cum
1268 2003 1324 2041 ad
1363 2001 1606 2054 irrigandos

135 2079 287 2119 hortos
310 2078 462 2125 exiret,
488 2076 667 2117 solitum
692 2090 785 2116 esse
808 2075 963 2116 faciem
986 2076 1154 2128 operire
1176 2076 1356 2116 cucullo.
1403 2077 1606 2130 Rogatus

134 2167 211 2194 cur
242 2153 303 2193 ita
336 2152 526 2202 faceret;
571 2151 678 2191 “Ne
710 2149 860 2199 oculi,'’
894 2151 1046 2203 inquit,
1082 2152 1293 2191 “arbores
1326 2158 1537 2204 spectent,
1561 2158 1606 2192 et

134 2241 259 2268 mens
282 2241 380 2268 mea
403 2242 428 2267 a
450 2242 540 2267 suae
564 2226 948 2279 contemplationis
969 2226 1116 2266 studio
1148 2226 1408 2266 revocetur.’'
1468 2227 1604 2266 Deni-

134 2317 220 2356 que
254 2303 451 2343 omnium
491 2302 756 2342 Sanctorum
800 2314 895 2340 mos
930 2300 1002 2340 hic
1035 2301 1126 2349 fuit,
1163 2307 1210 2340 ut
1246 2302 1302 2341 ad
1341 2301 1604 2341 modestiam

134 2378 285 2419 oculos
326 2378 563 2430 vultusque
610 2382 954 2430 componerent3
997 2377 1115 2428 quod
1153 2389 1303 2415 eorum
1346 2378 1518 2429 scripta,
1556 2390 1607 2417 ac

134 2458 356 2505 praecepta
379 2451 617 2500 declarant,
637 2464 780 2502 neque
804 2450 919 2491 enim
943 2451 986 2490 id
1009 2457 1101 2490 tam
1124 2451 1247 2499 serio,
1266 2458 1606 2503 constanterque

133 2527 432 2580 praeciperent,
486 2526 568 2566 nisi
633 2526 715 2578 ipsi
778 2525 899 2578 prius
951 2525 1056 2577 quid
1108 2525 1405 2578 praeciperent,
1459 2531 1604 2566 essent

134 2601 317 2653 experti.

220 2674 292 2715 Ac
324 2675 380 2715 de
411 2681 561 2715 nostro
584 2675 764 2727 quidem
799 2675 842 2714 P.
862 2674 1038 2727 Ignatio
1061 2675 1208 2727 accepi
1238 2674 1294 2714 ab
1320 2675 1381 2723 iis,
1405 2675 1478 2726 qui
1502 2688 1602 2714 eum

134 2750 414 2803 superstitem
438 2751 493 2789 de
516 2750 626 2789 facie
648 2755 875 2798 noverunt,
889 2748 958 2789 vel
981 2763 1038 2789 ex
1063 2749 1158 2802 ipso
1180 2755 1359 2802 aspectu
1378 2750 1601 2802 vultuque,

135 2839 187 2865 ac
208 2824 429 2864 modestia
453 2825 588 2864 totius
611 2824 707 2873 oris,
729 2824 1007 2865 sanctitatem
1031 2823 1123 2875 ejus
1146 2825 1339 2876 potuisse
1361 2824 1528 2876 conjici.

225 2899 293 2939 De
327 2898 551 2939 Malachia
583 2898 806 2952 Episcopo
828 2898 964 2938 habes
986 2899 1104 2951 apud
1128 2898 1399 2939 Bernardum
1423 2901 1465 2939 in
1488 2899 1605 2949 Vita,
