1903 3197
278 167 304 211 3
313 168 373 212 34
599 154 679 199 De
711 155 902 201 ratione
932 155 1127 202 vivendi
1159 155 1418 202 Socz'etatz's.

273 285 524 338 puritatem,
563 299 650 326 non
687 286 831 327 dicam
869 301 1011 340 opere,
1046 288 1124 328 sed
1160 302 1215 328 ne
1252 288 1521 340 cogitatione
1557 289 1737 341 quidem

273 360 447 412 assequi
476 354 698 413 potuisse.
778 362 849 402 Ita
893 362 1097 404 Socrates
1141 363 1184 402 id
1227 362 1283 402 de
1324 376 1372 402 se
1412 362 1605 415 profiteri
1653 377 1741 404 non

274 433 475 482 erubuit;
523 447 638 482 nam,
674 448 773 474 cum
811 436 985 476 intuens
1029 450 1129 476 eum
1167 435 1348 488 quidam
1384 435 1742 489 physiognomon

274 506 390 547 male
411 508 608 558 dixisset,
624 514 678 558 et,
703 509 914 550 irruentes
936 511 979 550 in
1003 524 1121 560 eum,
1139 509 1341 563 discipuli
1365 510 1458 562 ejus
1481 510 1628 550 ulcisci
1651 510 1744 551 illa-

273 587 369 622 tum
387 582 599 635 magistro
615 582 778 623 vellent
800 584 1056 634 convicium,
1076 585 1428 637 indignationem
1447 598 1597 624 eorum
1620 584 1739 625 brevi

271 655 431 696 dicitur
451 657 761 709 compressisse
782 659 1010 698 sententia.
1073 658 1370 711 Apertissime
1393 659 1524 710 igitur
1545 659 1740 711 ipsorum

271 729 542 783 professione
587 737 866 780 monstratur,
900 733 1234 772 commixtionis
1275 732 1514 772 dumtaxat
1555 733 1742 786 turpitu-

271 803 420 843 dinem
442 803 635 844 violenta
666 805 723 844 ab
756 804 838 844 illis
861 806 1124 845 necessitate
1146 819 1456 859 compressam,
1481 820 1568 846 non
1591 812 1741 847 tamen

271 876 537 917 desiderium
580 878 635 917 de
677 878 882 918 cordibus
930 892 1093 928 eorum,
1136 885 1179 919 et
1230 879 1574 919 oblectationem
1628 880 1742 920 illius

271 951 486 1004 passionis
519 950 783 990 exclusam.'’
848 952 908 991 Et
939 952 1051 991 infra
1082 953 1143 991 sic
1174 953 1422 992 concludit:
1457 954 1602 993 “Ideo
1635 955 1741 994 satis

271 1030 438 1064 certum
482 1030 548 1064 est
588 1025 964 1064 circumcisionem
1008 1031 1216 1074 nostram,
1252 1039 1352 1078 quae
1389 1027 1432 1065 in
1470 1027 1623 1079 spiritu
1662 1033 1739 1076 est,

271 1111 359 1137 non
388 1111 517 1150 posse
544 1098 624 1137 nisi
658 1098 742 1138 Dei
773 1104 947 1139 tantum
977 1113 1157 1139 munere
1185 1100 1409 1152 possideri,
1434 1105 1477 1140 et
1503 1100 1569 1140 his
1600 1101 1742 1141 inesse

269 1170 562 1223 solummodo,
578 1173 652 1224 qui
676 1173 774 1213 Deo
797 1179 892 1214 tota
912 1174 1087 1226 spiritus
1110 1174 1175 1214 sui
1198 1175 1459 1214 contritione
1477 1175 1739 1216 deserviunt.

272 1245 332 1285 Et
367 1245 526 1285 idcirco
558 1246 661 1286 licet
692 1247 735 1286 in
771 1247 931 1297 multis,
963 1248 1053 1288 imo
1085 1248 1128 1287 in
1160 1248 1375 1297 omnibus,
1402 1249 1541 1301 possit
1570 1250 1741 1290 ostendi

271 1332 444 1372 semper
502 1320 669 1360 auxilio
731 1321 816 1360 Dei
879 1321 1080 1361 homines
1152 1321 1360 1374 indigere,
1423 1335 1504 1362 nec
1575 1322 1741 1375 aliquid

269 1393 510 1433 humanam
545 1394 841 1447 fragilitatem,
878 1395 997 1447 quod
1033 1395 1089 1434 ad
1123 1394 1311 1435 salutem
1346 1396 1544 1448 pertinet,
1583 1409 1662 1448 per
1695 1409 1742 1436 se

270 1467 421 1517 solam,
452 1467 497 1507 id
530 1474 606 1516 est,
631 1469 725 1508 sine
756 1469 976 1520 adjutorio
1009 1469 1094 1508 Dei
1123 1482 1252 1521 posse
1285 1469 1512 1521 perficere;
1546 1470 1589 1509 in
1619 1469 1740 1511 nullo

269 1547 420 1581 tamen
464 1542 718 1591 evidentius,
762 1556 895 1595 quam
948 1543 991 1582 in
1034 1543 1322 1596 acquisitione
1363 1549 1496 1596 atque
1539 1544 1739 1585 custodia

270 1615 487 1656 castitatis
537 1615 848 1657 ostenditur.''1
922 1617 981 1657 Et
1021 1620 1200 1657 “certos
1249 1631 1329 1657 nos
1378 1632 1472 1658 esse
1523 1620 1739 1669 convenit,

271 1690 403 1742 quod,
460 1688 560 1730 licet
617 1704 793 1730 omnem
851 1691 1132 1731 continentiae
1190 1691 1520 1740 districtionem,
1575 1693 1737 1733 famem

271 1763 436 1802 scilicet
459 1777 508 1803 ac
537 1764 668 1813 sitim,
690 1764 862 1817 vigilias
891 1778 1067 1817 quoque
1096 1770 1140 1804 et
1162 1765 1304 1818 operis
1332 1765 1580 1817 jugitatem,
1606 1772 1740 1819 atque

270 1836 529 1876 incessabile
560 1838 796 1878 subeamus
828 1838 1028 1878 lectionis
1059 1838 1266 1887 studium,
1297 1845 1557 1891 perpetuam
1590 1845 1740 1881 tamen

271 1911 545 1950 castimoniae
586 1911 825 1964 puritatem
862 1911 1018 1952 horum
1056 1911 1257 1952 laborum
1296 1913 1452 1953 merito
1487 1913 1739 1966 contingere

271 1997 554 2036 nequeamus,
598 1985 691 2034 nisi,
735 1986 778 2025 in
820 1985 887 2026 his
929 1985 1094 2038 jugiter
1135 1986 1414 2035 desudantes,
1453 1987 1740 2040 experientiae

271 2058 524 2110 magisterio
566 2058 803 2099 doceamur
840 2060 1211 2113 incorruptionem
1249 2060 1343 2112 ejus
1378 2061 1553 2100 Divinae
1584 2061 1738 2112 gratiae

270 2131 475 2184 largitate
508 2132 749 2173 concedi.''2

356 2204 561 2245 Alterum
605 2212 766 2255 autem,
810 2208 928 2259 quod
975 2207 1179 2260 colligere
1221 2221 1279 2247 ex
1331 2207 1459 2247 dictis
1511 2207 1629 2255 libet,
1672 2213 1740 2248 est

269 2280 638 2331 pernecessariam
683 2294 787 2329 esse,
821 2280 878 2320 ad
916 2281 1130 2320 tuendum
1173 2280 1388 2320 castitatis
1429 2281 1607 2329 bonum,
1640 2294 1737 2333 per-

268 2366 425 2392 ennem
487 2355 713 2405 quandam
765 2369 816 2394 ac
868 2355 1113 2394 maximam
1164 2354 1449 2406 vigilantiam,
1509 2360 1552 2394 et
1603 2354 1737 2407 hujus

266 2426 438 2466 virtutis
479 2440 674 2467 amorem
724 2428 1090 2468 ardentissimum.
1174 2428 1245 2467 De
1285 2428 1513 2480 vigilantia
1554 2428 1735 2480 quidem

266 2499 327 2539 sic
379 2500 425 2540 B.
461 2500 697 2552 Gregorius
738 2503 782 2541 in
831 2513 861 2541 Ι.
897 2502 1033 2554 Reg:
1087 2501 1257 2542 “Caste
1292 2502 1437 2542 vivere
1473 2500 1735 2542 volentibus.

266 2580 418 2614 contra
455 2575 628 2615 fraudes
667 2575 965 2616 fornicationis
1002 2576 1179 2628 spiritus
1212 2576 1432 2616 subtiliter
1461 2575 1735 2627 vigilandum

268 2647 368 2688 est.''
432 2648 491 2688 Et
513 2649 623 2689 infra
645 2663 652 2689 :
687 2653 707 2669 “
724 2650 841 2703 Quid
866 2649 966 2698 est,''
991 2650 1144 2702 inquit,
1171 2649 1343 2690 “libido
1365 2650 1446 2689 nisi
1470 2649 1614 2702 ignis?
1676 2649 1738 2689 Et

268 2721 373 2773 quid
396 2722 452 2761 de
473 2736 614 2772 carne,
638 2729 680 2763 et
704 2730 851 2763 mente
874 2730 1043 2763 exortae
1065 2724 1259 2772 virtutes,
1284 2724 1364 2763 nisi
1394 2723 1553 2764 flores?
1615 2721 1735 2775 Quid

267 2795 372 2834 item
397 2801 546 2849 turpes
575 2798 876 2850 cogitationes,
901 2797 981 2836 nisi
1013 2796 1185 2850 paleae?
1259 2796 1371 2850 Quis
1403 2797 1536 2838 etiam
1570 2795 1736 2836 nesciat

612 2886 624 2905 ¹
650 2887 733 2918 Coll.
758 2895 806 2927 13.
828 2898 854 2918 c.
876 2887 905 2919 6.
995 2920 998 2923 ,
1086 2886 1099 2905 2
1124 2887 1211 2919 Coll.
1236 2895 1283 2918 12.
1306 2898 1332 2918 c.
1353 2897 1383 2927 4.
