1903 3197
217 169 298 214 De
318 168 632 214 immoderata
655 170 868 230 corporis
889 170 1199 232 castigatione
1220 172 1433 220 vitanda.
1496 187 1557 234 45
1571 190 1588 221 1

133 314 228 340 esse
264 301 420 348 sinunt,
452 306 496 340 et
531 299 750 340 fluxiones
782 314 834 340 ac
874 301 1040 347 ῥεύματα
1072 302 1321 356 frequenter
1357 305 1592 349 exsiccant.

134 372 316 413 Eaedem
348 380 496 413 autem
523 379 734 425 quantam
765 374 981 426 proximis
1004 375 1238 416 utilitatem
1261 378 1470 429 praebent,
1493 393 1594 420 cum

131 460 282 487 eorum
304 461 435 487 causa
464 447 784 499 suscipiantur?
846 446 921 486 An
951 461 1039 487 non
1069 448 1162 500 ejus
1190 450 1349 502 vigiliae
1379 453 1595 504 proximis

132 519 259 560 utiles
304 527 415 568 sunt,
459 521 532 572 qui
574 520 679 560 totis
720 534 839 573 saepe
881 521 1083 561 noctibus
1126 523 1346 564 ministrat
1387 527 1593 577 aegrotis?

130 594 206 634 An
238 608 325 634 non
358 595 450 646 ejus
481 594 705 645 salutares,
729 594 802 647 qui
827 595 1092 648 intempesta
1119 602 1248 637 nocte
1277 598 1593 641 decedentibus

130 668 187 708 de
227 682 407 721 corpore
447 668 603 708 animis
645 674 807 721 praesto
849 669 949 709 est?
1009 669 1085 709 An
1127 683 1215 710 non
1258 670 1351 724 ejus
1393 673 1467 724 qui
1503 674 1593 713 suis

129 742 425 782 monumentis
465 755 516 781 ac
553 742 724 795 scriptis
765 743 1012 795 posteritati
1056 744 1278 785 consulit?
1352 744 1511 797 Quare,
1543 753 1592 788 ut

129 817 419 856 dormientem
452 815 717 856 monachum
750 830 829 856 nec
861 816 942 856 sibi
974 817 1127 857 utilem
1159 831 1240 858 nec
1271 818 1377 867 aliis,
1406 819 1593 872 Deoque

129 895 348 929 mortuum
391 889 566 929 dicebat
606 903 700 929 esse
737 890 996 939 Bernardus,
1032 891 1093 930 sic
1126 891 1304 944 vigilem
1341 898 1476 945 atque
1513 907 1591 934 ex-

126 962 362 1003 cubantem
394 969 438 1003 et
469 963 550 1002 sibi
582 963 734 1003 utilem
768 969 811 1003 et
843 964 939 1003 aliis
971 964 1209 1004 salutarem
1243 972 1287 1005 et
1320 966 1418 1006 Deo
1444 967 1591 1008 vivum

126 1037 380 1076 existimare
415 1050 495 1088 par
531 1042 605 1077 est.
671 1037 901 1077 Hactenus
932 1038 988 1078 de
1020 1039 1164 1091 priore
1201 1038 1275 1078 illa
1307 1041 1485 1088 ratione,
1516 1054 1592 1081 cur

127 1109 170 1150 S.
190 1110 401 1161 Ignatius,
424 1123 522 1150 cum
555 1110 611 1149 de
639 1110 896 1162 castigando
919 1125 1100 1164 corpore
1122 1113 1393 1153 mentionem
1418 1113 1590 1163 faceret,

126 1181 328 1223 maluerit
346 1183 522 1234 jejunia,
544 1183 726 1234 vigilias,
750 1183 1012 1237 laboresque
1040 1185 1320 1237 potissimum
1351 1187 1589 1237 nominare,

124 1261 283 1296 caetera
303 1269 404 1295 vero
426 1256 670 1308 castigandi
694 1257 885 1309 corporis
908 1257 1201 1298 instrumenta
1224 1259 1401 1299 siluerit.

212 1328 420 1380 Sequitur
450 1329 543 1380 jam
579 1330 803 1381 posterior,
841 1343 940 1382 quae
976 1330 1077 1370 talis
1114 1338 1237 1382 erat;
1283 1332 1387 1384 quia
1427 1333 1589 1385 asperi-

122 1407 236 1442 tates
269 1401 365 1449 illae,
389 1415 498 1453 quas
529 1402 749 1454 praecipue
781 1403 1076 1443 nominandas
1106 1405 1290 1456 putavit,
1315 1406 1457 1457 magis
1488 1412 1591 1447 sunt

124 1475 343 1515 Institutis
366 1476 525 1515 nostris
552 1476 912 1517 accommodatae.
978 1476 1079 1516 Hoc
1106 1483 1255 1517 autem
1279 1479 1382 1517 satis
1406 1479 1589 1531 intelligi

122 1554 270 1601 potest
291 1562 348 1588 ex
372 1549 434 1596 iis,
459 1562 557 1600 quae
579 1548 793 1589 hactenus
815 1549 934 1590 dicta
955 1557 1067 1590 sunt.
1126 1550 1243 1590 Nam
1268 1564 1367 1591 cum
1393 1551 1590 1592 Instituti

124 1622 259 1662 nostri
288 1622 398 1662 ratio
427 1622 631 1674 postulet,
656 1629 704 1663 ut
732 1636 819 1663 non
852 1624 979 1663 nobis
1008 1623 1151 1663 solum
1182 1624 1311 1664 utiles
1340 1625 1487 1675 simus,
1513 1626 1591 1665 sed

125 1695 273 1735 multis
313 1695 419 1745 aliis,
462 1702 505 1735 et
547 1701 595 1736 ut
635 1696 691 1736 ad
735 1696 947 1748 majorem
995 1697 1080 1737 Dei
1123 1697 1321 1751 gloriam,
1364 1699 1591 1751 proximo-

123 1782 308 1821 rumque
339 1769 526 1809 salutem
558 1783 716 1822 corpus
747 1769 831 1809 hoc
862 1775 1075 1819 tueamur,
1099 1770 1359 1823 relinquitur
1379 1772 1588 1824 profecto,

125 1848 174 1882 ut
204 1856 256 1882 ea
287 1843 574 1894 asperitatum
607 1855 766 1894 genera
799 1843 940 1895 magis
963 1844 1050 1884 sint
1072 1843 1283 1884 institutis
1305 1845 1407 1885 vitae
1430 1851 1590 1886 nostrae

124 1915 364 1956 rationibus
405 1921 713 1965 consentanea,
755 1929 854 1968 quae
897 1930 985 1956 non
1029 1917 1164 1957 modo
1209 1918 1369 1958 nostris
1420 1919 1588 1967 animis,

122 2002 272 2028 verum
311 1989 443 2028 etiam
486 1989 767 2041 corporibus;
815 2003 895 2029 nec
936 1991 1071 2030 modo
1114 1991 1240 2031 nobis
1283 1992 1399 2044 ipsiS‚
1436 2006 1588 2033 verum

122 2063 256 2102 etiam
297 2063 516 2115 proximis
557 2062 768 2114 prodesse
808 2069 983 2115 queant.
1053 2063 1298 2105 Confirmat
1339 2065 1383 2105 id
1428 2065 1590 2107 Christi

123 2136 259 2176 nostri
294 2135 416 2175 ducis
451 2135 721 2187 exemplum,
745 2135 868 2187 cujus
902 2137 993 2176 vita
1026 2138 1170 2177 omnis
1203 2151 1302 2177 cum
1337 2138 1394 2178 ad
1431 2153 1590 2192 propa-

120 2209 313 2261 gandam
357 2208 441 2248 Dei
483 2207 681 2260 gloriam,
725 2208 1001 2262 salutemque
1052 2210 1298 2251 animarum
1349 2211 1588 2266 referretur,

119 2281 302 2330 labores,
325 2281 507 2334 vigilias,
531 2282 694 2321 famem
718 2282 800 2321 sibi
824 2281 1003 2322 ferenda
1033 2283 1317 2334 existimavit,
1340 2298 1439 2337 quae
1461 2286 1587 2326 nobis

120 2369 296 2408 quoque
328 2355 526 2408 ejusdem
561 2356 762 2396 instituta
793 2355 1078 2408 sequentibus
1109 2358 1335 2410 proposita
1363 2364 1509 2399 essent
1529 2360 1587 2400 ad

119 2429 382 2469 imitandum
405 2444 413 2479 ;
445 2434 604 2469 caetera
625 2442 728 2469 vero
751 2429 1038 2482 asperitatum
1065 2444 1236 2483 genera,
1261 2432 1380 2484 quod
1403 2432 1459 2472 ad
1483 2447 1583 2473 eum

120 2515 301 2554 scopum
334 2503 514 2542 minime
545 2507 744 2555 spectare
765 2502 1027 2552 viderentur,
1050 2504 1209 2553 omisit,
1231 2511 1308 2545 aut
1334 2511 1450 2546 certe
1471 2512 1583 2546 tarn-

118 2587 252 2627 quam
295 2588 381 2615 non
424 2576 665 2615 necessaria
714 2575 852 2616 voluit
895 2590 921 2616 a
961 2577 1094 2616 sacris
1135 2577 1351 2618 historicis
1402 2580 1581 2620 reticeri.

119 2647 303 2688 Paulum
336 2662 511 2701 quoque
543 2648 826 2701 Apostolum,
859 2650 927 2689 cui
960 2650 1078 2690 idem
1110 2652 1397 2704 propositum,
1424 2651 1579 2692 eadem

116 2735 241 2761 mens
288 2722 447 2761 divinae
499 2722 747 2774 quaerendae
798 2722 960 2775 gloriae,
1001 2729 1045 2763 et
1091 2723 1245 2764 alienae
1292 2724 1581 2777 procurandae

117 2794 270 2835 salutis
292 2795 384 2845 fuit,
409 2796 562 2836 eadem
586 2795 718 2836 etiam
739 2809 971 2849 poenarum
994 2810 1155 2850 genera
1176 2798 1360 2837 subiisse
1382 2797 1578 2850 legimus.

118 2868 304 2921 Quoties
337 2870 452 2909 enim
485 2882 663 2910 suorum
695 2868 907 2920 laborum,
931 2870 1104 2924 quoties
1130 2870 1396 2923 jejuniorum
1425 2871 1468 2912 in
1490 2871 1579 2928 suis

286 2945 354 2975 DD
389 2946 413 2975 2
