1903 3197
580 155 649 202 In
683 155 901 218 Regrulas
934 155 1196 205 Modestiae,
1527 160 1625 218 697

162 296 229 332 est
250 291 367 334 enim
397 302 497 330 eum
519 288 631 330 velle
659 289 841 342 placere.
905 289 1142 343 Propterea
1164 290 1424 340 Bernardus,
1446 302 1546 330 cum
1569 291 1626 332 de

163 365 369 418 superbia
413 363 674 404 cenodoxiae
721 369 861 404 matre
907 363 1129 416 loquitur:
1174 363 1436 413 “Inventa‚”
1473 364 1627 418 inquit,

164 440 430 480 “occasione
460 438 680 491 loquendi,
713 438 749 477 si
782 450 925 478 sermo
957 438 1013 478 de
1046 438 1202 479 litteris
1239 439 1445 488 exoritur,
1477 444 1627 480 vetera

161 513 453 567 proferuntur,
495 518 540 553 et
584 525 727 562 nova;
768 511 921 552 volant
961 512 1203 563 sententiae,
1245 519 1453 554 resonant
1492 513 1627 555 verba

162 587 445 642 ampullosa.'’

251 668 308 703 20.
343 661 390 703 Si
413 662 456 701 in
478 661 700 714 loquendo
731 659 896 701 multus
927 661 995 710 sit,
1019 667 1063 701 et
1084 661 1161 700 vix
1191 660 1399 714 loquendi
1431 662 1624 715 spatium

163 737 377 778 concedat
400 737 450 775 iis
472 735 731 789 quibuscum
754 734 956 788 loquitur.
1018 735 1238 788 Voluptas
1261 736 1377 775 enim
1399 736 1626 786 sermonis,

162 825 263 865 quae
284 825 343 851 ex
368 810 508 864 gloria
538 810 731 863 quadam
763 809 911 860 oritur,
937 809 1041 850 facit
1072 809 1195 850 illum
1226 810 1470 863 loquacem,
1492 815 1627 864 atque

162 885 407 926 verbosum.
502 884 738 937 Propterea
790 883 1006 933 Clemens,
1050 898 1210 937 supra:
1261 884 1457 937 “Neque
1508 885 1625 925 enim

162 959 337 1013 prolixe
373 971 568 1011 unquam
605 957 886 1011 loquendum,
922 971 1065 1010 neque
1095 958 1236 998 multo
1268 972 1471 999 sermone
1501 965 1627 1000 uten-

160 1033 304 1075 dum.''

251 1107 512 1156 Bernardus,
545 1106 735 1146 ibidem:
782 1105 890 1146 “De
931 1106 1154 1159 patientia,
1189 1107 1244 1147 de
1279 1106 1539 1156 humilitate,
1568 1107 1625 1148 de

163 1182 332 1223 caeteris
353 1180 586 1221 virtutibus
611 1179 866 1233 plenissime
887 1180 1110 1233 disputat3
1142 1186 1191 1220 ut
1211 1181 1246 1220 si
1269 1180 1469 1232 audieris,
1491 1181 1624 1231 dicas,

163 1269 222 1296 ex
259 1254 532 1295 abundantia
567 1253 711 1294 cordis
743 1267 792 1293 os
828 1253 1075 1306 loquitur;’'
1104 1260 1148 1294 et
1181 1254 1314 1307 paulo
1345 1261 1449 1295 ante
1482 1255 1626 1295 dixit:

162 1330 417 1370 “Praevenit
459 1329 817 1381 interrogantem,
858 1342 946 1368 non
989 1330 1203 1381 quaerenti
1244 1329 1492 1382 respondet,
1529 1330 1625 1383 ipse

161 1404 329 1457 quaerit,
363 1404 455 1456 ipse
491 1402 633 1453 solvit,
665 1409 709 1443 et
743 1402 876 1443 verba
908 1402 1186 1444 collocutoris
1222 1404 1479 1457 imperfecta
1514 1418 1626 1458 prae-

159 1476 355 1519 scindit.'’

252 1558 308 1604 30.
363 1551 410 1592 Si
462 1556 559 1591 orto
615 1550 670 1590 de
726 1556 984 1590 caeterorum
1041 1550 1244 1593 laudibus
1302 1552 1624 1606 virtutibusque

163 1640 376 1676 sermone,
409 1625 561 1666 laudes
593 1624 689 1665 illas
721 1624 953 1665 obscurare
984 1631 1191 1666 conetur:
1232 1627 1389 1667 metuit
1420 1627 1537 1667 enim
1570 1641 1627 1668 ne

161 1702 362 1742 videatur
394 1700 568 1740 inferior
599 1700 661 1749 iis,
683 1699 757 1752 qui
788 1698 1033 1739 laudantur.

254 1775 493 1816 Censorem
527 1773 661 1814 etiam
699 1786 745 1812 se
780 1772 974 1826 profiteri
1010 1773 1222 1827 cujusque
1253 1775 1356 1815 vitae
1397 1782 1473 1816 aut
1510 1776 1626 1826 artis,

166 1850 333 1890 indicat
363 1848 589 1889 hominem
620 1847 770 1900 gloriae
798 1847 1024 1887 deditum:
1056 1849 1254 1901 quisquis
1285 1849 1402 1890 enim
1425 1856 1492 1890 est
1513 1849 1625 1903 ejus-

165 1924 286 1965 modi
319 1923 413 1963 vult
453 1922 602 1963 haberi
643 1922 846 1974 prudenS‚
879 1927 923 1961 et
958 1922 1132 1975 sapiens
1172 1936 1315 1963 rerum
1357 1924 1628 1976 aestimator;

165 1998 260 2039 vult
281 1997 369 2038 acri
392 1997 527 2037 videri
554 1996 721 2049 judicio
752 2001 886 2048 atque
918 1996 1104 2049 ingenio,
1127 1997 1202 2050 qui
1230 2004 1489 2038 caeterorum
1517 1998 1626 2039 vitia

165 2078 293 2114 acute
350 2070 596 2124 perspiciat,
639 2069 942 2122 intelligatque
992 2070 1097 2123 quid
1155 2071 1199 2110 in
1250 2085 1424 2125 quaque
1474 2086 1520 2113 re
1569 2073 1628 2114 ab

167 2159 436 2199 unoquoque
471 2150 685 2198 peccetur.
763 2143 1030 2195 Plutarchus,
1064 2145 1119 2185 de
1160 2145 1226 2185 sui
1261 2145 1389 2195 laud„
1429 2145 1626 2187 “Ambi-

166 2221 325 2272 tiosis,’'
368 2220 520 2273 inquit,
566 2218 761 2259 “multas
801 2219 969 2272 praebet
1009 2220 1065 2260 ad
1110 2220 1431 2261 excurrendum
1473 2221 1517 2261 in
1559 2222 1627 2262 sui

162 2296 465 2338 laudationem
483 2294 735 2334 occasiones
748 2293 1023 2347 vituperatio,
1038 2308 1089 2335 ac
1106 2295 1385 2348 reprehensio
1402 2295 1625 2336 aliorum.’'

165 2372 227 2412 Et
258 2383 392 2411 mox:
428 2368 873 2422 “Importunissimus
911 2374 988 2418 est,
1020 2369 1094 2421 qui
1129 2369 1315 2422 gloriam
1352 2384 1410 2410 ex
1447 2368 1624 2411 alterIus

163 2446 379 2487 dedecore
409 2449 619 2495 venetur;
656 2443 818 2496 quippe
851 2443 925 2496 qui
967 2456 1025 2483 ex
1060 2442 1245 2483 aliorum
1281 2443 1412 2497 culpa
1446 2443 1625 2486 laudem

163 2521 247 2561 sibi
288 2533 484 2573 quaerere
524 2517 760 2558 videatur.''
827 2517 937 2557 Tale
978 2517 1085 2570 quid
1125 2517 1260 2558 habet
1300 2519 1625 2569 Bonaventura,

162 2595 288 2649 Spec.
309 2594 425 2634 Disc.
449 2607 488 2646 p.
506 2604 545 2643 4.
563 2607 596 2633 c.
617 2601 636 2643 5
659 2608 667 2632 ;
700 2592 959 2632 “Pessimus
987 2592 1197 2633 laudandi
1220 2594 1378 2633 modus
1407 2607 1454 2634 se
1479 2594 1623 2648 ipsum

159 2682 260 2711 cum
292 2668 476 2709 aliorum
507 2667 664 2720 injuria
694 2666 968 2719 praedicare.''

243 2749 302 2794 40.
337 2742 385 2783 Si
421 2742 477 2782 de
513 2755 560 2781 se
597 2741 774 2793 suisque
810 2740 938 2781 rebus
974 2754 1092 2794 saepe
1131 2740 1362 2794 loquatur:
1408 2741 1624 2795 philautia

161 2818 279 2859 enim
310 2816 406 2857 haec
436 2816 531 2856 sine
560 2815 713 2868 gloriae
743 2815 984 2868 cupiditate
1013 2828 1108 2855 esse
1136 2829 1225 2856 non
1253 2822 1411 2869 potest.
1471 2816 1626 2871 Atque

158 2891 261 2933 hinc
282 2892 418 2932 oritur
447 2890 635 2931 alterum
665 2889 772 2930 illud
794 2891 962 2940 vitium,
986 2890 1103 2944 quod
1133 2891 1378 2932 cavendum
1404 2905 1499 2933 esse
1520 2891 1628 2944 dixi,
