1903 3197
586 164 665 209 De
697 163 1016 211 Poem'tentz'is.
1448 181 1463 211 1
1479 181 1539 227 29

72 295 319 349 palmarum
351 296 485 335 frater
514 294 698 335 aemulus
730 295 1045 345 abscondisset,
1071 303 1118 336 ut
1145 310 1196 337 eo
1230 303 1402 350 reperto
1434 298 1536 338 furti

72 368 444 419 insimularetur31
477 370 522 417 is,
555 383 612 409 ex
651 369 832 409 ecclesia
870 369 1028 421 injuria
1059 370 1222 422 pulsus,
1262 372 1539 412 continenter

71 444 287 496 lacrymas
330 444 373 483 in
415 444 612 484 oratione
654 442 879 483 fundebat.
964 443 1071 483 Levi
1116 449 1264 483 autem
1307 445 1362 484 de
1404 457 1537 486 causa

71 531 171 557 cum
195 517 437 557 inferuntur
458 531 613 570 poenze,
633 518 876 570 praesertim
895 517 1127 570 graviores,
1148 516 1316 569 justam
1335 519 1539 559 videntur

72 590 344 643 querelarum
374 605 527 631 ansam
557 592 671 639 dare,
696 597 744 631 ut
766 591 820 631 de
850 591 901 631 iis
931 590 1157 631 monachis
1184 605 1315 643 supra
1339 591 1536 632 diximus

72 665 189 717 apud
233 664 487 712 (limacum,
537 665 610 716 qui
651 664 800 705 violati
846 665 1005 705 silentii
1049 665 1121 713 rei,
1165 678 1322 716 graves
1365 671 1534 717 septem

71 738 238 778 dierum
269 737 429 777 dedere
457 736 644 790 poenas.²
706 739 942 792 “Correpti
977 744 1124 778 autem
1155 736 1318 787 mens,”
1350 743 1398 778 ut
1429 738 1537 779 Gre-

69 812 215 863 gorius
237 811 309 859 ait,
336 812 427 851 “ad
454 812 604 852 odium
633 819 811 866 repente
843 813 1020 866 proruit,
1046 813 1080 852 si
1103 811 1216 852 hanc
1239 812 1536 853 immoderata

69 885 319 937 increpatio,
337 885 434 937 plus
452 899 583 938 quam
607 886 769 935 debuit,
790 885 1010 927 addicit.''3
1044 887 1164 939 Ergo
1181 885 1250 925 hic
1269 886 1532 938 patientiam

67 965 214 998 tenere
256 965 300 999 et
335 959 415 998 sibi
454 960 535 1012 ipsi
573 961 796 1013 imperare,
836 975 1009 1014 magnae
1053 960 1226 1000 virtutis
1271 965 1348 1008 est,
1385 960 1534 1012 magni

68 1032 220 1072 meriti.
304 1033 453 1072 Poenae
496 1047 599 1073 vero
651 1034 763 1074 ultro
816 1041 1031 1088 suscepta?
1084 1047 1311 1086 nunquam
1364 1033 1532 1085 injuria,

68 1118 293 1157 nunquam
337 1107 429 1145 sine
480 1121 611 1147 causa
664 1108 967 1160 suscipiuntur.
1052 1108 1197 1148 Nemo
1241 1107 1357 1146 enim
1402 1108 1445 1146 in
1488 1121 1534 1148 se

67 1179 253 1231 injustus
295 1186 371 1227 est,
416 1186 458 1220 et
491 1181 654 1220 volenti
701 1181 819 1221 nulla
862 1182 911 1222 fit
954 1182 1121 1234 injuria,
1166 1181 1292 1222 abest
1335 1181 1467 1233 igitur
1509 1194 1534 1221 a

68 1253 226 1292 nostris
277 1253 419 1305 poenis
471 1253 553 1293 hoc
606 1254 801 1299 arduum.
845 1261 889 1295 et
940 1255 1023 1295 hoc
1076 1255 1262 1304 difficile,
1307 1268 1393 1306 quo
1436 1255 1533 1307 quis

66 1325 242 1377 angitur
263 1325 420 1377 injuria
452 1332 494 1366 et
527 1327 745 1368 immerito
777 1342 823 1367 se
854 1342 1010 1381 poenas
1043 1329 1157 1368 dare.

150 1405 208 1449 40.
253 1399 358 1439 Alia
409 1414 508 1452 quze
560 1402 696 1441 oritur
738 1403 779 1441 in
833 1402 1072 1442 subeundis
1124 1401 1267 1454 pcenis
1312 1401 1530 1453 impositis

71 1472 314 1522 difficultas,
345 1481 410 1514 est
451 1488 681 1527 poenarum
725 1476 930 1524 delectus,
968 1477 1040 1528 qui
1079 1489 1104 1515 a
1143 1474 1408 1528 Praepositis,
1445 1487 1532 1514 non

65 1546 121 1587 ab
164 1547 213 1586 iis
263 1548 336 1599 qui
380 1561 452 1587 eas
493 1548 692 1601 pendunt
745 1557 787 1590 et
829 1550 1094 1603 persolvunt,
1133 1548 1332 1588 habetur.
1415 1547 1533 1587 Nam

64 1633 164 1660 cum
198 1634 353 1674 poenas
391 1623 517 1662 nobis
554 1623 635 1676 ipsi
673 1623 964 1677 deposcimus,
993 1637 1111 1676 szepe
1148 1623 1275 1662 nobis
1312 1621 1533 1674 parcimus

64 1700 108 1734 et
150 1695 427 1747 ignoscimus,
477 1711 637 1749 easque
681 1697 914 1750 deligimus
967 1698 1054 1737 fere
1098 1711 1196 1749 quae
1249 1695 1375 1735 nobis
1428 1695 1533 1748 ipsis

64 1767 248 1820 placent.
313 1768 560 1821 Omnisque
594 1785 743 1810 earum
782 1772 1027 1811 moderatio
1060 1785 1110 1810 ac
1143 1769 1364 1821 mitigatio
1397 1781 1533 1820 penes

64 1855 144 1881 nos
181 1842 298 1894 ipsos
333 1848 408 1882 est.
472 1843 537 1883 At
571 1858 669 1883 cum
706 1859 778 1884 eas
817 1845 944 1885 nobis
987 1843 1255 1896 Praepositus
1289 1847 1332 1881 et
1369 1842 1535 1881 Rector

65 1915 264 1968 imponit,
307 1929 442 1968 penes
494 1916 615 1956 illum
670 1923 735 1957 est
784 1924 878 1957 tum
923 1918 1183 1970 magnitudo
1234 1929 1392 1968 poenae,
1437 1920 1532 1954 tum

63 2002 201 2041 genus
222 2003 229 2038 3
264 2003 399 2041 penes
423 1990 565 2042 ipsum
589 2000 764 2042 quoque
788 1992 1095 2043 opportunitas
1119 1992 1195 2030 a'ut
1217 1989 1532 2042 importunitas

64 2062 330 2115 imponendi,
369 2076 573 2115 szepeque
611 2064 809 2116 imponet
846 2078 945 2104 cum
985 2064 1166 2103 minime
1204 2063 1353 2103 animo
1390 2063 1533 2114 parati

64 2148 225 2183 sumus,
270 2135 386 2187 quod
441 2136 481 2175 in
528 2138 686 2176 nostris
733 2150 819 2177 non
868 2137 1028 2177 accidit
1070 2136 1224 2190 poenis.
1310 2135 1424 2175 Haec
1466 2140 1534 2175 est

66 2223 198 2249 causa
221 2222 365 2261 quare,
389 2223 487 2249 cum
511 2211 659 2250 mitius
682 2225 812 2264 agere
834 2225 933 2251 cum
956 2210 1211 2251 hominibus
1232 2208 1372 2250 voluit
1395 2209 1530 2257 Deus,

64 2297 139 2323 eos
162 2282 381 2322 interdum
405 2284 459 2323 ad
485 2285 783 2337 suscipiendas
806 2300 883 2325 sua
905 2285 1134 2326 voluntate
1156 2297 1324 2338 poenas,
1350 2297 1404 2322 ne
1428 2283 1534 2336 Ipse

67 2371 166 2397 cum
210 2357 376 2397 foenore
418 2358 695 2411 majoresque
747 2365 975 2412 cogeretur
1025 2359 1232 2411 infligere,
1277 2356 1532 2397 cohortatus

65 2434 140 2469 est.
217 2430 290 2471 Sic
325 2431 555 2482 Ninivitas,
580 2432 777 2485 legimus,
808 2434 863 2473 ad
898 2433 1258 2485 praedicationem
1290 2431 1417 2483 Jonae
1454 2445 1534 2471 sua

64 2508 221 2554 sponte
262 2505 318 2544 ad
361 2504 525 2545 luctum
565 2511 608 2546 et
644 2507 954 2559 poenitentiam
992 2507 1125 2547 fuisse
1162 2519 1408 2555 conversos,
1441 2516 1532 2557 qua

64 2581 293 2628 perspecta
337 2578 578 2619 Dominum
623 2580 888 2621 continuisse
929 2581 1051 2629 iram,
1096 2594 1151 2620 ne
1205 2580 1402 2620 acerbius
1457 2591 1533 2617 eos

62 2647 303 2701 plecteret.4
366 2651 477 2692 Cum
532 2654 678 2694 David
730 2668 918 2707 quoque,
967 2655 1040 2707 qui
1093 2661 1258 2695 temere
1315 2651 1528 2706 populum

62 2729 323 2773 numeraret,
355 2732 402 2765 ut
434 2727 583 2767 mitius
616 2735 777 2781 ageret,
810 2729 1037 2782 optionem
1070 2729 1108 2768 ei
1144 2727 1266 2768 dedit
1297 2729 1530 2779 poenarum

173 2834 184 2854 1
210 2837 294 2869 Coll.
319 2838 367 2870 18.
388 2850 413 2871 c.
440 2846 486 2880 15.
607 2840 620 2859 2
644 2842 744 2874 Grad.
765 2853 798 2883 4.
920 2842 934 2862 ³
959 2845 1040 2885 Reg.
1062 2848 1184 2885 pastor.
1206 2853 1237 2883 p.
1260 2850 1288 2874 2.
1311 2852 1336 2872 c.
1364 2848 1412 2872 10.

701 2894 714 2912 ⁴
734 2895 838 2935 Jonas
863 2902 892 2935 3.

230 2949 250 2989 J
