1903 3197
264 185 354 227 262
588 180 668 226 De
699 179 891 226 ratione
923 179 1115 226 vivendi
1149 179 1407 226 Socz‘etatzk.

266 311 495 352 reflectant
528 316 715 364 oportet,
739 317 787 351 ut
822 311 865 350 in
898 318 1122 364 posterum
1153 325 1251 363 quae
1286 311 1477 363 gerenda
1505 316 1606 350 sunt
1633 311 1726 350 sine

263 399 405 426 errore
449 399 499 425 ac
541 384 722 424 feliciter
762 391 925 437 gerant.
1002 385 1066 426 Ut
1101 386 1155 424 de
1197 384 1372 436 regibus
1408 384 1723 437 AEgyptiorum

262 459 399 499 tradit
427 457 638 508 Aristeas,
671 471 839 498 morem
870 458 1042 499 illorum
1078 459 1252 510 Regum
1286 457 1419 497 fuisse
1450 463 1498 497 ut
1529 471 1586 497 ex
1617 456 1726 498 hora

264 531 337 572 illa
393 532 492 581 diei,
543 545 629 585 qua
683 545 892 585 responsa
944 531 1126 571 reddere
1180 531 1427 583 coepissent,
1480 544 1617 582 usque
1666 530 1723 570 ad

263 605 453 646 cubandi
510 611 697 659 tempus,
754 606 926 659 singula
986 606 1180 658 ipsorum
1233 604 1361 653 dicta,
1417 609 1552 656 gesta,
1609 604 1726 644 facta

264 679 461 731 quotidie
503 678 638 719 literis
685 680 1033 729 mandarentur,
1081 685 1139 728 ut,
1182 691 1280 718 cum
1319 677 1472 730 prioris
1510 677 1595 717 diei
1639 690 1725 718 res-

262 765 404 804 ponsa
455 758 499 792 et
548 759 647 793 acta
698 753 1027 805 relegerentur„
1050 753 1085 792 si
1137 752 1244 804 quid
1297 752 1440 792 minus
1491 751 1725 792 commode

262 831 438 879 gestum
461 831 585 875 esset,
609 826 916 866 emendaretur
945 832 988 866 et
1020 823 1333 877 corrigeretur.1
1396 824 1544 878 Quare
1572 838 1724 865 omnes

263 898 465 939 homines
497 899 570 951 qui
602 899 729 939 alicui
762 899 883 952 operi
915 900 1140 952 praepositi
1172 906 1284 949 sunt,
1308 900 1403 952 ipsa
1425 899 1535 940 duce
1557 906 1724 949 natura,

265 985 364 1012 cum
396 972 501 1024 quid
531 971 799 1012 absolverint
830 978 873 1013 et
901 973 958 1013 ad
988 973 1159 1013 exitum
1190 973 1487 1025 perduxerint,
1516 974 1571 1013 ad
1604 974 1648 1013 id
1680 987 1728 1014 se

262 1045 454 1086 referunt
476 1045 756 1098 inspicientes
785 1046 820 1085 si
843 1045 948 1098 quid
976 1046 1019 1086 in
1049 1060 1101 1086 eo
1124 1046 1444 1099 corrigendum,
1468 1045 1725 1097 tollendum,

264 1118 539 1167 mutandum,
578 1119 833 1159 addendum
865 1118 1092 1170 videatur;
1131 1125 1175 1159 et
1207 1133 1295 1172 quo
1327 1120 1512 1160 acriores
1550 1133 1727 1160 suorum

262 1204 445 1243 operum
476 1205 680 1232 censores
712 1206 761 1233 ac
789 1192 960 1245 judices
992 1193 1162 1243 fuerint,
1193 1207 1245 1233 eo
1282 1193 1363 1246 ipsi
1401 1193 1727 1246 praestantiores

264 1265 463 1318 quotidie
495 1266 538 1305 in
570 1272 663 1307 arte
696 1272 740 1306 et
773 1266 974 1307 meliores
1006 1267 1209 1308 evadunt.

353 1338 455 1391 Qua
489 1340 533 1379 in
567 1353 611 1380 re
644 1340 810 1380 similes
841 1347 942 1381 sunt
973 1341 1070 1381 Deo
1103 1340 1301 1393 OptImo,
1326 1340 1530 1380 Maximo
1561 1341 1727 1381 auctori

266 1418 446 1463 naturae‚
476 1412 551 1466 qui
594 1413 636 1453 in
678 1414 868 1454 creando
910 1414 1231 1467 condendoque
1273 1415 1439 1454 mundo
1473 1428 1572 1454 cum
1610 1414 1729 1466 quod

266 1485 513 1526 absolveret
549 1500 599 1526 ac
641 1487 879 1539 perficeret,
908 1487 1070 1527 vidisse
1107 1487 1265 1528 dicitur
1301 1487 1419 1540 quod
1462 1485 1732 1540 perfecerat.2

267 1558 398 1607 Nam,
442 1572 541 1599 cum
585 1559 758 1600 fecisset
795 1560 949 1608 lucem,
982 1561 1093 1600 vidit
1130 1561 1271 1600 lucem
1304 1560 1422 1612 quod
1457 1567 1571 1600 esset
1601 1561 1719 1600 bona

267 1638 312 1673 et
358 1632 505 1673 divisit
555 1631 697 1673 lucem
745 1647 770 1673 a
821 1633 1047 1682 tenebris;
1100 1639 1143 1673 ct
1189 1646 1287 1673 cum
1337 1633 1510 1674 fecisset
1555 1639 1730 1684 terram,

267 1705 379 1745 vidit
431 1706 554 1745 Deus
606 1706 724 1759 quod
778 1713 891 1747 esset
942 1707 1070 1756 bona,
1113 1713 1157 1747 et
1208 1708 1297 1747 ait:
1351 1706 1578 1747 Germinet
1617 1713 1733 1747 terra

264 1777 447 1818 herbam
499 1779 723 1820 virentem.
817 1780 1022 1832 Denique
1073 1781 1184 1820 vidit
1240 1781 1363 1820 Deus
1424 1786 1582 1821 cuncta
1632 1794 1731 1833 quae

266 1851 439 1901 fecerat,
464 1858 508 1892 et
542 1858 666 1892 erant
696 1852 825 1892 valde
857 1853 983 1893 bona.
1048 1852 1168 1905 Quid
1200 1860 1265 1894 est
1299 1854 1414 1893 enim
1445 1855 1564 1906 quod
1596 1855 1730 1903 Deus,

263 1939 365 1966 cum
407 1925 526 1978 quod
566 1925 659 1977 jam
703 1925 887 1976 fecisset,
926 1926 1089 1966 factum
1127 1927 1275 1967 videre
1316 1927 1534 1967 voluerit?
1608 1928 1729 1967 Num

266 2004 315 2039 ut
355 1998 522 2051 aliquid
565 1999 799 2052 corrigeret
840 2005 884 2039 et
926 2000 1192 2048 emendaret,
1237 2006 1315 2040 aut
1356 2006 1404 2040 ut
1445 2015 1524 2041 sua
1565 2014 1731 2053 expen-

266 2071 391 2112 deret
422 2084 556 2125 opera
587 2086 637 2112 ac
670 2072 960 2124 dijudicaret?
1023 2073 1206 2114 Minime
1239 2074 1281 2113 id
1315 2073 1505 2126 quidem,
1536 2073 1580 2113 id
1613 2074 1728 2114 enim

266 2159 352 2186 non
393 2146 652 2198 ignorabat;
695 2146 961 2198 sciebatque,
993 2147 1125 2186 etiam
1161 2148 1195 2186 si
1234 2160 1320 2187 non
1355 2148 1534 2197 videret,
1563 2147 1728 2187 bonum

267 2233 362 2259 esse
396 2219 515 2271 quod
551 2219 723 2267 fecerat,
759 2225 999 2271 antequam
1034 2220 1207 2260 faceret.
1286 2220 1376 2261 Cur
1409 2221 1540 2273 igitur
1572 2221 1731 2261 dicitur

264 2291 426 2332 vidisse
458 2291 576 2343 quod
610 2291 783 2340 fecerat,
816 2305 896 2332 nec
933 2293 1053 2344 prius
1089 2292 1145 2332 ad
1179 2292 1297 2332 aliud
1336 2307 1446 2346 opus
1480 2294 1729 2334 admovisse

266 2377 434 2412 manus,
454 2377 587 2416 quam
617 2364 888 2417 praeteritum
915 2365 1193 2417 aspexisset?
1256 2366 1429 2419 Nempe
1452 2367 1555 2418 quia
1577 2372 1730 2407 auctor

267 2442 434 2477 naturae
472 2436 625 2489 incipit
658 2437 714 2477 ab
748 2437 1032 2490 imperfecto;
1070 2445 1164 2478 tum
1197 2439 1328 2478 etiam
1365 2444 1413 2478 ut
1449 2453 1539 2487 nos,
1563 2440 1637 2491 qui
1672 2439 1728 2480 ad

267 2509 360 2561 ejus
394 2510 631 2562 imaginem
667 2524 717 2550 ac
749 2511 1082 2552 similitudinem
1117 2513 1330 2564 procreati
1363 2525 1524 2560 sumus,
1553 2512 1730 2553 doceret

268 2581 601 2634 quodammodo
630 2589 763 2635 atque
793 2584 993 2633 erudiret,
1017 2591 1064 2624 ut
1092 2598 1170 2636 per
1201 2585 1414 2625 rationem
1447 2590 1491 2625 et
1520 2591 1728 2633 mentem,

267 2669 354 2708 qua
376 2656 413 2695 ei
437 2656 599 2696 similes
622 2670 783 2705 sumus,
807 2657 1130 2697 reflecteremus
1153 2657 1302 2697 oculos
1325 2658 1379 2698 ad
1412 2672 1545 2711 opera
1567 2664 1727 2708 nostra,

267 2741 417 2768 eorum
450 2729 717 2782 corrigentes
750 2735 901 2779 errata,
933 2744 1031 2782 quae
1065 2731 1244 2782 quidem
1277 2731 1465 2783 plurima
1499 2731 1588 2771 fere
1622 2731 1728 2771 inci-

265 2800 389 2842 dunt

427 2889 440 2908 ¹
465 2891 518 2922 De
543 2897 593 2930 72.
615 2891 738 2933 Interp.
760 2892 802 2922 ad
827 2892 950 2923 Philoc.
974 2892 1058 2923 Bibl.
1082 2893 1142 2924 SS.
1165 2893 1235 2925 Par.
1394 2891 1407 2910 2
1431 2892 1513 2924 Gen.
1538 2901 1563 2924 1.
