1903 3197
276 158 375 209 400
602 146 681 192 De
713 144 903 190 ratione
935 140 1130 188 vivendi
1162 138 1423 186 societatis.

273 283 395 323 tione
436 278 741 332 suscipiuntur,
783 290 842 316 ex
889 289 941 316 eo
983 275 1200 315 bonorum
1244 283 1413 324 genere,
1457 281 1557 321 quae
1600 266 1743 307 occul—

274 355 413 397 tanda
444 360 488 394 et
518 352 711 405 tegenda
742 365 835 391 esse
867 350 998 390 docet
1030 349 1076 388 B.
1097 348 1406 387 Bonaventura
1425 340 1455 383 :1
1487 354 1647 394 nempe
1679 353 1741 388 ea,

276 443 376 483 quae
394 427 658 481 singularem
681 425 807 465 nobis
829 423 1017 472 laudem,
1033 422 1068 462 si
1091 421 1343 466 resciantur,
1362 418 1517 457 afferre
1540 419 1746 468 possunt;

276 505 389 543 inter
410 515 509 555 quae
541 506 744 541 numerat
775 497 1074 546 abstinentias,
1096 494 1268 546 vigilias
1302 498 1346 532 et
1379 491 1423 531 id
1456 503 1594 543 genus
1626 489 1743 528 alias.

279 576 638 630 Reprehensione
661 574 792 626 igitur
813 587 864 613 ac
884 569 1205 624 vituperatione
1228 566 1351 618 digni
1375 570 1487 613 sunt,
1511 564 1584 616 qui
1607 561 1746 615 poeni-

278 652 439 691 tentias
461 663 560 690 suas
590 649 645 688 ab
675 647 769 688 aliis
791 647 888 686 sciri
911 644 1037 685 facile
1067 643 1303 696 patiuntur.
1366 639 1433 678 At
1467 638 1509 679 S.
1535 636 1749 689 Ignatius,

278 737 378 764 cum
415 722 693 764 Confessario
725 721 870 772 detegi
899 719 1036 770 jubet,
1071 715 1280 769 supponit
1314 713 1407 765 jam
1443 725 1515 751 eas
1553 709 1748 750 studiose

279 800 369 852 tegi
393 812 443 838 ac
466 796 594 838 celari
617 794 821 836 omnibus
844 797 1057 844 oportere.

371 870 589 919 Secundo,
638 863 994 912 “Confessario,’'
1055 862 1206 914 inquit,
1255 866 1304 900 ut
1349 858 1567 912 significet
1613 868 1746 909 quam

281 946 478 987 studiose
519 942 722 995 ‘tegendae
764 941 861 988 sint,
899 935 1262 990 quandoquidem
1316 932 1595 974 Confessario
1648 935 1750 970 sunt

282 1017 554 1070 detegendae,
608 1015 813 1055 nimirum
865 1013 914 1060 ei,
969 1010 1036 1052 cui
1094 1014 1276 1062 peccata
1326 1005 1640 1059 patefacimus:
1702 1008 1751 1043 ut

282 1091 581 1143 intelligamus
603 1102 691 1128 non
724 1087 889 1127 minore
921 1084 1089 1137 pudore
1121 1096 1171 1122 ac
1202 1080 1465 1121 verecundia
1499 1077 1625 1117 nobis
1657 1090 1750 1116 esse

280 1165 576 1219 poenitentias,
601 1175 734 1215 quam
757 1165 939 1213 peccata
968 1159 1061 1210 ipsa
1090 1155 1337 1209 pandenda.
1402 1153 1502 1193 Hoc
1528 1150 1753 1191 humilitas

281 1237 487 1293 postulat,
522 1237 605 1277 hoc
639 1235 841 1287 religiosa
871 1232 1113 1273 modestia:
1151 1229 1270 1282 quod
1304 1229 1358 1268 ab
1394 1228 1489 1280 ipso
1526 1227 1568 1266 P.
1604 1231 1752 1265 nostro

283 1313 461 1366 Ignatio
508 1310 740 1363 diligenter
780 1306 978 1360 usurpari
1020 1304 1198 1345 solitum
1235 1302 1497 1354 accepimus,
1536 1300 1591 1339 de
1629 1298 1752 1350 cujus

283 1386 517 1427 sanctitate
553 1398 604 1424 ac
644 1384 806 1423 virtute
847 1380 987 1421 multo
1028 1379 1154 1432 plura
1199 1377 1297 1418 sciri
1343 1375 1435 1428 jam
1484 1379 1676 1427 possent,
1718 1373 1753 1412 si

286 1459 600 1507 Confessarius,
638 1457 693 1496 de
727 1456 840 1495 illius
873 1466 1098 1501 consensu,
1137 1452 1205 1492 cui
1247 1450 1313 1490 sui
1360 1449 1548 1502 pectoris
1591 1460 1751 1487 arcana

287 1533 505 1581 credebat,
539 1537 583 1571 et
614 1530 737 1582 cujus
770 1530 1008 1569 dumtaxat
1040 1526 1154 1576 fidei,
1177 1531 1389 1576 tanquam
1422 1535 1556 1562 sacrae
1585 1520 1754 1560 confes-

288 1607 422 1648 sionis
454 1606 687 1658 obsignata
718 1603 872 1656 sigillo,
905 1603 1022 1642 bona
1066 1614 1144 1640 sua
1180 1597 1498 1645 committebat,
1532 1595 1624 1647 ejus
1655 1595 1757 1634 vitae

288 1687 508 1733 superstes
560 1679 722 1719 fuisset.
815 1677 1007 1716 Necesse
1059 1680 1125 1714 est
1176 1673 1318 1725 igitur,
1372 1676 1422 1710 ut
1473 1683 1561 1721 quo
1612 1668 1758 1708 studio

290 1760 473 1808 peccata
505 1754 600 1806 ipsa
634 1751 838 1799 celamus,
863 1763 961 1802 quae
994 1748 1069 1787 uni
1101 1748 1340 1787 dumtaxat
1371 1749 1522 1796 aperta
1546 1742 1761 1790 volumus,

291 1828 447 1869 eodem
475 1828 608 1867 etiam
631 1824 926 1878 poenitentiaS,
951 1828 995 1862 et
1027 1820 1235 1874 quicquid
1258 1819 1435 1859 laudem
1459 1817 1585 1857 nobis
1607 1815 1760 1856 afferre

290 1908 449 1956 potest,
503 1899 785 1947 occultemus,
836 1903 879 1937 et
928 1896 1002 1936 uni
1050 1900 1224 1935 tantum
1260 1891 1539 1933 Confessario
1588 1888 1762 1930 detecta

290 1976 486 2017 velimus.

377 2049 541 2096 Tertio,
566 2050 587 2066 “
602 2045 710 2086 suo”
734 2045 859 2086 addit
887 2042 1167 2090 Constitutio‚
1191 2053 1280 2081 non
1303 2039 1426 2079 alteri
1456 2036 1733 2078 Confessario
1753 2048 1761 2074 :

290 2124 395 2176 quia
416 2123 604 2162 usitatus
629 2119 942 2167 Confessarius,
966 2116 1035 2157 cui
1057 2128 1184 2156 suum
1212 2114 1396 2167 quisque
1418 2117 1571 2164 pectus
1594 2108 1762 2162 aperire

292 2197 446 2236 solitus
483 2200 559 2244 est,
598 2193 755 2233 melius
792 2206 842 2232 ac
888 2189 1147 2244 prudentius
1193 2192 1341 2240 potest
1388 2185 1443 2225 de
1489 2183 1764 2237 poenitentiae

292 2270 427 2310 modo
474 2282 524 2308 ac
573 2266 879 2320 magnitudine
921 2264 1130 2316 judicare.
1209 2259 1475 2301 Poenitentia
1512 2259 1627 2298 enim
1667 2270 1767 2297 curn

292 2343 431 2384 tribus
463 2342 519 2381 de
551 2341 691 2382 causis
721 2339 809 2379 fere
838 2338 1110 2390 suscipiatur,
1134 2340 1182 2375 ut
1211 2335 1341 2374 docet
1370 2334 1414 2373 in
1445 2331 1767 2372 Additionibus

292 2417 336 2458 P.
378 2416 590 2469 Ignatius,
623 2414 707 2454 hoc
744 2411 841 2461 est?
871 2411 940 2451 vel
971 2410 1028 2450 ad
1061 2408 1419 2449 satisfaciendum
1451 2420 1531 2459 pro
1563 2405 1767 2458 peccatis,

293 2491 363 2532 vel
398 2491 454 2531 ad
491 2488 756 2530 vincendum
805 2498 981 2526 sensum
1025 2489 1284 2536 partemque
1327 2480 1460 2521 animi
1508 2479 1767 2526 inferiorem,

294 2564 365 2606 vel
421 2563 611 2615 denique
663 2562 719 2602 ad
772 2557 1099 2612 impetrandum
1155 2555 1334 2608 aliquod
1396 2554 1556 2594 divinae
1615 2551 1769 2605 gratiae

294 2639 494 2687 donum;
545 2636 641 2676 haec
673 2635 759 2675 tria
795 2646 883 2673 non
922 2631 1126 2671 sacerdos
1162 2629 1357 2682 quilibet,
1394 2626 1771 2677 confessariusque

295 2712 454 2753 rescire
487 2710 633 2760 debet,
665 2708 742 2749 sed
780 2708 815 2747 is
849 2707 917 2746 cui
949 2711 1093 2745 totum
1128 2709 1282 2757 pectus
1316 2692 1514 2742 nostrum
1550 2699 1770 2753 aperimus

582 2822 595 2842 ²
619 2823 695 2854 Lib.
715 2822 757 2853 de
782 2819 1029 2852 Reformatione
1047 2818 1181 2856 Mentis,
1201 2827 1233 2858 p.
1254 2816 1273 2847 l.
1297 2827 1323 2847 c.
1348 2821 1397 2856 15.
1422 2814 1469 2846 16.

711 2873 725 2891 ²
749 2873 837 2904 Add.
859 2872 902 2903 X.
924 2871 980 2902 Ad
1004 2871 1101 2901 Exer.
1121 2868 1238 2900 melius
1261 2876 1372 2908 perag.
