1903 3197
621 155 699 200 De
731 154 784 199 E
780 172 845 199 xa
850 171 894 199 772
899 155 950 200 2'72
954 172 984 202 e.
1433 171 1454 200 2
1464 160 1490 201 6
1499 172 1526 212 9

75 300 174 338 quae
206 300 283 339 per
311 287 683 338 comparationem
715 286 922 337 praeteriti
955 287 1164 337 temporis
1192 287 1449 336 adhibetur;
1485 287 1527 326 id

75 360 193 412 quod
218 362 259 399 in
284 360 516 400 Exercitiis
539 359 737 411 praecipit
760 359 888 397 Pater
909 364 1065 405 noster,
1084 372 1182 398 cum
1206 360 1259 398 ad
1279 359 1525 400 celeriorem

75 434 263 486 cujusvis
313 434 405 473 vitii
457 432 795 485 extirpationem
848 432 1042 483 suggerit
1092 432 1355 482 adjumenta.
1456 434 1525 471 Ex

75 507 324 559 cognitione
365 512 513 546 autem
555 506 618 545 sui
661 505 794 557 ipsius
836 504 1034 556 plurima,
1072 510 1119 543 ut
1156 504 1260 549 dixi,
1294 507 1527 546 commoda

75 580 131 620 ad
174 581 367 619 animum
411 579 600 618 redeunt.
689 584 740 618 10.
787 578 979 629 Quidem
1021 577 1213 628 cognitio
1266 577 1349 615 Dei
1398 578 1529 628 juxta

74 653 312 704 Augustini
335 652 520 691 dictum:
555 651 761 690 Noverim
785 656 839 697 te,
860 651 1053 689 noverim
1077 663 1168 693 me:
1191 650 1309 701 quod
1333 650 1527 701 pluribus

75 720 266 765 ostendit
291 726 458 764 Doctor
478 724 670 775 Joannes
692 722 852 763 Avila.1
898 729 952 761 20.
979 723 1054 763 Sui
1080 723 1213 775 ipsius
1236 729 1525 775 contemptus.

78 805 132 849 30.
160 797 494 838 Commiseratio
516 803 559 836 et
588 796 865 836 condolentia
897 797 939 834 in
972 796 1123 835 alicnis
1155 796 1315 835 erratis.
1377 801 1434 846 40.
1461 796 1530 836 Ac

73 872 273 922 denique,
312 870 450 910 multa
486 870 581 918 alia,
616 883 714 921 quae
752 875 793 909 et
826 883 1079 908 enumerare
1112 869 1292 921 longum
1326 876 1450 917 esset,
1485 876 1529 911 ct

75 944 130 984 ab
162 944 293 983 Avila
325 945 413 996 peti
446 949 637 995 possunt.

159 1018 327 1069 Quinta
359 1016 520 1056 utilitas
553 1023 618 1055 est
650 1029 821 1067 semper
854 1029 947 1054 esse
988 1021 1188 1067 paratum
1231 1016 1286 1054 ad
1330 1022 1526 1063 mortem,

73 1091 431 1141 reddendamque
460 1090 684 1129 rationem.
750 1089 812 1129 Ut
834 1089 934 1127 boni
958 1088 1277 1140 diligentesque
1300 1089 1528 1129 ratiocina—

72 1172 198 1212 tores,
238 1164 322 1216 qui,
366 1163 659 1202 subducendis
696 1163 890 1214 quotidie
933 1163 1181 1209 rationibus,
1225 1175 1397 1214 semper
1428 1169 1528 1203 sunt

74 1239 212 1291 parati
245 1238 300 1276 ad
333 1250 406 1276 eas
439 1235 682 1275 reddendas
715 1236 902 1274 dominis
935 1236 1034 1282 suis,
1073 1248 1213 1286 neque
1247 1241 1448 1275 metuunt
1485 1236 1527 1275 in

72 1312 282 1364 judicium
305 1309 462 1357 venire,
485 1309 693 1360 quoniam
726 1309 790 1347 sui
825 1309 1016 1359 ipsorum
1040 1307 1208 1359 judices
1227 1308 1319 1358 jam
1343 1307 1527 1356 fuerunt,

77 1392 119 1426 et
155 1386 189 1424 si
228 1385 331 1436 quid
371 1388 572 1435 sumptus
610 1381 753 1420 minus
791 1381 1017 1419 necessarii
1052 1380 1216 1419 factum
1255 1386 1329 1428 est,
1360 1380 1451 1431 jam
1488 1382 1529 1420 in

75 1458 246 1499 tabulas
278 1456 525 1504 retulerunt,
550 1462 593 1495 et
615 1468 692 1494 suo
725 1453 1013 1505 chirographo
1035 1452 1220 1492 confessi
1253 1459 1363 1492 sunt.
1430 1453 1530 1493 Hoc

75 1532 167 1573 vult
199 1532 316 1583 quod
350 1530 533 1570 dicitur:
573 1528 731 1568 “Ante
759 1527 969 1579 judicium
1004 1528 1223 1578 interroga
1255 1526 1456 1578 teipsum,
1488 1533 1532 1567 et

78 1608 120 1645 in
153 1610 387 1657 conspectu
423 1603 505 1642 Dei
538 1601 729 1641 invenies
761 1597 1178 1652 p1·0pitiationem.'’2
1226 1598 1376 1638 Graece
1409 1606 1474 1640 est
1504 1602 1534 1636 ἐν

81 1673 151 1726 ὥρα
188 1679 387 1724 ἐπισκοπῆς,
421 1676 464 1715 id
497 1681 562 1715 est
604 1675 646 1714 in
688 1673 795 1713 hora
825 1673 1085 1713 visitationis
1117 1677 1161 1711 et
1202 1672 1364 1711 mortis.
1430 1673 1531 1712 Hoc

78 1753 281 1792 nimirum
314 1756 379 1789 est
411 1750 527 1801 quod
562 1749 667 1788 dicit
700 1747 859 1787 Paulus
893 1746 948 1786 ad
988 1745 1263 1786 Corinthios:
1309 1746 1397 1786 “Si
1433 1759 1531 1785 nos-

76 1826 286 1877 metipsos
307 1823 656 1875 dijudicaremus,
680 1834 767 1859 non
790 1820 939 1871 utique
967 1816 1320 1870 judicaremur.’'3
1380 1818 1532 1870 Atque

78 1900 120 1938 in
143 1898 254 1937 hanc
276 1895 551 1943 sententiam,
575 1894 621 1933 B.
641 1892 876 1944 Gregorius
905 1893 1214 1943 interpretatur
1242 1890 1347 1930 illud
1375 1891 1532 1942 Job.—

80 1970 310 2023 “Judicare
333 1981 478 2008 coram
502 1967 587 2015 illo,
611 1972 655 2006 et
677 1971 865 2018 expecta
887 1963 1041 2004 eum.'’4
1089 1963 1278 2003 “Coram
1302 1963 1532 2013 Domino,’'

78 2045 228 2097 inquit,
262 2042 522 2094 “judicatum
547 2040 620 2092 qui
650 2039 779 2079 corde
810 2038 1050 2078 Dominum
1084 2037 1310 2089 conspicit,
1333 2042 1376 2076 et
1407 2042 1531 2078 actus

84 2131 195 2166 suos,
236 2116 317 2156 sub
364 2115 457 2166 ejus
502 2113 744 2166 praesentia,
782 2111 952 2151 solicita
993 2109 1271 2162 inquisitione
1316 2109 1532 2150 discernit.

83 2191 227 2243 Quem
255 2195 380 2230 tanto
403 2188 499 2240 quis
529 2187 718 2227 securius
748 2189 967 2238 expectat,
991 2189 1158 2235 quanto
1180 2183 1377 2234 quotidie
1398 2183 1534 2222 vitam

80 2278 202 2305 suam
236 2268 461 2316 suspectus
494 2260 730 2301 examinat.
804 2258 890 2310 Qui
924 2257 1040 2297 enim
1072 2256 1128 2296 ad
1161 2261 1410 2296 extremum
1443 2256 1537 2307 ejus

78 2338 290 2391 judicium
313 2337 443 2383 venit,
468 2349 555 2375 non
575 2334 666 2386 jam
690 2346 834 2373 coram
860 2331 943 2379 illo,
972 2331 1048 2370 sed
1080 2330 1136 2370 ab
1167 2329 1241 2369 illo
1259 2327 1538 2380 judicatur.‘’⁵

84 2411 143 2451 Et
164 2406 816 2462 B.Augustinus,1“Ascendat
846 2404 979 2444 homo
1011 2404 1241 2443 adversum
1271 2416 1316 2441 se
1345 2401 1536 2442 tribunal

83 2484 240 2524 mentis
281 2496 382 2530 suae,
430 2482 464 2521 si
505 2482 633 2520 timet
674 2479 778 2519 illud
821 2477 940 2530 quod
989 2481 1161 2529 oportet
1206 2488 1285 2515 nos
1336 2474 1535 2514 exhiberi

84 2562 186 2597 ante
222 2554 435 2594 Tribunal
483 2553 655 2602 Christi,
700 2566 757 2592 ex
804 2552 854 2591 iis
895 2550 1037 2591 verbis
1079 2548 1315 2601 Apostoli:
1369 2547 1415 2588 Si
1458 2561 1537 2588 nos

83 2630 388 2683 judicaremus,
432 2625 565 2667 etc.’'⁶
623 2626 727 2678 Jure
770 2631 917 2665 autem
961 2629 1108 2676 potest
1150 2623 1246 2674 quis
1290 2635 1383 2661 esse
1419 2626 1539 2660 tutus

85 2701 466 2756 appropinquante
491 2705 643 2747 morte,
667 2699 701 2738 si
724 2697 920 2751 judicare
942 2710 988 2737 se
1010 2697 1103 2749 ipse
1124 2694 1357 2736 consuevit.
1411 2692 1538 2745 Quia,

169 2806 181 2826 ¹
208 2808 248 2838 In
273 2805 441 2847 Epistolis.
563 2803 577 2823 2
600 2804 690 2837 Eccl.
714 2804 762 2837 18.
897 2801 911 2822 ³
937 2810 963 2833 1.
985 2803 1061 2834 Cor.
1086 2809 1133 2832 11.
1268 2799 1282 2817 ⁴
1301 2799 1376 2840 Job.
1397 2803 1449 2839 35.

299 2856 313 2877 ⁶
337 2857 422 2891 Mor.
441 2855 463 2890 1.
484 2860 536 2898 25.
556 2865 583 2889 c.
605 2861 634 2896 7.
813 2852 827 2874 ⁶
851 2854 953 2887 Hom.
971 2858 1023 2894 5ο.
1042 2852 1097 2885 De
1115 2850 1212 2884 utilit.
1231 2858 1321 2892 poen.
