1903 3197
552 183 632 230 De
663 184 985 233 Poem'lenlz'zk.
1416 204 1432 234 1
1450 205 1466 235 1
1478 201 1502 248 5

38 316 213 369 spiritus
264 315 580 369 refrigescente,
633 315 814 356 humani
866 323 1000 369 atque
1050 318 1273 359 inferiores
1320 321 1506 361 affectus

41 390 314 431 incalescant.
393 391 512 443 Ergo
556 404 613 430 ex
656 391 874 431 contrario
916 391 951 430 si
994 392 1270 444 poenitentiae
1311 395 1507 435 studium

42 463 292 514 intenditur,
326 463 466 504 fervor
497 463 674 516 spiritus
712 464 926 503 incitatur.
991 464 1230 505 Rationem
1268 466 1505 519 Gregorius

41 537 103 577 ita
152 538 323 590 tangit:
377 537 846 590 “Quemadmodum‚'’
900 538 1052 590 inquit,
1098 541 1312 579 “carnem
1356 541 1507 582 mollia

43 611 251 660 nutriunt,
275 611 337 650 ita
359 611 552 650 animam
577 610 684 651 dura
708 611 764 650 ad
793 610 882 651 alta
904 611 1150 652 sustollunt.
1212 612 1293 652 Illa
1317 626 1509 666 namque

41 683 407 724 delectationibus
460 684 663 736 pascitur,
708 684 803 723 haee
857 685 1225 725 amaritudinibus
1267 692 1508 739 vegetatur.

41 757 244 808 Denique
266 756 385 796 illam
413 756 526 797 lenia
549 757 756 806 refovent,
780 758 909 797 istam
933 772 1035 798 vero
1063 773 1217 812 aspera
1243 759 1511 801 exercent.”1

127 829 216 870 Sed
252 836 440 882 quatuor
473 845 530 870 ex
565 831 701 884 signis
737 831 919 883 intelligi
958 837 1107 884 potest
1136 831 1250 872 hanc
1283 833 1327 873 in
1364 834 1510 874 Poeni-

38 905 177 944 tentia
219 905 443 944 excitandi
486 906 574 944 vim
628 906 777 945 inesse.
858 906 918 945 Et
966 911 1018 955 10,
1064 920 1120 946 ex
1164 920 1285 946 more
1326 921 1510 948 consue-

38 977 279 1029 tudineque
322 977 585 1018 Sanctorum
631 980 842 1029 omnium,
878 985 926 1019 ut
969 993 1099 1032 supra
1141 979 1394 1032 significavi,
1433 983 1508 1034 qui

39 1064 86 1090 se
117 1051 276 1090 crebris
306 1050 448 1090 solent
471 1052 744 1104 poenitentiae
778 1053 1011 1104 generibus
1045 1067 1260 1103 exercere,
1285 1059 1329 1094 et
1351 1068 1509 1108 corpus

40 1137 167 1163 suum
221 1124 263 1163 in
316 1125 569 1164 servitutem
622 1126 844 1177 redigere:
899 1132 955 1165 20.
1002 1126 1074 1165 Ex
1118 1140 1198 1166 usu
1251 1133 1509 1168 caeterarum

39 1197 237 1237 omnium
266 1197 560 1249 Religionum,
592 1212 691 1250 quce
728 1199 878 1238 multis
910 1199 1163 1251 hujusmodi
1197 1202 1508 1253 asperitatibus

40 1275 83 1310 et
107 1270 375 1322 poenitentiis
398 1271 638 1320 abundant,
660 1285 746 1311 non
771 1273 888 1311 enim
911 1273 1004 1311 sine
1024 1287 1155 1312 causa
1179 1287 1251 1313 eas
1274 1274 1507 1315 adhibent:

42 1350 97 1394 30.
132 1344 205 1383 Ex
255 1357 335 1383 usu
389 1350 550 1393 nostro,
600 1345 673 1396 qui
717 1359 815 1385 cum
868 1345 1098 1398 paululum
1149 1347 1318 1386 ardoris
1359 1349 1508 1388 anImo

37 1417 329 1470 concepimus,
372 1417 428 1457 ad
480 1419 755 1470 poenitentiae
803 1420 999 1459 studium
1048 1421 1507 1473 exercitationemque

38 1491 321 1540 recurrimus;
360 1497 403 1531 et
435 1491 569 1541 initio,
594 1506 693 1532 cum
720 1507 776 1532 cx
804 1492 951 1532 seculo
974 1493 1056 1532 toti
1088 1493 1293 1533 ardentes
1325 1493 1382 1533 ad
1413 1493 1508 1534 haec

38 1578 117 1604 nos
163 1564 351 1605 claustra
396 1566 671 1615 contulimus,
725 1566 956 1606 alacriores
1007 1566 1169 1605 fuimus
1217 1567 1272 1606 ad
1325 1567 1508 1621 suscipi-

38 1638 174 1678 endas
225 1638 338 1678 ultro
389 1653 556 1691 poenas,
610 1653 742 1692 quam
796 1653 895 1679 cum
949 1639 1068 1679 calor
1128 1639 1200 1679 ille
1259 1639 1508 1681 deferbuit:

36 1718 95 1762 40.
130 1711 203 1751 EX
243 1725 362 1751 more
399 1713 558 1752 divinae
597 1713 835 1765 sapientiae,
876 1727 974 1765 quae
1019 1726 1117 1753 cum
1156 1713 1419 1753 oscitantem
1463 1720 1508 1755 et

38 1784 351 1825 dormitantem
393 1787 585 1826 animam
629 1787 776 1832 cernit,
819 1787 964 1838 poenis
1012 1800 1109 1826 eam
1152 1787 1418 1838 quibusdam
1461 1794 1506 1829 et

37 1859 322 1898 tentamentis
360 1860 527 1900 excitat
560 1865 603 1900 et
637 1866 838 1908 exercet3
870 1873 983 1908 nam,
1009 1866 1056 1899 ut
1088 1860 1150 1899 ait
1183 1860 1505 1912 Bonaventura,

38 1931 131 1971 “ad
163 1931 245 1971 hoc
278 1934 544 1984 quandoque
573 1933 787 1985 permittit
822 1934 943 1972 Deus
967 1932 1192 1972 hominem
1215 1933 1424 1983 tribulari,
1458 1940 1507 1975 ut

38 2005 255 2044 excitetur
275 2006 331 2044 ad
355 2006 562 2045 orationis
585 2006 791 2055 studium,
809 2013 852 2046 et
875 2006 1101 2059 confugiat
1123 2006 1179 2045 ad
1205 2006 1506 2047 Dominum.’⁷2

127 2077 318 2130 Quintus
348 2079 446 2119 finis
479 2080 671 2132 optimus
702 2087 777 2128 est,
806 2086 853 2120 ut
886 2079 1173 2132 suscipiendis
1206 2079 1510 2133 obeundisque

35 2153 307 2205 poenitentiis
342 2153 486 2206 Capiti
520 2160 681 2204 nostro,
716 2160 792 2194 aut
830 2155 962 2194 etiam
999 2153 1173 2194 Sanctis
1218 2154 1504 2207 Martyribus,

36 2232 79 2266 et
117 2226 189 2278 qui
222 2226 361 2266 multa
398 2227 441 2266 in
474 2226 555 2267 hac
587 2228 676 2267 vita
711 2227 873 2269 Christi
906 2241 1037 2267 causa
1069 2227 1185 2280 passi
1219 2232 1333 2276 sunt,
1370 2242 1505 2281 quam

35 2299 244 2339 simillimi
278 2301 525 2340 efficiamur.
591 2302 697 2342 Ideo
730 2308 846 2342 recte
879 2301 933 2341 ad
968 2314 1119 2341 eorum
1152 2300 1376 2351 honorem,
1405 2316 1504 2343 cum

36 2386 185 2413 eorum
220 2373 418 2414 natalitia
451 2373 733 2422 celebrantur,
769 2381 926 2428 sponte
963 2374 1130 2426 aliquid
1163 2374 1504 2426 perpetiendum

36 2447 304 2499 suscipimus.
370 2447 491 2487 Finis
532 2447 602 2488 hic
644 2449 896 2501 propositus
937 2461 1112 2500 semper
1153 2447 1235 2487 fuit
1278 2447 1504 2500 Ecclesiae,

36 2532 135 2559 cum
184 2519 228 2558 in
269 2520 538 2561 instituendo
581 2522 875 2562 anniversario
918 2520 1270 2574 quadragesimae
1317 2521 1500 2574 jejunio,

35 2597 129 2632 tum
167 2592 210 2632 in
247 2594 483 2646 pervigiliis
520 2601 782 2645 sanctorum,
816 2601 859 2636 et
894 2595 999 2635 olim
1034 2600 1130 2635 toto
1166 2594 1268 2649 anni
1302 2599 1503 2648 tempore

29 2665 246 2718 jejunium
270 2674 436 2719 quartae
459 2674 502 2709 et
524 2675 665 2709 sextae
695 2670 811 2710 feriae
845 2670 901 2710 ad
933 2669 1147 2709 honorem
1178 2669 1359 2721 inquam
1381 2671 1500 2721 passi

36 2738 196 2780 Christi
226 2742 499 2784 sanctissime
529 2743 791 2785 servabatur.
852 2744 1090 2797 Propterea
1122 2739 1246 2792 Le0‚3
1264 2740 1500 2791 “Merit0,''

175 2856 188 2875 ²
211 2857 253 2888 In
269 2865 288 2898 3
307 2857 392 2890 Psal.
414 2859 507 2892 Poen.
528 2861 543 2899 ἓ
564 2866 611 2900 17.
791 2858 804 2877 2
828 2860 880 2890 De
905 2859 1064 2890 Processu
1088 2855 1178 2896 relig.
1198 2863 1229 2894 4.
1256 2863 1283 2885 c.
1308 2860 1358 2891 13·

565 2909 579 2929 3
605 2911 673 2942 Ser.
695 2919 715 2951 9
732 2910 773 2942 de
798 2911 965 2952 Quadrag.

203 2969 219 2999 1
253 2971 276 3000 2
