1903 3197
537 144 616 189 De
648 149 776 190 recta
811 144 1078 191 intentione.
1448 157 1470 186 2
1485 157 1499 187 1
1516 154 1539 200 7

79 291 134 319 ac
155 277 416 318 relaxationi
445 290 524 316 nos
547 277 730 326 damus;
762 282 918 315 natura
940 277 1056 315 enim
1079 276 1133 315 ad
1164 275 1259 315 haec
1285 274 1543 328 propendet,

84 358 128 392 et
161 351 327 405 impetu
360 350 552 404 quodam
590 350 646 390 ad
684 363 734 389 ea
770 349 889 402 prius
926 349 1070 397 fertur,
1104 362 1238 400 quam
1275 354 1323 388 ut
1359 349 1402 388 in
1441 348 1545 401 ipsis

85 426 397 478 cogitationem
421 425 518 464 Deo
541 423 742 477 placendi
765 423 1061 475 suscipiamus.
1127 423 1361 474 Propterea
1385 422 1545 462 Paulus

84 500 141 540 ad
175 499 270 540 haec
303 512 478 552 quoque
509 497 747 547 descendit,
778 502 825 536 ut
857 496 899 536 in
931 495 998 535 his
1030 508 1279 548 quseramus
1312 496 1470 544 Deum,
1501 502 1544 536 et

86 578 252 613 rectam
285 578 478 613 mentem
510 571 839 625 possideamus:
877 570 1016 611 “Sive
1049 568 1362 618 manducatis,'’
1393 568 1544 621 inquit,

88 647 213 687 “sive
253 646 413 694 bibitis,
452 646 541 685 sive
582 644 701 684 aliud
744 643 848 696 quid
896 643 1047 692 facitis,
1085 643 1234 683 onmia
1276 642 1318 681 in
1361 641 1545 694 gloriam

88 721 173 761 Dei
216 717 403 768 facite,’'1
441 724 485 759 et
523 718 806 759 Colossenses
848 716 1074 757 hortatur:
1113 720 1227 769 “per
1263 715 1410 756 omnia
1449 715 1547 755 Deo

85 791 369 847 placente5.''‘²
430 792 580 845 Quasi,
604 792 647 831 in
676 797 800 831 tanta
823 804 965 830 rerum
988 790 1301 842 actionumque
1323 789 1547 837 varietate,

84 872 249 907 rectam
286 871 499 919 perpetuo
532 872 725 906 mentem
763 878 912 918 gerere
950 870 1109 904 nostrae
1147 863 1471 911 imbecillitatis,
1502 867 1551 902 ut

86 940 194 989 dixi,
219 953 305 980 non
336 945 411 988 est,
436 939 513 980 sed
544 939 636 991 ejus
663 939 737 991 qui
767 938 953 988 dicebat,
973 940 995 958 “
1012 938 1109 990 Ego
1139 951 1237 990 quae
1266 937 1428 990 placita
1450 942 1551 977 sunt

87 1014 138 1063 ei,
178 1013 290 1054 facio
322 1011 553 1066 semper.’'3
616 1012 743 1053 Unus
775 1012 891 1052 enim
927 1010 1136 1060 Christus,
1171 1011 1254 1050 Dei
1287 1011 1551 1064 unigenitus,

87 1088 132 1128 in
155 1087 284 1127 rebus
307 1087 524 1136 omnibus,
543 1093 637 1127 tum
656 1087 878 1135 universis,
897 1092 992 1126 tum
1016 1085 1196 1138 singulis
1219 1085 1423 1138 placebat
1441 1085 1553 1134 Deo,

89 1174 200 1200 unus
237 1160 308 1201 ille
340 1166 459 1201 recta
493 1160 748 1212 spectabat;
781 1159 903 1212 cujus
934 1159 1266 1208 humanitatem,
1290 1172 1344 1198 ne
1377 1172 1401 1198 a
1435 1164 1552 1199 recto

89 1234 354 1282 deflecteret,
376 1234 587 1273 Divinum
606 1233 770 1273 scilicet
793 1234 1069 1286 suppositum
1089 1246 1138 1272 ac
1156 1246 1342 1285 persona
1361 1232 1551 1285 regebat.

93 1307 251 1348 Caeteri
293 1320 395 1347 vero
434 1310 622 1346 “omnes
669 1306 1008 1356 declinaverunt,
1051 1305 1179 1346 simul
1231 1306 1405 1345 inutiles
1452 1305 1553 1346 facti

91 1385 212 1420 sunt:
245 1394 331 1420 non
356 1386 421 1420 est
444 1380 517 1432 qui
545 1379 676 1419 faciat
700 1379 877 1428 bonum,
902 1393 988 1419 non
1019 1385 1084 1419 est
1114 1392 1252 1431 usque
1274 1380 1330 1418 ad
1358 1377 1554 1427 unum,'’4

92 1454 164 1506 qui
199 1453 398 1495 Christus
430 1459 506 1493 est.

181 1527 351 1580 Quarta
382 1527 560 1581 ponitur
588 1541 614 1567 a
638 1527 765 1566 Patre
799 1533 947 1566 nostro
979 1526 1174 1566 conditio
1205 1532 1252 1566 ut
1284 1526 1326 1565 in
1359 1524 1558 1578 ipsismet

92 1603 220 1644 rebus
242 1602 434 1655 singulis,
460 1607 503 1641 et
526 1602 568 1641 in
591 1614 854 1653 unaquaque
877 1614 920 1640 re
942 1606 1156 1653 perpetuo
1175 1606 1338 1640 rectam
1362 1606 1556 1640 mentem

94 1690 324 1731 geramus;
358 1676 499 1728 inquit
529 1676 658 1725 enim,
683 1673 924 1727 “semper.''
988 1674 1105 1714 Nam
1129 1688 1247 1727 saepe
1270 1674 1319 1714 fit
1348 1680 1396 1714 ut
1424 1686 1557 1714 unam

95 1752 371 1803 eandemque
420 1763 511 1789 rem
552 1749 665 1789 bene
707 1748 973 1796 inchoemus,
1018 1748 1094 1788 sed
1142 1762 1230 1788 non
1276 1762 1402 1800 seque
1448 1748 1559 1787 bene

96 1837 414 1879 prosequamur
455 1836 507 1863 ac
539 1821 866 1871 concludamus,
901 1822 941 1860 in
980 1835 1119 1873 eaque
1153 1835 1326 1874 semper
1360 1822 1401 1861 id
1437 1834 1559 1874 spec-

99 1905 256 1949 temus,
295 1905 343 1938 ut
379 1897 538 1937 divinae
574 1895 762 1936 bonitati
798 1896 1037 1935 serviamus
1075 1901 1118 1935 et
1154 1895 1415 1948 placeamus.
1498 1894 1563 1935 At

101 1972 370 2014 Constitutio
402 1971 526 2010 dicit:
560 1970 638 2009 “id
671 1983 843 2022 semper
874 1969 917 2009 in
951 1969 1011 2009 eis
1043 1969 1326 2022 spectantes,‘'
1350 1968 1475 2021 cujus
1503 1968 1562 2008 rei

99 2045 332 2087 difficultas
369 2058 426 2084 ex
463 2044 636 2084 duobus
674 2044 779 2083 item
817 2043 962 2083 oritur.
1041 2043 1235 2082 Primum
1269 2057 1326 2082 ex
1357 2042 1562 2090 humana,

99 2134 232 2174 quam
274 2133 393 2172 saepe
430 2119 638 2167 diximus,
674 2117 999 2167 imbecillitate3
1036 2131 1135 2169 quae
1167 2124 1291 2157 tanta
1323 2123 1399 2166 est,
1434 2122 1482 2157 ut
1520 2117 1562 2155 in

100 2208 187 2235 una
230 2194 474 2245 eademque
517 2192 689 2232 actione
732 2205 820 2231 non
863 2192 988 2231 nobis
1031 2192 1136 2243 ipsis
1178 2197 1441 2239 constemus,
1486 2190 1562 2230 sed

104 2269 255 2308 statim
303 2268 358 2307 ab
402 2267 603 2306 instituto
645 2265 942 2314 deflectamus,
979 2279 1058 2305 nec
1100 2265 1246 2305 media
1286 2265 1448 2317 primis,
1490 2268 1566 2304 aut

104 2341 261 2382 mediis
303 2346 505 2380 extrema
547 2339 849 2392 respondeant,
927 2339 1094 2378 Totum
1135 2344 1284 2379 autem
1327 2338 1371 2378 id
1414 2351 1470 2378 ex
1513 2351 1565 2378 eo

100 2414 306 2455 videlicet
329 2420 475 2454 ortum
497 2413 643 2463 habet,
666 2412 784 2465 quod
812 2418 967 2452 natura
994 2419 1143 2453 nostra
1170 2412 1353 2452 nimium
1377 2412 1565 2464 seipsam

108 2489 276 2540 quaerit,
300 2494 343 2528 et
376 2489 432 2527 ad
468 2501 513 2527 se
548 2500 766 2540 propensa
801 2493 891 2537 est;
926 2500 1023 2539 quae
1057 2486 1292 2539 propensio
1314 2485 1426 2525 tanti
1459 2498 1568 2538 pon-

106 2561 222 2601 deris
263 2567 339 2610 est,
373 2567 421 2601 ut
471 2562 514 2600 in
566 2575 652 2601 una
703 2561 948 2613 eademque
990 2575 1045 2609 re,
1080 2560 1250 2600 etiamsi
1292 2559 1567 2613 propositum

104 2634 230 2674 nobis
257 2634 385 2674 fuerit
407 2635 565 2674 divinae
598 2635 786 2675 bonitati
818 2635 1001 2687 placere,
1026 2648 1133 2675 mox
1156 2640 1304 2674 tamen
1327 2633 1567 2673 sentiamus

105 2708 252 2748 invitis
274 2709 468 2760 quodam
493 2709 626 2749 modo
649 2709 777 2749 nobis
798 2709 986 2749 voluisse
1009 2708 1190 2761 placere.

195 2782 399 2823 Secunda
422 2783 556 2822 oritur
583 2782 817 2823 difficultas
846 2796 902 2822 ex
933 2783 1179 2822 communis
1207 2781 1346 2821 hostis
1376 2779 1568 2828 insidiis;

235 2869 247 2890 1
276 2879 302 2904 Ι.
325 2872 400 2904 Cor.
425 2880 473 2904 10.
611 2870 624 2890 ‘⁶’
649 2872 722 2904 Col.
747 2881 772 2904 1.
910 2870 923 2890 ³
944 2872 1040 2915 Joan.
1063 2870 1092 2903 8.
1228 2869 1241 2888 4
1267 2869 1352 2901 Psal.
1372 2877 1419 2910 13.
