1903 3197
511 226 588 272 De
622 227 803 288 (agenda
842 227 1013 287 ubique-
1048 228 1160 273 offa.
1515 240 1567 285 71

92 359 329 409 divinitus,
372 365 415 399 et
467 360 508 398 in
563 372 653 398 rem
704 366 897 399 nostram
941 366 1174 411 propterea
1227 359 1577 399 Constitutiones

110 417 353 474 admonent
387 434 429 473 P.
467 444 488 483 3
525 447 556 474 c.
596 444 618 471 2
654 433 988 484 relinquendum
1025 432 1067 471 id
1105 446 1198 472 esse
1234 433 1467 485 Superiori,
1498 445 1577 472 ncc

91 508 264 549 ·-volunt
307 509 350 547 id
394 508 450 547 ab
492 513 660 559 aegroto
703 507 925 559 postulari,
960 512 1007 546 ut
1045 506 1239 545 dicemus
1284 506 1392 545 infra
1430 520 1575 558 opusc.

106 583 165 622 vde
215 583 380 622 tuenda
422 581 702 621 valetudine?
784 581 949 620 Verum
1005 580 1140 619 Paulo
1193 579 1451 619 clementius
1503 587 1578 620 aut

107 655 283 708 gravius
316 654 488 703 coelum,
512 667 599 694 non
629 654 761 693 debet
794 667 888 693 esse
920 653 1046 693 nobis
1079 640 1388 693 inconstantize
1418 666 1577 702 causa;

107 730 270 781 ubique
293 742 409 768 mors
431 729 656 781 oppetitur
677 729 767 767 sive
790 729 955 768 tardius
978 728 1066 767 sive
1094 727 1314 767 maturius.
1367 726 1575 766 Basiliusl

88 808 223 843 ‘certe
265 802 447 842 nimiam
489 803 601 841 hanc
644 802 836 854 corporis
879 801 1153 853 diligentiam
1207 802 1249 840 in
1307 800 1390 840 Dei
1443 801 1579 840 servis

93 876 289 916 <minime
353 876 522 929 probat,
576 881 618 915 et
684 875 878 915 Platonis
930 874 1090 914 ethnici
1143 874 1394 926 philosophi
1454 874 1580 914 affert

108 950 364 1002 exemplum
399 948 472 1001 qui
507 948 785 1001 pestilentem
820 947 1079 988 Academia:
1112 947 1255 987 locum
1290 947 1370 987 sibi
1403 947 1579 1000 delegit,

110 1030 157 1064 ut
199 1023 379 1063 nimiam
423 1023 616 1075 corporis
657 1022 993 1074 prosperitatem
1037 1021 1169 1061 veluti
1213 1022 1301 1061 vite
1349 1021 1577 1074 palmitem

95 1097 407 1137 *luxuriantem
460 1101 718 1148 amputaret.
819 1096 1031 1147 Idemque
1089 1096 1130 1134 in
1185 1095 1333 1148 regula
1385 1095 1579 1148 quadam

96 1177 273 1220 monet,
312 1183 437 1210 servo
475 1170 558 1210 Dei
603 1183 689 1209 non
730 1170 771 1209 id
810 1168 1113 1222 spectandum,
1154 1174 1297 1209 utrum
1338 1169 1469 1218 locus,
1508 1169 1581 1209 ubi

94 1245 244 1297 degit,
278 1245 334 1284 sit
366 1244 561 1289 salubris,
596 1256 652 1282 an
685 1242 944 1291 insalubris3
978 1243 1053 1282 sed
1089 1249 1232 1283 utrum
1266 1243 1378 1283 bene
1411 1243 1583 1283 maleve

105 1318 270 1372 agendi
314 1317 564 1358 occasiones
606 1317 868 1368 suppeditet.
953 1314 1220 1368 Quanquam
1264 1317 1320 1355 ad
1368 1317 1579 1356 tuendam

94 1393 154 1431 *in
185 1390 307 1444 gravi
330 1389 443 1430 coelo
465 1389 762 1429 valetudinem
797 1388 902 1428 nihil
933 1388 1186 1441 frugalitate
1217 1402 1266 1428 ac
1289 1390 1583 1441 temperantia

111 1465 277 1505 melius.
364 1463 532 1503 Idcirco
575 1463 690 1502 enim
743 1463 868 1502 nobis
910 1463 1037 1502 obest
1078 1462 1177 1501 coeli
1220 1463 1424 1515 gravitas
1468 1469 1581 1503 teste

102 1535 380 1586 Plutarcho?
429 1538 532 1589 quia
588 1550 667 1576 nos
725 1537 880 1589 plenos
932 1549 982 1576 ac
1035 1536 1334 1576 redundantes
1386 1536 1584 1585 offendit,

109 1613 347 1653 humorum
403 1611 518 1651 enim
573 1611 616 1649 in
669 1611 933 1663 corporibus,
987 1609 1106 1649 velut
1160 1610 1389 1649 materiam
1447 1622 1584 1661 quan—

92 1689 215 1728 ·dam
258 1685 345 1727 ae'ri
389 1685 671 1737 externisque
705 1685 846 1724 causis
889 1684 1143 1737 suppeditat
1186 1684 1488 1736 aegrotationis
1533 1697 1583 1724 ac

98 1761 265 1801 =morbi.

202 1832 402 1886 Septima
443 1839 536 1872 erat
578 1832 834 1871 mutationis
876 1844 1006 1871 causa
1048 1830 1270 1883 profectus
1316 1831 1492 1883 spiritus
1533 1844 1584 1871 ac

101 1906 293 1947 virtutis.
377 1904 488 1957 Quae
533 1906 628 1958 ipsa
664 1905 765 1945 licet
807 1905 952 1957 specie
987 1905 1188 1944 videatur
1223 1904 1420 1952 honesta,
1458 1909 1502 1944 et
1539 1917 1583 1944 re

115 1981 211 2034 ipsa
262 1979 479 2019 interdum
534 1979 594 2018 ita
645 1979 730 2025 sit:
783 1991 900 2030 saepe
952 1984 1099 2018 tamen
1153 1978 1289 2017 oritur
1339 1991 1395 2017 ex
1448 1978 1583 2018 animi

99 2054 292 2094 devitate
334 2066 384 2094 ac
427 2053 654 2105 pravitate,
694 2065 796 2091 nam
840 2053 951 2092 bene
988 2052 1172 2091 affectus
1215 2052 1386 2091 animus
1423 2052 1585 2104 ubique

108 2140 288 2180 semper
319 2131 385 2166 est
415 2126 530 2166 idem
562 2126 715 2177 suique
746 2125 1003 2164 simillimus.
1068 2123 1338 2173 “Navibus,''
1373 2125 1585 2166 Horatius

108 2201 268 2254 -inquit,
292 2203 463 2252 “atque
496 2199 723 2252 quadrigis
755 2200 947 2252 petimus
984 2199 1095 2238 bene
1131 2199 1286 2247 vivere,
1319 2199 1438 2250 quod
1470 2200 1585 2252 petis

99 2276 185 2316 =hic
218 2273 319 2315 est.‘'
385 2274 444 2314 Et
478 2273 647 2314 Seneca
678 2274 735 2313 ad
770 2272 1001 2313 Lucilium.
1065 2273 1221 2325 “Quid
1254 2273 1434 2325 prodest
1465 2286 1586 2314 mare

114 2348 323 2402 trajicere,
367 2355 411 2388 et
453 2348 581 2387 urbes
625 2347 824 2387 mutare?
890 2347 936 2388 Si
978 2346 1042 2386 vis
1085 2346 1179 2396 ista,
1221 2347 1380 2399 quibus
1421 2347 1586 2399 urgeris

98 2421 318 2476 e-effugere,
375 2434 464 2461 non
512 2421 615 2461 alibi
670 2421 727 2460 sis
770 2425 955 2473 oportet,
998 2420 1075 2460 sed
1127 2418 1297 2460 alius.’'3
1358 2420 1586 2461 Socratem

98 2496 327 2549 ›quaerenti
369 2495 556 2543 cuidam,
596 2494 713 2547 quod
756 2493 863 2533 nihil
904 2494 984 2534 sibi
1027 2495 1401 2547 peregrinationes
1437 2495 1583 2547 profu-

117 2572 263 2620 issent,
286 2569 562 2623 respondisse
586 2568 754 2609 ferunt:
788 2572 808 2587 “
825 2567 1081 2617 Nimirum‚’'

102 2642 502 2697 iperegrinabarisss‘

1106 2568 1258 2620 inquit,
1285 2572 1460 2609 “tecum
1489 2569 1583 2621 'ipsc

207 2717 426 2758 Climacus
468 2723 615 2758 autem
659 2729 911 2769 quanquam
964 2717 1138 2757 videtur
1179 2717 1216 2756 ei
1258 2717 1432 2756 veniam
1479 2716 1582 2755 dare

98 2805 174 2832 ‘cx
212 2804 264 2831 eo
298 2790 550 2831 discedendi
586 2790 800 2839 coenobio,
838 2790 909 2830 ubi
953 2796 1103 2843 aperte
1143 2790 1350 2843 perspicit
1391 2801 1438 2828 se
1475 2787 1581 2827 nihil

274 2885 286 2905 ¹
313 2888 351 2919 L.
373 2888 414 2919 de
430 2888 558 2929 legend.
580 2888 651 2919 libr.
673 2888 785 2929 gentil.
964 2886 977 2905 ²
1006 2888 1130 2929 Opusc.
1149 2888 1192 2918 de
1207 2886 1328 2918 tuenda
1345 2885 1440 2916 valet.

754 2937 767 2957 ’ὁ
792 2939 855 2980 Ep.
880 2946 949 2978 104.
