1903 3197
278 185 369 231 174
596 171 674 216 De
708 170 898 216 ratione
931 170 1124 217 vivendi
1157 169 1422 217 Socz'elcztz‘s.

272 305 466 353 indices;
511 303 636 344 multi
675 304 789 343 enim
829 317 880 344 ea
917 317 961 343 re
997 304 1144 357 potius
1183 303 1482 352 offenduntur,
1521 317 1656 356 quam
1695 310 1744 346 ut

267 378 478 430 juventur
499 384 542 418 et
564 379 849 431 corrigantur.

358 451 570 505 Optanda
612 459 677 493 est
720 453 852 505 igitur
891 452 959 492 vel
1002 453 1197 492 maxime
1240 458 1283 492 et
1327 451 1422 491 haec
1468 452 1741 492 admonendi

269 525 414 566 fratris
456 527 577 575 ratio,
622 540 720 579 quae
763 527 960 566 maxime
1002 527 1195 567 noscitur
1245 526 1480 576 salutaris;
1533 526 1576 566 id
1620 526 1740 578 quod

272 599 450 641 Sanctis
482 600 585 640 olim
619 600 720 640 viris
748 600 934 653 legimus
957 601 1177 642 usitatum.
1244 600 1466 641 Climacus
1490 599 1619 649 enim,
1643 613 1744 640 cum

270 673 430 714 multas
454 681 496 715 et
519 675 750 727 praeclaras
781 674 933 715 laudes
960 675 1189 727 cujusdam
1212 673 1509 715 Alexandrini
1536 673 1740 714 Coenobii

268 755 670 798 commemorasset,
694 749 807 789 hanc
830 749 1003 790 silentio
1027 750 1454 802 praetermittendam
1491 762 1579 788 non
1611 753 1742 800 puta-

267 824 339 864 vit.
404 823 491 865 “Si
525 823 738 876 quando,''
773 824 926 876 inquit,
961 828 982 844 “
997 825 1282 877 contingeret,
1315 830 1363 863 ut
1396 837 1546 863 eorum
1582 821 1741 874 aliquis

267 898 451 939 absente
489 897 671 938 Abbate
708 898 950 950 quidquam
990 898 1203 948 maledici,
1242 904 1318 938 aut
1361 897 1468 938 alias
1511 897 1634 937 noxii
1671 895 1740 936 vel

267 972 396 1013 otiosi
430 972 643 1012 sermonis
676 971 796 1023 loqui
829 972 1047 1024 coepisset,
1078 971 1250 1012 occulto
1284 977 1391 1011 nutu
1426 971 1614 1011 latenter
1644 976 1738 1010 tum

267 1046 400 1086 frater
436 1045 546 1086 alius
584 1045 812 1096 gravitatis
850 1046 1105 1091 admonens,
1144 1044 1266 1084 illum
1303 1059 1329 1084 a
1367 1051 1498 1097 capto
1540 1057 1740 1084 sermone

268 1120 546 1161 retrahebat:
594 1120 713 1172 quod
753 1120 787 1159 si
830 1119 901 1159 ille
944 1119 1128 1160 fortasse
1171 1119 1316 1159 minus
1357 1118 1742 1167 animadverteret,

263 1195 357 1247 jam
402 1195 475 1247 qui
518 1194 821 1242 admonuerat,
861 1199 1081 1247 prostrato
1124 1200 1226 1234 ante
1263 1194 1386 1234 illum
1424 1200 1519 1234 toto
1557 1206 1739 1246 corpore

265 1267 453 1317 abibat,’'
482 1267 594 1307 Haec
627 1268 708 1309 ille.
774 1268 834 1308 Et
866 1275 981 1309 certe
1017 1270 1096 1309 nisi
1132 1268 1227 1309 haec
1262 1269 1547 1317 consuetudo,
1581 1268 1737 1309 saltem

267 1343 379 1383 inter
413 1342 577 1382 amicos
613 1343 839 1395 religiosos
874 1349 1086 1391 teneatur,
1118 1343 1192 1396 qui
1227 1345 1407 1383 tandem
1444 1343 1608 1384 fructus
1644 1342 1740 1383 reli·

264 1418 399 1470 giosae
438 1417 492 1456 sit
530 1417 766 1457 amicitiae?
829 1417 1291 1458 Animadvertendum
1326 1424 1475 1457 tamen
1508 1424 1585 1465 est,
1615 1422 1662 1456 ut
1694 1417 1738 1456 in

267 1491 561 1531 admonendis
583 1505 628 1531 se
652 1497 807 1531 mutuo
830 1491 1038 1531 fratribus
1062 1491 1221 1531 decoro
1240 1492 1442 1540 serviant,
1459 1505 1538 1531 nec
1556 1490 1739 1543 quilibet

267 1565 346 1605 sibi
383 1564 462 1605 has
497 1571 644 1618 partes
677 1565 897 1605 vindicet:
932 1579 1018 1605 non
1055 1566 1172 1605 enim
1211 1565 1407 1605 omnium
1448 1571 1513 1605 est
1550 1565 1737 1605 alterum

266 1639 515 1687 admonere,
554 1645 602 1679 ut
643 1640 675 1679 si
715 1640 810 1688 tiro,
851 1646 893 1680 et
929 1640 1002 1692 qui
1037 1639 1121 1680 huc
1155 1639 1246 1680 heri
1276 1654 1321 1680 se
1351 1639 1547 1687 contulit,
1583 1639 1738 1679 admo-

269 1727 370 1754 nere
403 1714 619 1754 seniorem
651 1713 766 1754 velit.
831 1714 920 1755 Sed
953 1714 1223 1755 admoneant
1249 1728 1353 1754 sane
1385 1712 1738 1754 adolescentulos

266 1788 471 1837 seniores,
496 1794 539 1828 et
571 1789 644 1840 qui
673 1788 894 1841 religionis
925 1789 1187 1840 antiquitate
1213 1794 1423 1841 praeeunt,
1447 1787 1737 1837 recentiores;

267 1867 311 1901 ct
343 1875 389 1901 se
420 1861 610 1901 vicissim
644 1862 848 1914 aequales,
879 1876 966 1914 quo
999 1862 1147 1912 carior,
1176 1868 1219 1902 et
1252 1861 1408 1902 rationi
1441 1867 1735 1902 consentanea

266 1936 322 1976 sit
352 1937 609 1977 admonitio.
672 1936 829 1989 Atque
863 1936 957 1977 haec
992 1937 1047 1977 de
1081 1942 1235 1977 mutua
1270 1936 1450 1976 fratrum
1485 1934 1738 1976 manifesta-

265 2011 397 2059 tione,
423 2016 667 2063 mutuoque
690 2010 913 2051 deferendi
937 2011 1091 2059 officio,
1116 2024 1215 2051 cum
1239 2010 1474 2051 necessitas
1498 2009 1660 2050 incidit.
