1903 3197
285 199 381 258 652
614 201 695 248 De
726 203 918 248 ratione
950 202 1146 248 vivendi
1178 202 1442 251 Socz‘elatz's.

284 331 502 374 imitanda
534 341 691 376 natura
723 342 800 386 est,
824 341 872 376 ut
897 336 1076 389 squalor
1104 337 1230 385 absit,
1262 342 1306 377 et
1335 336 1565 377 munditiae
1593 349 1761 390 quaera-

285 411 357 447 tur
387 407 607 450 honestas.

374 489 429 534 30.
465 484 706 538 Diligenda
748 492 815 526 est
852 485 1091 526 mundities
1122 487 1311 526 vestium
1350 487 1406 526 ad
1444 486 1758 527 declarandam

285 558 447 598 animae
478 561 728 612 puritatem,
753 567 796 601 et
818 574 969 614 parem
1004 562 1046 601 in
1076 560 1159 601 hac
1189 561 1458 614 acquirenda
1481 561 1758 614 diligentiam

277 631 411 684 juxta
439 640 712 688 praeceptum
747 635 911 676 Eccles.
936 650 968 675 c.
988 646 1034 687 9:
1069 636 1239 677 “Omni
1273 643 1475 689 tempore
1507 637 1596 676 sint
1627 635 1758 675 vesti-

283 714 435 748 menta
457 715 534 749 tua
555 710 783 750 candida.’'
823 710 896 751 Sic
922 710 1235 763 Hieronymus,
1260 711 1303 750 in
1329 725 1414 763 reg.
1431 711 1487 751 ad
1511 709 1759 750 Monachas

282 797 315 822 c.
335 794 397 833 31.
418 784 511 824 vult
534 798 683 825 earum
706 798 904 838 pannum
928 784 1078 825 album
1102 792 1145 825 et
1168 786 1407 826 candidum
1431 799 1537 834 esse,
1556 784 1759 838 quamvis

283 872 478 898 crassum
509 865 552 899 et
574 859 732 900 vilem:
766 859 868 900 “Ut
894 866 937 899 et
963 859 1118 908 color,'’
1142 860 1295 913 inquit,
1321 860 1596 900 “candorem
1627 859 1757 899 casti-

280 933 385 973 tatis
418 934 705 983 intrinsicum,
735 941 778 974 et
805 934 951 974 vilitas
985 941 1292 988 contemptum
1325 941 1599 975 terrenorum
1632 934 1758 974 exhi—

286 1006 457 1047 beant”

371 1082 535 1123 Dices:
586 1083 652 1123 At
696 1083 813 1123 idem
864 1084 1168 1136 Hieronymus
1215 1084 1307 1133 ait;
1360 1084 1512 1124 sordes
1565 1083 1755 1123 vestium

282 1158 484 1197 candidae
508 1159 669 1198 mentis
693 1159 855 1199 indicia
884 1173 988 1199 esse.
1054 1159 1113 1199 Et
1136 1159 1180 1198 in
1213 1158 1459 1199 Hilarionis
1480 1159 1587 1199 Vita
1609 1158 1761 1198 scribit

285 1245 386 1271 eum
449 1233 731 1273 existimasse
793 1247 1169 1286 supervacaneum
1230 1247 1325 1273 esse
1384 1233 1649 1273 munditiam
1716 1233 1760 1272 in

283 1306 424 1346 cilicio
457 1321 662 1360 quaerere.
727 1308 967 1361 Quomodo
1006 1323 1110 1362 ergo
1142 1309 1329 1348 dicimus
1363 1308 1632 1348 studendum
1665 1321 1760 1348 esse

280 1382 462 1433 puritati
495 1383 695 1431 vestium,
735 1384 839 1436 quia
871 1383 1027 1423 harum
1056 1383 1296 1423 mundities
1325 1384 1461 1423 animi
1494 1382 1757 1423 munditiem

280 1456 447 1496 indicat
465 1457 479 1496 ?

371 1530 537 1571 Verum
575 1531 880 1584 Hieronymus
917 1546 996 1585 pro
1030 1532 1233 1572 sordibus
1272 1546 1359 1571 non
1398 1532 1517 1584 ipsas
1551 1530 1758 1579 maculas,

285 1610 329 1644 et
361 1604 482 1645 labes
516 1606 703 1646 amictus
742 1606 978 1659 intelligit3
1012 1607 1109 1659 quis
1142 1607 1259 1646 enim
1293 1607 1468 1659 sapiens
1504 1605 1585 1645 has
1617 1605 1761 1645 serat?

286 1678 375 1720 Sed
400 1686 475 1720 aut
498 1687 808 1734 paupertatem
833 1682 987 1734 ipsam,
1013 1695 1175 1734 easque
1198 1681 1361 1730 sordes,
1381 1694 1490 1733 quas
1514 1680 1760 1720 necessario

286 1768 434 1794 secum
468 1762 707 1808 paupertas
745 1755 884 1805 affert,
920 1763 996 1796 aut
1030 1762 1146 1796 certe
1179 1762 1305 1795 notat
1344 1755 1528 1795 nimium
1564 1755 1759 1794 studium

286 1829 330 1868 in
361 1830 637 1882 exquirenda
667 1831 893 1870 munditie.
960 1830 1213 1883 Utrumque
1236 1830 1352 1870 enim
1375 1830 1582 1869 vitiosum
1607 1835 1692 1878 est;
1726 1829 1761 1868 si

286 1909 330 1943 et
353 1904 505 1944 sordes
536 1904 726 1951 affectes,
751 1911 794 1944 et
822 1906 1087 1945 munditiam
1119 1905 1250 1944 nimis
1279 1904 1514 1957 diligenter
1542 1904 1761 1956 exquiras,

288 1975 422 2029 Quod
461 1978 588 2018 facile
624 1994 681 2019 ex
716 1980 812 2032 ipso
844 1986 992 2032 potest
1024 1979 1220 2032 intelligi,
1244 1993 1343 2018 cum
1377 1979 1432 2018 ad
1471 1977 1761 2018 Eustochium

287 2054 496 2104 scribens,
541 2061 675 2107 negat
727 2055 956 2095 affectatas
1009 2055 1160 2095 sordes
1211 2054 1445 2094 convenire
1498 2053 1762 2095 Christiano.

290 2127 453 2168 Sordes
487 2135 635 2169 autem
670 2130 857 2170 amictus
880 2136 974 2169 tum
998 2130 1199 2169 candidae
1222 2129 1383 2168 mentis
1416 2128 1624 2168 indicium
1648 2134 1762 2177 sunt,

290 2217 389 2243 cum
414 2205 511 2256 quis
545 2211 786 2257 occupatus
819 2205 861 2244 in
895 2205 1088 2244 interiori
1123 2203 1255 2253 cultu,
1278 2203 1461 2255 negligit
1483 2203 1758 2242 exteriorem.

290 2276 351 2317 Et
383 2277 466 2317 hoc
499 2284 565 2318 est
595 2279 713 2331 quod
747 2279 853 2318 dicit
882 2278 986 2331 Ugo
1018 2279 1135 2331 apud
1171 2278 1470 2317 Bernardum:
1495 2277 1760 2316 “Intentum

290 2352 570 2392 interioribus
609 2353 698 2392 suis
740 2353 937 2392 animum
981 2353 1122 2405 magis
1159 2353 1317 2391 decent
1355 2351 1504 2390 omnia
1540 2351 1762 2391 exteriora

289 2426 466 2473 inculta,
491 2433 533 2466 et
567 2427 768 2479 neglecta
786 2427 824 2475 ;‘'
848 2433 891 2466 et
915 2430 935 2445 “
951 2426 1194 2479 Diligentia
1226 2427 1340 2465 circa
1362 2425 1614 2465 vanitatem·
1637 2431 1761 2465 exte-

287 2500 411 2539 rioris
459 2507 640 2540 ornatus
690 2501 865 2553 signum
913 2507 978 2541 est
1021 2500 1302 2553 negligentiae
1348 2500 1462 2539 circa
1509 2500 1759 2540 interiorem

284 2574 525 2615 ornatum.'’

377 2650 437 2690 Et
466 2650 774 2702 Augustinus:
799 2650 933 2689 “Tibi
967 2663 1078 2702 pura
1108 2650 1241 2689 vestis
1274 2648 1551 2689 circundetur
1582 2663 1670 2689 non
1704 2649 1760 2689 ad

285 2724 671 2776 pulchritudinem,
707 2725 783 2764 sed
823 2725 879 2764 ad
918 2726 1239 2772 necessitatem,
1273 2730 1316 2764 et
1353 2729 1669 2776 tegumentum,
1705 2737 1760 2764 ne

287 2799 343 2839 de
365 2800 598 2852 exquisitis
621 2799 817 2839 vestibus
840 2798 1024 2838 alteram
1053 2799 1373 2852 turpitudinem
1404 2797 1638 2839 assumas”
1701 2798 1762 2838 Et

285 2874 332 2913 B.
367 2874 644 2923 Ambrosius,
675 2885 704 2913 Ι.
731 2874 818 2915 Off.
850 2874 945 2914 vult
978 2874 1156 2913 vestitui
1200 2873 1309 2913 nihil
1352 2873 1505 2913 nitoris
1542 2873 1758 2913 accedere.

288 2946 438 3000 Quare
462 2949 598 2989 nimia
620 2948 851 3001 diligentia
881 2949 924 2988 in
951 2948 1227 3000 exquirenda
1249 2948 1613 2987 vestimentorum
1637 2960 1762 2987 mun-
