1903 3197
286 146 350 202 46
745 138 824 184 De
857 137 901 184 S
898 135 1106 184 ocz'etatz‘s
1141 135 1194 180 F
1188 136 1275 182 ine.

286 287 445 329 genere
481 271 769 326 perficiamus,
803 275 857 319 et,
891 275 940 309 ut
976 269 1031 309 ad
1071 267 1353 308 Colossenses
1391 266 1453 306 ait
1488 263 1747 317 Apostolus,

286 350 310 369 “
326 346 632 388 Exhibeamus
647 357 823 385 omnem
838 342 1062 383 hominem
1078 341 1318 394 perfectum
1335 340 1378 379 in
1395 338 1569 379 Christo
1583 335 1747 388 Jesu.”1

289 421 390 461 Hoc
422 425 498 468 est,
525 419 569 458 in
601 432 679 458 suo
712 430 931 470 quemque
957 416 1059 456 vitae
1093 427 1251 467 genere
1279 426 1330 453 ac
1364 412 1626 458 conditione,
1659 409 1748 450 sive

286 495 342 534 sit
383 493 492 534 liber
532 492 621 533 sive
669 505 828 539 servus,
873 490 963 530 sive
1013 488 1215 542 princeps
1267 487 1356 527 sive
1407 486 1614 538 privatus,
1659 483 1748 523 sive

285 566 600 621 paterfamilias
636 565 726 605 sive
757 564 889 605 sacris
922 563 1136 615 alligatus.

375 641 568 693 Objicies
590 639 746 679 tertio:
780 636 1019 690 Quomodo
1052 637 1094 675 in
1126 635 1209 675 hac
1241 640 1365 687 parte
1397 629 1747 678 Constitutionis,

287 715 441 756 fratres
476 713 610 753 nostri
646 711 934 764 Coadjutores
966 710 1098 750 finem
1134 707 1368 749 Societatis
1399 707 1636 758 attingunt,
1674 705 1747 757 qui

287 789 330 828 in
366 787 670 841 proximorum
708 785 895 826 salutem
934 798 983 824 ac
1021 781 1332 836 perfectionem
1369 781 1511 820 minus
1549 779 1752 819 videntur

287 861 548 902 incumbere.

376 933 643 987 Respondeo
695 933 836 985 primo
863 945 870 970 :
936 931 1042 969 dum
1095 942 1180 976 eos,
1224 928 1298 979 qui
1351 926 1624 974 incumbunt,
1672 926 1749 965 ad-

283 1009 452 1062 juvant,
491 1019 730 1058 eorumque
772 1002 1104 1044 necessitatibus
1145 1006 1307 1053 praesto
1344 1005 1457 1048 sunt,
1496 1000 1629 1039 etiam
1668 999 1749 1051 ipsi

290 1082 334 1121 in
366 1081 410 1120 id
444 1080 639 1120 studium
670 1083 881 1131 putantur
909 1074 1174 1124 incumbere,
1197 1072 1362 1113 faciunt
1389 1073 1505 1112 enim
1534 1085 1611 1124 per
1633 1071 1753 1119 alios,

288 1155 408 1207 quod
451 1153 532 1205 ipsi
570 1152 711 1192 facere
749 1164 836 1190 non
875 1149 980 1189 satis
1018 1153 1229 1201 possunt3
1263 1160 1364 1186 nam
1398 1146 1565 1198 absque
1600 1158 1750 1185 eorum

286 1241 422 1281 opera
443 1225 563 1266 nulla
585 1231 700 1265 esset
727 1223 976 1277 procuratio
999 1222 1153 1262 alienae
1176 1220 1340 1269 salutis,
1365 1219 1484 1259 nulla
1506 1220 1751 1259 animarum

286 1302 374 1342 fere
405 1301 535 1341 lucra.
599 1300 681 1339 Est
711 1305 859 1339 autem
892 1311 972 1350 par
1002 1295 1208 1343 conditio,
1233 1300 1281 1334 ut
1315 1294 1376 1334 ait
1410 1292 1587 1341 David,2
1609 1293 1752 1333 euntis

287 1376 344 1416 ad
381 1374 557 1423 bellum,
591 1380 635 1413 et
670 1371 935 1412 remanentis
973 1370 1028 1410 ad
1066 1369 1287 1409 sarcinas:
1320 1374 1364 1408 et
1401 1368 1559 1407 idcirco
1590 1367 1633 1406 in
1668 1366 1754 1406 dis-

287 1448 532 1489 tribuendis
564 1446 714 1499 spoliis
747 1459 876 1498 aequa
907 1444 1040 1484 etiam
1074 1443 1267 1483 conditio
1300 1441 1565 1481 meritorum.

378 1521 584 1563 Secundo
607 1534 614 1560 :
646 1520 780 1559 etiam
804 1519 885 1572 ipsi
916 1532 994 1571 pro
1017 1531 1095 1557 sua
1117 1516 1327 1557 facultate
1349 1521 1570 1568 captuque
1592 1515 1755 1555 debent

289 1602 333 1636 et
367 1599 563 1649 possunt,
600 1594 634 1633 si
669 1593 815 1641 velint,
850 1593 893 1632 in
927 1592 1233 1645 proximorum
1269 1590 1455 1629 salutem
1491 1589 1753 1636 incumbere,

290 1683 378 1709 non
409 1667 618 1720 exemplo
651 1666 805 1715 solum,
833 1666 951 1718 quod
986 1671 1051 1704 est
1081 1664 1164 1703 illis
1196 1676 1429 1703 commune
1459 1676 1558 1702 cum
1592 1662 1754 1710 multis,

288 1755 440 1783 verum
473 1741 606 1781 etiam
639 1754 757 1793 saepe
778 1740 912 1779 verbo
935 1750 1259 1791 congressuque
1282 1736 1482 1776 familiari
1514 1737 1756 1776 secundum

289 1817 510 1865 virtutem,
534 1828 668 1867 quam
699 1813 887 1866 Spiritus
922 1813 1111 1853 Sanctus
1140 1816 1345 1864 operatur
1374 1811 1417 1849 in
1448 1810 1518 1850 eis.
1562 1809 1757 1850 Scimus

292 1890 408 1930 enim
452 1889 612 1929 idiotas
651 1887 870 1927 interdum
914 1886 1127 1935 homines,
1162 1886 1261 1925 Deo
1298 1884 1462 1937 plenos,
1500 1897 1586 1924 uno
1623 1884 1757 1924 verbo

291 1963 537 2003 animarum
576 1961 706 2001 saluti
749 1961 946 2000 maxime
987 1959 1212 2012 profuisse.
1276 1957 1424 2009 Quare
1465 1971 1564 1996 cum
1603 1957 1756 1997 fratres

291 2042 463 2076 nostros
507 2048 685 2074 necesse
731 2035 787 2073 sit
828 2035 871 2072 in
914 2034 1141 2086 publicum
1184 2045 1301 2083 saepe
1343 2031 1528 2083 prodire,
1566 2031 1656 2069 sive
1697 2031 1753 2070 ad

290 2109 555 2149 domesticas
589 2107 882 2154 necessitates,
917 2106 1007 2145 sive
1039 2105 1095 2145 ad
1128 2117 1290 2151 eorum,
1315 2104 1388 2156 qui
1412 2097 1475 2143 *ad
1509 2104 1751 2143 animarum

292 2182 412 2221 lucra
447 2181 693 2228 mittuntur,
719 2192 848 2231 opem
873 2184 915 2217 et
938 2178 1179 2227 auxilium3
1222 2176 1326 2229 quid
1356 2177 1398 2216 ni
1430 2178 1601 2229 possint
1623 2177 1755 2217 etiam

292 2256 385 2308 ipsi,
424 2255 458 2294 si
496 2254 642 2306 velint,
686 2253 866 2306 privatis
909 2251 1183 2291 sermonibus
1224 2257 1357 2302 atque
1398 2250 1637 2302 colloquiis,
1676 2264 1755 2302 pro

289 2343 379 2378 sua,
408 2335 456 2368 ut
486 2327 692 2374 diximus,
717 2326 935 2373 facultate,
970 2325 1184 2378 proximis
1217 2330 1463 2377 opportune
1496 2323 1752 2364 consulere?

288 2403 415 2443 Licet
450 2402 581 2454 igitur
613 2407 656 2441 et
689 2401 804 2453 ipsis,
837 2400 871 2439 si
904 2399 1049 2448 velint,
1083 2399 1213 2438 finem
1249 2412 1376 2438 suum
1409 2397 1542 2450 juxta
1581 2398 1754 2438 Consti-

287 2476 505 2515 tutionem
558 2475 742 2526 assequi,
787 2473 1069 2525 aucupandis,
1118 2472 1311 2524 inquam,
1353 2471 1755 2524 opportunitatibus

288 2548 567 2588 familiarium
610 2554 954 2599 sanctorumque
996 2558 1261 2593 sermonum,
1300 2545 1458 2597 quibus
1501 2558 1617 2598 saepe
1658 2545 1756 2598 plus

286 2621 530 2675 proficiunt,
585 2635 717 2673 quam
762 2621 834 2673 qui
886 2620 941 2660 ad
986 2633 1082 2659 eam
1141 2633 1230 2658 rem
1274 2619 1483 2658 doctrinis
1525 2625 1568 2658 et
1619 2619 1754 2658 literis

289 2696 572 2735 instruuntur.
636 2695 789 2747 Atque
818 2694 912 2734 haec
940 2695 995 2734 de
1029 2694 1207 2746 gemino
1242 2693 1476 2733 Societatis
1509 2693 1595 2733 fine
1623 2693 1755 2745 juxta

289 2769 673 2810 Constitutionem.

752 2856 764 2876 ¹
790 2858 861 2891 Col.
886 2866 913 2890 1.
1050 2856 1063 2876 ²
1089 2866 1103 2889 1
1124 2857 1205 2899 Reg.
1226 2864 1278 2899 30.
