1903 3197
378 147 458 192 De
489 144 666 191 studiis
700 143 870 189 772ent2'5
905 141 1328 204 interrumpendzk.
1484 155 1549 198 44
1554 155 1580 200 3

113 279 249 320 finitae
291 278 718 330 circumscriptaeque
759 276 931 316 virtutis
982 288 1139 327 corpus
1191 275 1335 326 ipsum
1377 273 1466 313 sit:
1518 273 1581 312 ita

115 353 248 393 etiam
302 352 358 392 ad
410 350 692 391 reficiendum
745 354 788 389 et
839 348 1122 388 recreandum
1176 347 1371 387 animum
1424 345 1579 385 eadem

113 433 269 467 natura
306 426 499 479 quietem
538 424 731 477 aliquam
769 422 993 475 postulat3
1038 421 1140 473 quia
1173 421 1238 460 vis
1275 421 1407 460 etiam
1446 419 1580 459 animi

117 500 382 553 quibusdam
413 498 536 552 quasi
566 497 724 537 finibus
751 494 1118 536 circumscribitur
1145 495 1188 534 in
1215 494 1396 546 agendo.
1462 491 1582 544 Quo-

115 573 228 614 circa
269 587 369 613 cum
412 572 468 612 ad
519 571 714 611 actiones
756 569 925 622 aliquas
975 573 1134 621 praeter
1185 567 1365 606 modum
1410 566 1582 605 animus

115 652 362 700 praeterque
385 650 586 685 naturam
610 644 688 683 niti
710 643 814 692 vult,
838 641 1080 682 necessario
1111 640 1292 687 laborat,
1317 653 1366 678 ac
1397 639 1582 691 proinde

118 720 251 760 etiam
294 719 585 771 defatigatur:
632 717 875 771 praesertim
914 715 1033 768 quod
1076 715 1118 754 in
1160 712 1404 753 actionibus
1447 712 1581 751 animi

118 806 276 846 corpus
316 792 479 845 pariter
519 790 771 840 collaborat,
809 803 866 830 ex
904 803 991 842 quo
1033 794 1246 840 tanquam
1291 787 1582 825 instrumento

116 866 419 919 intelligentiae
471 864 657 905 facultas
706 863 880 917 pendet.
965 864 1088 903 Bona
1138 868 1298 910 autem,
1351 874 1449 912 quae
1502 858 1583 899 sub

116 953 293 981 sensum
341 939 517 989 cadunt,
561 952 613 979 ea
663 943 766 978 sunt
811 937 1052 977 secundum
1105 941 1307 976 naturam
1359 932 1583 973 hominis:

116 1014 306 1067 ideoque
346 1026 446 1053 cum
488 1012 662 1053 animus
697 1026 722 1052 a
754 1012 952 1052 sensibus
995 1024 1040 1051 se
1082 1009 1272 1058 abducit,
1305 1007 1584 1048 consuetudi-

116 1101 259 1140 neque
311 1086 549 1136 oculorum,
591 1086 747 1126 studiis
799 1086 957 1126 mentis
999 1085 1204 1132 intentus,
1243 1083 1378 1123 oritur
1421 1081 1583 1122 exinde

113 1161 373 1215 defatigatio
415 1160 621 1213 quaedam
675 1159 914 1209 animalis;
961 1164 1005 1198 et
1046 1172 1134 1211 quo
1176 1157 1431 1197 sublimiora
1473 1160 1517 1196 et
1557 1168 1584 1195 a

112 1235 312 1276 sensibus
368 1234 602 1274 remotiora
663 1233 825 1273 fuerint
875 1232 1262 1285 contemplationis
1320 1230 1476 1279 studia,
1530 1241 1582 1269 eo

114 1307 374 1361 defatigatio
407 1307 577 1360 major:
620 1308 723 1360 quia
754 1307 848 1359 ejus
880 1312 1036 1346 natura
1067 1307 1111 1346 in
1143 1305 1352 1354 sensibus,
1379 1303 1584 1344 videlicet

115 1387 331 1433 tanquam
370 1380 490 1420 dorni
527 1394 618 1420 suae
658 1380 805 1428 haeret,
839 1380 1049 1432 quamdiu
1079 1384 1276 1419 versatur
1312 1378 1355 1417 in
1392 1390 1583 1430 corpore.

117 1455 377 1496 Necessaria
407 1459 474 1494 est
504 1455 636 1506 igitur
664 1454 702 1494 ei
732 1454 901 1507 requies
934 1453 1090 1506 aliqua,
1115 1466 1168 1492 ne
1199 1458 1427 1504 tamquam
1461 1464 1585 1490 arcus

118 1530 255 1570 nimia
277 1529 521 1569 intentione
548 1528 783 1581 frangatur.
847 1526 984 1579 Quies
1006 1532 1155 1566 autem
1186 1526 1320 1566 animi
1350 1524 1584 1565 delectatio

117 1609 194 1654 est,
217 1609 265 1643 ut
287 1603 416 1643 docet
450 1602 491 1643 S.
510 1601 706 1642 Thomas
724 1600 750 1643 :1
772 1601 960 1654 ideoque
993 1600 1132 1649 ludus,
1157 1600 1200 1639 in
1227 1613 1315 1652 quo
1347 1598 1585 1652 plurimum

118 1677 422 1718 delectationis
454 1677 577 1726 inest,
600 1677 635 1716 is
662 1682 728 1716 est
751 1676 947 1715 maxime
977 1681 1250 1728 opportunus
1273 1680 1316 1714 et
1338 1685 1586 1713 accommo—

120 1753 251 1793 datus
283 1750 528 1791 recreandis
558 1764 615 1790 ex
646 1750 890 1790 studiorum
921 1762 1210 1801 curarumque
1240 1748 1388 1788 labore
1417 1747 1586 1787 animis.

121 1825 331 1877 Sciteque
365 1824 642 1876 respondisse
679 1823 814 1863 fertur
851 1822 1136 1875 Evangelista
1166 1822 1359 1873 Joannes
1390 1820 1587 1861 venatori

118 1899 306 1947 cuidam,
347 1898 421 1950 qui
464 1897 583 1950 quod
635 1897 856 1950 perdicem
901 1895 1089 1936 molliter
1129 1895 1408 1944 demulceret,
1446 1900 1490 1934 et
1531 1893 1587 1934 ad

117 1979 213 2013 tam
256 1971 439 2011 humilia
480 1985 525 2011 se
566 1970 892 2011 oblectamenta
935 1969 1223 2019 submitteret,
1259 1975 1325 2009 est
1366 1969 1587 2009 offensus:

118 2045 271 2098 “Quid
290 2044 390 2095 est,”
415 2045 567 2097 inquit,
588 2045 735 2097 “quod
760 2057 891 2084 manu
910 2050 985 2084 tua
1007 2049 1154 2095 gestas
1171 2042 1213 2082 ?'’
1247 2043 1414 2083 Arcum
1438 2048 1585 2083 autem

118 2125 302 2160 venator
324 2119 436 2159 forte
457 2118 670 2171 gestabat.
734 2117 799 2158 At
828 2118 910 2167 ille,
936 2117 1144 2168 “Arcus‚’'
1168 2118 1318 2170 inquit.
1383 2117 1478 2157 “Et
1501 2129 1586 2166 cur,

119 2193 315 2246 Joannes
349 2194 421 2242 ait,
450 2206 536 2232 non
570 2206 668 2232 eum
703 2197 877 2232 tensum
910 2205 1082 2244 semper
1113 2191 1275 2244 ubique
1307 2189 1589 2231 circumfers?

124 2267 206 2309 Cui
248 2273 440 2315 venator,
480 2266 620 2306 “Non
657 2266 865 2319 oportet,'’
905 2266 1056 2318 inquit,
1095 2268 1185 2305 “ne
1213 2265 1308 2317 jugi
1341 2264 1590 2305 curvamine

119 2341 281 2395 vigoris
315 2340 528 2381 fortitudo
558 2340 710 2380 laxata
739 2340 966 2380 mollescat
989 2346 1121 2393 atque
1147 2340 1380 2392 depereat:
1413 2345 1466 2389 et,
1489 2351 1588 2380 cum

123 2415 378 2468 oportuerit,
403 2420 450 2455 ut
473 2415 651 2455 fortiora
681 2415 723 2454 in
752 2415 944 2467 aliquam
974 2414 1110 2453 feram
1141 2413 1307 2466 spicula
1335 2413 1589 2466 dirigantur,

122 2489 273 2541 vigore
314 2489 406 2541 jam
453 2503 530 2542 per
579 2490 852 2529 nimietatem
905 2489 1125 2528 continuae
1166 2488 1374 2527 tentionis
1415 2487 1588 2535 amisso,

122 2561 357 2602 violentior
388 2562 497 2603 ictus
529 2576 616 2603 non
649 2563 788 2615 possit
822 2561 998 2602 emitti.''
1063 2561 1197 2601 “Nec
1240 2561 1411 2610 nostri‚‘'
1449 2559 1591 2613 inquit

124 2635 395 2688 B.Joannes,
426 2636 595 2676 “animi
628 2643 671 2677 te
704 2636 913 2686 offendat,
941 2635 980 2676 O
1010 2635 1192 2688 juvenis,
1224 2641 1315 2675 tam
1342 2648 1476 2687 parva
1497 2633 1591 2673 haec

125 2711 359 2763 brevisque
403 2710 600 2761 laxatio;
658 2711 732 2763 qui
770 2712 850 2751 nisi
886 2711 1140 2751 remissione
1173 2711 1364 2763 quadam
1397 2709 1592 2761 vigorem

124 2784 384 2826 intentionis
431 2800 520 2826 suae
572 2785 792 2826 interdum
845 2785 1008 2826 relevet
1050 2799 1100 2825 ac
1153 2784 1332 2833 relaxet,
1376 2783 1593 2823 irremisso

614 2873 626 2893 ¹
653 2876 744 2908 Sum.
765 2875 786 2907 l.
808 2884 838 2907 2.
861 2886 914 2917 qu.
936 2881 987 2916 25.
1008 2886 1052 2906 ar.
1074 2883 1102 2907 2.
