<?xml version="1.0" encoding="UTF-8"?>
<!DOCTYPE html PUBLIC "-//W3C//DTD XHTML 1.0 Transitional//EN"
    "http://www.w3.org/TR/xhtml1/DTD/xhtml1-transitional.dtd">
<html xmlns="http://www.w3.org/1999/xhtml" xml:lang="en" lang="en">
 <head>
  <title>
</title>
<meta http-equiv="Content-Type" content="text/html;charset=utf-8" />
  <meta name='ocr-system' content='tesseract 3.04.00' />
  <meta name='ocr-capabilities' content='ocr_page ocr_carea ocr_par ocr_line ocrx_word'/>
</head>
<body>
  <div class='ocr_page' id='page_1' title='image "./nicolaiorlandini00orla/nicolaiorlandini00orla_0244.png"; bbox 0 0 1903 3197; ppageno 0'>
   <div class='ocr_carea' id='block_1_1' title="bbox 298 165 1436 223">
    <p class='ocr_par' dir='ltr' id='par_1_1' title="bbox 298 165 1436 223">
     <span class='ocr_line' id='line_1_1' title="bbox 298 165 1436 223; baseline 0.002 -13"><span class='ocrx_word' id='word_1_1' title='bbox 298 180 393 223; x_wconf 81' lang='lat'><strong>224</strong></span> <span class='ocrx_word' id='word_1_2' title='bbox 617 165 698 212; x_wconf 79' lang='lat' dir='ltr'><strong>De</strong></span> <span class='ocrx_word' id='word_1_3' title='bbox 729 165 919 212; x_wconf 71' lang='lat' dir='ltr'><strong>ratione</strong></span> <span class='ocrx_word' id='word_1_4' title='bbox 951 165 1144 212; x_wconf 70' lang='lat' dir='ltr'><strong>vivendi</strong></span> <span class='ocrx_word' id='word_1_5' title='bbox 1177 166 1436 213; x_wconf 74' lang='lat' dir='ltr'><strong>Socz&#39;elcztz&#39;s.</strong></span> 
     </span>
    </p>
   </div>
   <div class='ocr_carea' id='block_1_2' title="bbox 290 296 523 339">
    <p class='ocr_par' dir='ltr' id='par_1_2' title="bbox 290 296 523 339">
     <span class='ocr_line' id='line_1_2' title="bbox 290 296 523 339; baseline -0.009 0"><span class='ocrx_word' id='word_1_6' title='bbox 290 297 496 339; x_wconf 85' lang='lat' dir='ltr'><strong>animas.‘’</strong></span> <span class='ocrx_word' id='word_1_7' title='bbox 508 296 523 320; x_wconf 81' lang='lat'>¹</span> 
     </span>
    </p>
   </div>
   <div class='ocr_carea' id='block_1_3' title="bbox 290 298 1761 722">
    <p class='ocr_par' dir='ltr' id='par_1_3' title="bbox 290 298 1761 722">
     <span class='ocr_line' id='line_1_3' title="bbox 607 298 1757 352; baseline 0.001 -15"><span class='ocrx_word' id='word_1_8' title='bbox 607 298 708 338; x_wconf 90' lang='lat' dir='ltr'><strong>Hoc</strong></span> <span class='ocrx_word' id='word_1_9' title='bbox 752 298 957 339; x_wconf 88' lang='lat' dir='ltr'><strong>videlicet</strong></span> <span class='ocrx_word' id='word_1_10' title='bbox 1003 299 1160 352; x_wconf 90' lang='lat' dir='ltr'><strong>laqueo</strong></span> <span class='ocrx_word' id='word_1_11' title='bbox 1207 298 1602 352; x_wconf 81' lang='lat' dir='ltr'><strong>comprehenderat</strong></span> <span class='ocrx_word' id='word_1_12' title='bbox 1648 298 1757 339; x_wconf 83' lang='lat' dir='ltr'><strong>olim·</strong></span> 
     </span>
     <span class='ocr_line' id='line_1_4' title="bbox 295 371 1759 426; baseline 0.001 -13"><span class='ocrx_word' id='word_1_13' title='bbox 295 371 471 413; x_wconf 79' lang='lat' dir='ltr'>Scribas</span> <span class='ocrx_word' id='word_1_14' title='bbox 509 377 551 411; x_wconf 90' lang='lat' dir='ltr'><strong>et</strong></span> <span class='ocrx_word' id='word_1_15' title='bbox 587 371 842 422; x_wconf 81' lang='lat' dir='ltr'><strong>Pharisaeos,</strong></span> <span class='ocrx_word' id='word_1_16' title='bbox 878 373 951 425; x_wconf 90' lang='lat' dir='ltr'><strong>qui</strong></span> <span class='ocrx_word' id='word_1_17' title='bbox 989 375 1137 414; x_wconf 90' lang='lat' dir='ltr'><strong>omnia</strong></span> <span class='ocrx_word' id='word_1_18' title='bbox 1174 387 1309 426; x_wconf 90' lang='lat' dir='ltr'><strong>opera</strong></span> <span class='ocrx_word' id='word_1_19' title='bbox 1346 387 1424 413; x_wconf 91' lang='lat' dir='ltr'><strong>sua</strong></span> <span class='ocrx_word' id='word_1_20' title='bbox 1461 373 1680 415; x_wconf 78' lang='lat' dir='ltr'><strong>faciebant</strong></span> <span class='ocrx_word' id='word_1_21' title='bbox 1711 381 1759 415; x_wconf 89' lang='lat' dir='ltr'><strong>ut</strong></span> 
     </span>
     <span class='ocr_line' id='line_1_5' title="bbox 290 445 1756 501; baseline 0.003 -16"><span class='ocrx_word' id='word_1_22' title='bbox 290 446 542 486; x_wconf 85' lang='lat' dir='ltr'><strong>viderentur</strong></span> <span class='ocrx_word' id='word_1_23' title='bbox 564 446 619 486; x_wconf 89' lang='lat' dir='ltr'><strong>ab</strong></span> <span class='ocrx_word' id='word_1_24' title='bbox 641 445 894 487; x_wconf 90' lang='lat' dir='ltr'><strong>hominibus</strong></span> <span class='ocrx_word' id='word_1_25' title='bbox 914 461 923 497; x_wconf 79' lang='lat'><em>3</em></span> <span class='ocrx_word' id='word_1_26' title='bbox 957 461 1067 500; x_wconf 89' lang='lat' dir='ltr'><strong>quos</strong></span> <span class='ocrx_word' id='word_1_27' title='bbox 1093 462 1211 501; x_wconf 70' lang='lat' dir='ltr'><strong>saepe</strong></span> <span class='ocrx_word' id='word_1_28' title='bbox 1235 447 1437 488; x_wconf 88' lang='lat' dir='ltr'><strong>Christus</strong></span> <span class='ocrx_word' id='word_1_29' title='bbox 1466 448 1756 501; x_wconf 86' lang='lat' dir='ltr'><strong>reprehendit,</strong></span> 
     </span>
     <span class='ocr_line' id='line_1_6' title="bbox 293 520 1757 575; baseline 0.001 -14"><span class='ocrx_word' id='word_1_30' title='bbox 293 527 336 561; x_wconf 90' lang='lat' dir='ltr'><strong>et</strong></span> <span class='ocrx_word' id='word_1_31' title='bbox 368 520 586 561; x_wconf 84' lang='lat' dir='ltr'><strong>cavendos</strong></span> <span class='ocrx_word' id='word_1_32' title='bbox 617 520 840 574; x_wconf 80' lang='lat' dir='ltr'><strong>discipulis</strong></span> <span class='ocrx_word' id='word_1_33' title='bbox 873 520 1053 562; x_wconf 78' lang='lat' dir='ltr'><strong>monet.&#39;2</strong></span> <span class='ocrx_word' id='word_1_34' title='bbox 1116 522 1188 561; x_wconf 78' lang='lat' dir='ltr'><strong>Ex</strong></span> <span class='ocrx_word' id='word_1_35' title='bbox 1218 536 1307 574; x_wconf 89' lang='lat' dir='ltr'><strong>quo</strong></span> <span class='ocrx_word' id='word_1_36' title='bbox 1339 521 1522 575; x_wconf 83' lang='lat' dir='ltr'><strong>intelligi</strong></span> <span class='ocrx_word' id='word_1_37' title='bbox 1550 521 1660 572; x_wconf 91' lang='lat' dir='ltr'><strong>licet,</strong></span> <span class='ocrx_word' id='word_1_38' title='bbox 1684 524 1757 575; x_wconf 90' lang='lat' dir='ltr'><strong>qui</strong></span> 
     </span>
     <span class='ocr_line' id='line_1_7' title="bbox 290 593 1757 648; baseline 0.002 -15"><span class='ocrx_word' id='word_1_39' title='bbox 290 593 440 646; x_wconf 75' lang='lat' dir='ltr'><strong>gloriae</strong></span> <span class='ocrx_word' id='word_1_40' title='bbox 473 608 523 635; x_wconf 87' lang='lat' dir='ltr'><strong>ac</strong></span> <span class='ocrx_word' id='word_1_41' title='bbox 555 594 696 635; x_wconf 89' lang='lat' dir='ltr'><strong>laudis</strong></span> <span class='ocrx_word' id='word_1_42' title='bbox 728 596 970 648; x_wconf 87' lang='lat' dir='ltr'><strong>cupiditate</strong></span> <span class='ocrx_word' id='word_1_43' title='bbox 1002 597 1231 645; x_wconf 88' lang='lat' dir='ltr'><strong>ducuntur,</strong></span> <span class='ocrx_word' id='word_1_44' title='bbox 1264 610 1340 636; x_wconf 93' lang='lat' dir='ltr'><strong>eos</strong></span> <span class='ocrx_word' id='word_1_45' title='bbox 1376 609 1463 636; x_wconf 93' lang='lat' dir='ltr'><strong>non</strong></span> <span class='ocrx_word' id='word_1_46' title='bbox 1499 595 1583 637; x_wconf 88' lang='lat' dir='ltr'><strong>hoc</strong></span> <span class='ocrx_word' id='word_1_47' title='bbox 1614 596 1757 637; x_wconf 90' lang='lat' dir='ltr'><strong>solum</strong></span> 
     </span>
     <span class='ocr_line' id='line_1_8' title="bbox 294 668 1761 722; baseline 0.001 -14"><span class='ocrx_word' id='word_1_48' title='bbox 294 669 412 717; x_wconf 87' lang='lat' dir='ltr'><strong>vitio,</strong></span> <span class='ocrx_word' id='word_1_49' title='bbox 442 682 591 708; x_wconf 88' lang='lat' dir='ltr'><strong>verum</strong></span> <span class='ocrx_word' id='word_1_50' title='bbox 625 669 758 709; x_wconf 87' lang='lat' dir='ltr'><strong>etiarn</strong></span> <span class='ocrx_word' id='word_1_51' title='bbox 791 668 886 709; x_wconf 85' lang='lat' dir='ltr'><strong>aliis</strong></span> <span class='ocrx_word' id='word_1_52' title='bbox 922 669 1120 722; x_wconf 80' lang='lat' dir='ltr'><strong>plurimis</strong></span> <span class='ocrx_word' id='word_1_53' title='bbox 1152 670 1378 710; x_wconf 85' lang='lat' dir='ltr'><strong>laborare·</strong></span> <span class='ocrx_word' id='word_1_54' title='bbox 1418 671 1628 722; x_wconf 88' lang='lat' dir='ltr'><strong>quoniam</strong></span> <span class='ocrx_word' id='word_1_55' title='bbox 1665 669 1761 711; x_wconf 81' lang='lat' dir='ltr'><strong>haec</strong></span> 
     </span>
    </p>
   </div>
   <div class='ocr_carea' id='block_1_4' title="bbox 1371 704 1379 719">
    <p class='ocr_par' dir='ltr' id='par_1_4' title="bbox 1371 704 1379 719">
     <span class='ocr_line' id='line_1_9' title="bbox 1371 704 1379 719; baseline 0 0"><span class='ocrx_word' id='word_1_56' title='bbox 1371 704 1379 719; x_wconf 74' lang='grc'><strong><em>7</em></strong></span> 
     </span>
    </p>
   </div>
   <div class='ocr_carea' id='block_1_5' title="bbox 283 741 1762 2787">
    <p class='ocr_par' dir='ltr' id='par_1_5' title="bbox 292 741 1758 857">
     <span class='ocr_line' id='line_1_10' title="bbox 292 741 1758 795; baseline 0.003 -14"><span class='ocrx_word' id='word_1_57' title='bbox 292 741 481 782; x_wconf 80' lang='lat' dir='ltr'><strong>fenestra</strong></span> <span class='ocrx_word' id='word_1_58' title='bbox 515 743 720 794; x_wconf 82' lang='lat' dir='ltr'><strong>quaedam</strong></span> <span class='ocrx_word' id='word_1_59' title='bbox 755 749 831 793; x_wconf 87' lang='lat' dir='ltr'><strong>est,</strong></span> <span class='ocrx_word' id='word_1_60' title='bbox 855 758 942 795; x_wconf 89' lang='lat' dir='ltr'><strong>qua</strong></span> <span class='ocrx_word' id='word_1_61' title='bbox 976 758 1022 784; x_wconf 82' lang='lat' dir='ltr'><strong>se</strong></span> <span class='ocrx_word' id='word_1_62' title='bbox 1057 745 1099 783; x_wconf 89' lang='lat' dir='ltr'><strong>in</strong></span> <span class='ocrx_word' id='word_1_63' title='bbox 1135 744 1327 784; x_wconf 83' lang='lat' dir='ltr'><strong>animam</strong></span> <span class='ocrx_word' id='word_1_64' title='bbox 1364 744 1556 785; x_wconf 84' lang='lat' dir='ltr'><strong>Satanas</strong></span> <span class='ocrx_word' id='word_1_65' title='bbox 1589 744 1758 785; x_wconf 83' lang='lat' dir='ltr'><strong>occulte</strong></span> 
     </span>
     <span class='ocr_line' id='line_1_11' title="bbox 297 817 497 857; baseline 0.005 -2"><span class='ocrx_word' id='word_1_66' title='bbox 297 817 497 857; x_wconf 85' lang='lat' dir='ltr'><strong>insinuat.</strong></span> 
     </span>
    </p>

    <p class='ocr_par' dir='ltr' id='par_1_6' title="bbox 284 890 1762 2128">
     <span class='ocr_line' id='line_1_12' title="bbox 378 890 1759 943; baseline 0.002 -13"><span class='ocrx_word' id='word_1_67' title='bbox 378 890 554 930; x_wconf 87' lang='lat' dir='ltr'><strong>Deinde</strong></span> <span class='ocrx_word' id='word_1_68' title='bbox 575 904 689 938; x_wconf 83' lang='lat' dir='ltr'><strong>vero,</strong></span> <span class='ocrx_word' id='word_1_69' title='bbox 713 891 862 943; x_wconf 78' lang='lat' dir='ltr'><strong>gloriae</strong></span> <span class='ocrx_word' id='word_1_70' title='bbox 892 891 1122 943; x_wconf 82' lang='lat' dir='ltr'><strong>laudisque</strong></span> <span class='ocrx_word' id='word_1_71' title='bbox 1150 892 1356 932; x_wconf 80' lang='lat' dir='ltr'><strong>humanae</strong></span> <span class='ocrx_word' id='word_1_72' title='bbox 1385 893 1480 932; x_wconf 90' lang='lat' dir='ltr'><strong>sitis</strong></span> <span class='ocrx_word' id='word_1_73' title='bbox 1503 892 1759 934; x_wconf 83' lang='lat' dir='ltr'><strong>dulcissima</strong></span> 
     </span>
     <span class='ocr_line' id='line_1_13' title="bbox 292 965 1756 1017; baseline 0.001 -12"><span class='ocrx_word' id='word_1_74' title='bbox 292 970 359 1005; x_wconf 91' lang='lat' dir='ltr'><strong>est</strong></span> <span class='ocrx_word' id='word_1_75' title='bbox 394 972 573 1017; x_wconf 89' lang='lat' dir='ltr'><strong>propter</strong></span> <span class='ocrx_word' id='word_1_76' title='bbox 609 965 872 1017; x_wconf 84' lang='lat' dir='ltr'><strong>superbiam,</strong></span> <span class='ocrx_word' id='word_1_77' title='bbox 909 965 976 1004; x_wconf 90' lang='lat' dir='ltr'><strong>cui</strong></span> <span class='ocrx_word' id='word_1_78' title='bbox 1016 972 1171 1005; x_wconf 87' lang='lat' dir='ltr'><strong>natura</strong></span> <span class='ocrx_word' id='word_1_79' title='bbox 1209 966 1542 1017; x_wconf 88' lang='lat' dir='ltr'><strong>quodammodo</strong></span> <span class='ocrx_word' id='word_1_80' title='bbox 1579 967 1756 1007; x_wconf 88' lang='lat' dir='ltr'><strong>insitum</strong></span> 
     </span>
     <span class='ocr_line' id='line_1_14' title="bbox 292 1038 1761 1091; baseline 0.002 -13"><span class='ocrx_word' id='word_1_81' title='bbox 292 1045 367 1084; x_wconf 76' lang='lat' dir='ltr'><strong>est,</strong></span> <span class='ocrx_word' id='word_1_82' title='bbox 420 1044 521 1091; x_wconf 89' lang='lat' dir='ltr'><strong>post</strong></span> <span class='ocrx_word' id='word_1_83' title='bbox 563 1038 735 1091; x_wconf 84' lang='lat' dir='ltr'><strong>lapsum</strong></span> <span class='ocrx_word' id='word_1_84' title='bbox 779 1039 907 1091; x_wconf 88' lang='lat' dir='ltr'><strong>primi</strong></span> <span class='ocrx_word' id='word_1_85' title='bbox 955 1040 1160 1091; x_wconf 86' lang='lat' dir='ltr'><strong>parentis,</strong></span> <span class='ocrx_word' id='word_1_86' title='bbox 1203 1039 1315 1079; x_wconf 90' lang='lat' dir='ltr'><strong>velle</strong></span> <span class='ocrx_word' id='word_1_87' title='bbox 1360 1040 1403 1078; x_wconf 91' lang='lat' dir='ltr'><strong>in</strong></span> <span class='ocrx_word' id='word_1_88' title='bbox 1445 1040 1643 1079; x_wconf 87' lang='lat' dir='ltr'><strong>omnium</strong></span> <span class='ocrx_word' id='word_1_89' title='bbox 1687 1055 1761 1081; x_wconf 90' lang='lat' dir='ltr'><strong>ore</strong></span> 
     </span>
     <span class='ocr_line' id='line_1_15' title="bbox 292 1112 1762 1164; baseline 0.001 -11"><span class='ocrx_word' id='word_1_90' title='bbox 292 1112 518 1164; x_wconf 89' lang='lat' dir='ltr'><strong>oculisque</strong></span> <span class='ocrx_word' id='word_1_91' title='bbox 558 1112 748 1161; x_wconf 83' lang='lat' dir='ltr'><strong>versari;</strong></span> <span class='ocrx_word' id='word_1_92' title='bbox 802 1118 845 1152; x_wconf 85' lang='lat' dir='ltr'><strong>ct</strong></span> <span class='ocrx_word' id='word_1_93' title='bbox 882 1113 1000 1164; x_wconf 90' lang='lat' dir='ltr'><strong>quod</strong></span> <span class='ocrx_word' id='word_1_94' title='bbox 1049 1113 1322 1153; x_wconf 86' lang='lat' dir='ltr'><strong>reddendum</strong></span> <span class='ocrx_word' id='word_1_95' title='bbox 1366 1119 1431 1153; x_wconf 87' lang='lat' dir='ltr'><strong>cst</strong></span> <span class='ocrx_word' id='word_1_96' title='bbox 1474 1114 1572 1154; x_wconf 95' lang='lat' dir='ltr'><strong>Deo</strong></span> <span class='ocrx_word' id='word_1_97' title='bbox 1619 1114 1762 1155; x_wconf 87' lang='lat' dir='ltr'><strong>laudis</strong></span> 
     </span>
     <span class='ocr_line' id='line_1_16' title="bbox 288 1186 1761 1241; baseline 0.002 -16"><span class='ocrx_word' id='word_1_98' title='bbox 288 1199 339 1226; x_wconf 85' lang='lat' dir='ltr'><strong>ac</strong></span> <span class='ocrx_word' id='word_1_99' title='bbox 375 1186 538 1239; x_wconf 58' lang='lat' dir='ltr'><strong>gloriae,</strong></span> <span class='ocrx_word' id='word_1_100' title='bbox 571 1186 614 1226; x_wconf 91' lang='lat' dir='ltr'><strong>id</strong></span> <span class='ocrx_word' id='word_1_101' title='bbox 657 1186 739 1226; x_wconf 88' lang='lat' dir='ltr'><strong>sibi</strong></span> <span class='ocrx_word' id='word_1_102' title='bbox 777 1193 1034 1239; x_wconf 80' lang='lat' dir='ltr'><strong>arroganter</strong></span> <span class='ocrx_word' id='word_1_103' title='bbox 1069 1201 1301 1227; x_wconf 83' lang='lat' dir='ltr'><strong>assumere.</strong></span> <span class='ocrx_word' id='word_1_104' title='bbox 1385 1187 1588 1228; x_wconf 87' lang='lat' dir='ltr'><strong>Dulcedo</strong></span> <span class='ocrx_word' id='word_1_105' title='bbox 1627 1189 1761 1241; x_wconf 89' lang='lat' dir='ltr'><strong>igitur</strong></span> 
     </span>
     <span class='ocr_line' id='line_1_17' title="bbox 288 1260 1759 1311; baseline 0.002 -12"><span class='ocrx_word' id='word_1_106' title='bbox 288 1260 495 1300; x_wconf 77' lang='lat' dir='ltr'><strong>humanae</strong></span> <span class='ocrx_word' id='word_1_107' title='bbox 525 1260 667 1300; x_wconf 89' lang='lat' dir='ltr'><strong>laudis</strong></span> <span class='ocrx_word' id='word_1_108' title='bbox 689 1266 813 1301; x_wconf 89' lang='lat' dir='ltr'><strong>tanta</strong></span> <span class='ocrx_word' id='word_1_109' title='bbox 837 1267 913 1309; x_wconf 89' lang='lat' dir='ltr'><strong>est,</strong></span> <span class='ocrx_word' id='word_1_110' title='bbox 938 1267 985 1301; x_wconf 91' lang='lat' dir='ltr'><strong>ut</strong></span> <span class='ocrx_word' id='word_1_111' title='bbox 1009 1262 1052 1300; x_wconf 92' lang='lat' dir='ltr'><strong>in</strong></span> <span class='ocrx_word' id='word_1_112' title='bbox 1075 1262 1280 1301; x_wconf 91' lang='lat' dir='ltr'><strong>omnibus</strong></span> <span class='ocrx_word' id='word_1_113' title='bbox 1303 1262 1561 1311; x_wconf 81' lang='lat' dir='ltr'><strong>actionibuS,</strong></span> <span class='ocrx_word' id='word_1_114' title='bbox 1586 1263 1759 1302; x_wconf 90' lang='lat' dir='ltr'><strong>etiamsi</strong></span> 
     </span>
     <span class='ocr_line' id='line_1_18' title="bbox 287 1334 1759 1388; baseline 0.001 -14"><span class='ocrx_word' id='word_1_115' title='bbox 287 1334 431 1387; x_wconf 90' lang='lat' dir='ltr'><strong>primo</strong></span> <span class='ocrx_word' id='word_1_116' title='bbox 454 1335 639 1387; x_wconf 74' lang='lat' dir='ltr'><strong>quaesita</strong></span> <span class='ocrx_word' id='word_1_117' title='bbox 672 1349 758 1375; x_wconf 92' lang='lat' dir='ltr'><strong>non</strong></span> <span class='ocrx_word' id='word_1_118' title='bbox 782 1336 849 1384; x_wconf 91' lang='lat' dir='ltr'><strong>sit,</strong></span> <span class='ocrx_word' id='word_1_119' title='bbox 875 1349 982 1375; x_wconf 79' lang='lat' dir='ltr'><strong>mox</strong></span> <span class='ocrx_word' id='word_1_120' title='bbox 1006 1342 1155 1376; x_wconf 90' lang='lat' dir='ltr'><strong>tamen</strong></span> <span class='ocrx_word' id='word_1_121' title='bbox 1180 1335 1329 1376; x_wconf 88' lang='lat' dir='ltr'><strong>oblata</strong></span> <span class='ocrx_word' id='word_1_122' title='bbox 1352 1335 1556 1376; x_wconf 87' lang='lat' dir='ltr'><strong>delectat.</strong></span> <span class='ocrx_word' id='word_1_123' title='bbox 1622 1335 1759 1388; x_wconf 89' lang='lat' dir='ltr'><strong>Cujus</strong></span> 
     </span>
     <span class='ocr_line' id='line_1_19' title="bbox 287 1409 1760 1463; baseline 0.001 -15"><span class='ocrx_word' id='word_1_124' title='bbox 287 1409 466 1461; x_wconf 89' lang='lat' dir='ltr'><strong>quidem</strong></span> <span class='ocrx_word' id='word_1_125' title='bbox 505 1414 822 1449; x_wconf 89' lang='lat' dir='ltr'><strong>nocumentum</strong></span> <span class='ocrx_word' id='word_1_126' title='bbox 860 1423 911 1449; x_wconf 91' lang='lat' dir='ltr'><strong>eo</strong></span> <span class='ocrx_word' id='word_1_127' title='bbox 950 1409 1092 1462; x_wconf 88' lang='lat' dir='ltr'><strong>majus</strong></span> <span class='ocrx_word' id='word_1_128' title='bbox 1128 1415 1206 1458; x_wconf 89' lang='lat' dir='ltr'><strong>est,</strong></span> <span class='ocrx_word' id='word_1_129' title='bbox 1232 1410 1350 1462; x_wconf 90' lang='lat' dir='ltr'><strong>quod</strong></span> <span class='ocrx_word' id='word_1_130' title='bbox 1393 1415 1576 1463; x_wconf 88' lang='lat' dir='ltr'><strong>propter</strong></span> <span class='ocrx_word' id='word_1_131' title='bbox 1612 1410 1760 1451; x_wconf 89' lang='lat' dir='ltr'><strong>dulce-</strong></span> 
     </span>
     <span class='ocr_line' id='line_1_20' title="bbox 287 1482 1758 1539; baseline 0.001 -16"><span class='ocrx_word' id='word_1_132' title='bbox 287 1482 436 1523; x_wconf 88' lang='lat' dir='ltr'><strong>dinem</strong></span> <span class='ocrx_word' id='word_1_133' title='bbox 480 1497 567 1523; x_wconf 90' lang='lat' dir='ltr'><strong>non</strong></span> <span class='ocrx_word' id='word_1_134' title='bbox 609 1484 804 1524; x_wconf 88' lang='lat' dir='ltr'><strong>sentitur.</strong></span> <span class='ocrx_word' id='word_1_135' title='bbox 889 1483 1134 1524; x_wconf 86' lang='lat' dir='ltr'><strong>Confirmat</strong></span> <span class='ocrx_word' id='word_1_136' title='bbox 1185 1483 1269 1523; x_wconf 91' lang='lat' dir='ltr'><strong>hoc</strong></span> <span class='ocrx_word' id='word_1_137' title='bbox 1312 1483 1496 1536; x_wconf 90' lang='lat' dir='ltr'><strong>pulchro</strong></span> <span class='ocrx_word' id='word_1_138' title='bbox 1538 1484 1667 1524; x_wconf 89' lang='lat' dir='ltr'><strong>simili</strong></span> <span class='ocrx_word' id='word_1_139' title='bbox 1711 1485 1758 1539; x_wconf 66' lang='lat' dir='ltr'><strong>is,</strong></span> 
     </span>
     <span class='ocr_line' id='line_1_21' title="bbox 286 1556 1759 1611; baseline 0.001 -15"><span class='ocrx_word' id='word_1_140' title='bbox 286 1569 418 1609; x_wconf 90' lang='lat' dir='ltr'><strong>quem</strong></span> <span class='ocrx_word' id='word_1_141' title='bbox 471 1557 578 1606; x_wconf 83' lang='lat' dir='ltr'><strong>dixi,</strong></span> <span class='ocrx_word' id='word_1_142' title='bbox 624 1558 670 1597; x_wconf 82' lang='lat' dir='ltr'><strong>B.</strong></span> <span class='ocrx_word' id='word_1_143' title='bbox 706 1558 842 1597; x_wconf 83' lang='lat' dir='ltr'><strong>IsaaC.</strong></span> <span class='ocrx_word' id='word_1_144' title='bbox 927 1558 1033 1598; x_wconf 89' lang='lat' dir='ltr'><strong>“Ut</strong></span> <span class='ocrx_word' id='word_1_145' title='bbox 1085 1556 1241 1605; x_wconf 80' lang='lat' dir='ltr'><strong>canis,&#39;&#39;</strong></span> <span class='ocrx_word' id='word_1_146' title='bbox 1278 1558 1431 1610; x_wconf 89' lang='lat' dir='ltr'><strong>inquit,</strong></span> <span class='ocrx_word' id='word_1_147' title='bbox 1468 1559 1578 1610; x_wconf 88' lang='lat' dir='ltr'><strong>“qui</strong></span> <span class='ocrx_word' id='word_1_148' title='bbox 1632 1558 1759 1611; x_wconf 89' lang='lat' dir='ltr'><strong>lingit</strong></span> 
     </span>
     <span class='ocr_line' id='line_1_22' title="bbox 284 1630 1756 1684; baseline 0.001 -13"><span class='ocrx_word' id='word_1_149' title='bbox 284 1630 476 1680; x_wconf 87' lang='lat' dir='ltr'><strong>vulnera,</strong></span> <span class='ocrx_word' id='word_1_150' title='bbox 529 1632 649 1684; x_wconf 88' lang='lat' dir='ltr'><strong>prius</strong></span> <span class='ocrx_word' id='word_1_151' title='bbox 701 1631 959 1684; x_wconf 87' lang='lat' dir='ltr'><strong>sanguinem</strong></span> <span class='ocrx_word' id='word_1_152' title='bbox 1018 1631 1141 1679; x_wconf 85' lang='lat' dir='ltr'><strong>bibit,</strong></span> <span class='ocrx_word' id='word_1_153' title='bbox 1194 1638 1238 1671; x_wconf 90' lang='lat' dir='ltr'><strong>et</strong></span> <span class='ocrx_word' id='word_1_154' title='bbox 1290 1637 1607 1672; x_wconf 89' lang='lat' dir='ltr'><strong>nocumentum</strong></span> <span class='ocrx_word' id='word_1_155' title='bbox 1667 1645 1756 1672; x_wconf 89' lang='lat' dir='ltr'><strong>non</strong></span> 
     </span>
     <span class='ocr_line' id='line_1_23' title="bbox 286 1704 1754 1758; baseline 0.001 -13"><span class='ocrx_word' id='word_1_156' title='bbox 286 1706 420 1746; x_wconf 86' lang='lat' dir='ltr'><strong>sentit</strong></span> <span class='ocrx_word' id='word_1_157' title='bbox 471 1711 650 1758; x_wconf 88' lang='lat' dir='ltr'><strong>propter</strong></span> <span class='ocrx_word' id='word_1_158' title='bbox 695 1704 986 1754; x_wconf 85' lang='lat' dir='ltr'><strong>dulcedinem,</strong></span> <span class='ocrx_word' id='word_1_159' title='bbox 1029 1719 1128 1758; x_wconf 63' lang='lat' dir='ltr'><strong>quae</strong></span> <span class='ocrx_word' id='word_1_160' title='bbox 1170 1705 1219 1745; x_wconf 89' lang='lat' dir='ltr'><strong>fit</strong></span> <span class='ocrx_word' id='word_1_161' title='bbox 1262 1706 1317 1745; x_wconf 90' lang='lat' dir='ltr'><strong>ad</strong></span> <span class='ocrx_word' id='word_1_162' title='bbox 1369 1705 1552 1754; x_wconf 83' lang='lat' dir='ltr'><strong>horam3</strong></span> <span class='ocrx_word' id='word_1_163' title='bbox 1605 1707 1666 1746; x_wconf 91' lang='lat' dir='ltr'><strong>sic</strong></span> <span class='ocrx_word' id='word_1_164' title='bbox 1709 1713 1754 1747; x_wconf 90' lang='lat' dir='ltr'><strong>et</strong></span> 
     </span>
     <span class='ocr_line' id='line_1_24' title="bbox 287 1778 1757 1832; baseline 0.001 -14"><span class='ocrx_word' id='word_1_165' title='bbox 287 1778 539 1828; x_wconf 87' lang='lat' dir='ltr'><strong>monachus,</strong></span> <span class='ocrx_word' id='word_1_166' title='bbox 572 1792 731 1819; x_wconf 86' lang='lat' dir='ltr'><strong>vanam</strong></span> <span class='ocrx_word' id='word_1_167' title='bbox 778 1778 963 1831; x_wconf 80' lang='lat' dir='ltr'><strong>gloriam</strong></span> <span class='ocrx_word' id='word_1_168' title='bbox 1012 1779 1180 1828; x_wconf 90' lang='lat' dir='ltr'><strong>bibens,</strong></span> <span class='ocrx_word' id='word_1_169' title='bbox 1215 1779 1439 1832; x_wconf 83' lang='lat' dir='ltr'><strong>propriam</strong></span> <span class='ocrx_word' id='word_1_170' title='bbox 1478 1779 1615 1819; x_wconf 85' lang='lat' dir='ltr'><strong>vitam</strong></span> <span class='ocrx_word' id='word_1_171' title='bbox 1654 1793 1757 1819; x_wconf 91' lang='lat' dir='ltr'><strong>con-</strong></span> 
     </span>
     <span class='ocr_line' id='line_1_25' title="bbox 285 1852 1751 1906; baseline 0 -13"><span class='ocrx_word' id='word_1_172' title='bbox 285 1854 431 1902; x_wconf 87' lang='lat' dir='ltr'><strong>sumit,</strong></span> <span class='ocrx_word' id='word_1_173' title='bbox 475 1859 519 1893; x_wconf 89' lang='lat' dir='ltr'><strong>et</strong></span> <span class='ocrx_word' id='word_1_174' title='bbox 560 1866 648 1893; x_wconf 90' lang='lat' dir='ltr'><strong>non</strong></span> <span class='ocrx_word' id='word_1_175' title='bbox 695 1853 829 1892; x_wconf 90' lang='lat' dir='ltr'><strong>sentit</strong></span> <span class='ocrx_word' id='word_1_176' title='bbox 880 1858 1196 1892; x_wconf 88' lang='lat' dir='ltr'><strong>nocumentum</strong></span> <span class='ocrx_word' id='word_1_177' title='bbox 1249 1859 1430 1906; x_wconf 88' lang='lat' dir='ltr'><strong>propter</strong></span> <span class='ocrx_word' id='word_1_178' title='bbox 1471 1852 1751 1893; x_wconf 88' lang='lat' dir='ltr'><strong>dulcedinem</strong></span> 
     </span>
     <span class='ocr_line' id='line_1_26' title="bbox 284 1925 1757 1980; baseline 0 -13"><span class='ocrx_word' id='word_1_179' title='bbox 284 1940 384 1980; x_wconf 79' lang='lat' dir='ltr'><strong>quae</strong></span> <span class='ocrx_word' id='word_1_180' title='bbox 427 1927 483 1967; x_wconf 88' lang='lat' dir='ltr'><strong>ad</strong></span> <span class='ocrx_word' id='word_1_181' title='bbox 525 1926 678 1967; x_wconf 88' lang='lat' dir='ltr'><strong>horam</strong></span> <span class='ocrx_word' id='word_1_182' title='bbox 721 1927 770 1967; x_wconf 88' lang='lat' dir='ltr'><strong>fit</strong></span> <span class='ocrx_word' id='word_1_183' title='bbox 811 1926 961 1979; x_wconf 68' lang='lat' dir='ltr'><strong>gloriae</strong></span> <span class='ocrx_word' id='word_1_184' title='bbox 1005 1925 1272 1966; x_wconf 74' lang='lat' dir='ltr'><strong>secularis.&#39;&#39;3</strong></span> <span class='ocrx_word' id='word_1_185' title='bbox 1343 1926 1403 1966; x_wconf 89' lang='lat' dir='ltr'><strong>Et</strong></span> <span class='ocrx_word' id='word_1_186' title='bbox 1446 1926 1632 1966; x_wconf 86' lang='lat' dir='ltr'><strong>Basilius</strong></span> <span class='ocrx_word' id='word_1_187' title='bbox 1674 1926 1757 1967; x_wconf 90' lang='lat' dir='ltr'><strong>hac</strong></span> 
     </span>
     <span class='ocr_line' id='line_1_27' title="bbox 287 2000 1758 2054; baseline -0.001 -12"><span class='ocrx_word' id='word_1_188' title='bbox 287 2001 343 2042; x_wconf 93' lang='lat' dir='ltr'><strong>de</strong></span> <span class='ocrx_word' id='word_1_189' title='bbox 372 2015 505 2042; x_wconf 87' lang='lat' dir='ltr'><strong>causa</strong></span> <span class='ocrx_word' id='word_1_190' title='bbox 534 2000 729 2054; x_wconf 89' lang='lat' dir='ltr'><strong>appellat</strong></span> <span class='ocrx_word' id='word_1_191' title='bbox 757 2000 998 2041; x_wconf 89' lang='lat' dir='ltr'><strong>humanam</strong></span> <span class='ocrx_word' id='word_1_192' title='bbox 1028 2000 1214 2053; x_wconf 89' lang='lat' dir='ltr'><strong>gloriam</strong></span> <span class='ocrx_word' id='word_1_193' title='bbox 1241 2004 1461 2040; x_wconf 85' lang='lat' dir='ltr'><strong>“suavem</strong></span> <span class='ocrx_word' id='word_1_194' title='bbox 1494 2000 1758 2053; x_wconf 89' lang='lat' dir='ltr'><strong>spiritalium</strong></span> 
     </span>
     <span class='ocr_line' id='line_1_28' title="bbox 288 2072 1729 2128; baseline -0.002 -12"><span class='ocrx_word' id='word_1_195' title='bbox 288 2075 540 2116; x_wconf 88' lang='lat' dir='ltr'><strong>divitiarum</strong></span> <span class='ocrx_word' id='word_1_196' title='bbox 576 2075 845 2128; x_wconf 65' lang='lat' dir='ltr'><strong>praedonem,</strong></span> <span class='ocrx_word' id='word_1_197' title='bbox 870 2080 913 2114; x_wconf 94' lang='lat' dir='ltr'><strong>et</strong></span> <span class='ocrx_word' id='word_1_198' title='bbox 941 2074 1186 2126; x_wconf 88' lang='lat' dir='ltr'><strong>jucundum</strong></span> <span class='ocrx_word' id='word_1_199' title='bbox 1221 2074 1468 2114; x_wconf 85' lang='lat' dir='ltr'><strong>animarum</strong></span> <span class='ocrx_word' id='word_1_200' title='bbox 1500 2072 1729 2114; x_wconf 76' lang='lat' dir='ltr'><strong>hostem.”4</strong></span> 
     </span>
    </p>

    <p class='ocr_par' dir='ltr' id='par_1_7' title="bbox 283 2146 1762 2787">
     <span class='ocr_line' id='line_1_29' title="bbox 377 2146 1762 2201; baseline -0.003 -11"><span class='ocrx_word' id='word_1_201' title='bbox 377 2149 466 2190; x_wconf 86' lang='lat' dir='ltr'><strong>Sed</strong></span> <span class='ocrx_word' id='word_1_202' title='bbox 502 2149 708 2201; x_wconf 88' lang='lat' dir='ltr'><strong>objicies:</strong></span> <span class='ocrx_word' id='word_1_203' title='bbox 741 2148 859 2201; x_wconf 77' lang='lat' dir='ltr'><strong>Quid</strong></span> <span class='ocrx_word' id='word_1_204' title='bbox 898 2148 1031 2200; x_wconf 88' lang='lat' dir='ltr'><strong>igitur</strong></span> <span class='ocrx_word' id='word_1_205' title='bbox 1059 2161 1202 2199; x_wconf 87' lang='lat' dir='ltr'><strong>agam,</strong></span> <span class='ocrx_word' id='word_1_206' title='bbox 1229 2161 1328 2187; x_wconf 88' lang='lat' dir='ltr'><strong>cum</strong></span> <span class='ocrx_word' id='word_1_207' title='bbox 1365 2147 1408 2186; x_wconf 92' lang='lat' dir='ltr'><strong>in</strong></span> <span class='ocrx_word' id='word_1_208' title='bbox 1438 2147 1642 2187; x_wconf 91' lang='lat' dir='ltr'><strong>omnibus</strong></span> <span class='ocrx_word' id='word_1_209' title='bbox 1672 2146 1762 2187; x_wconf 87' lang='lat' dir='ltr'><strong>fere</strong></span> 
     </span>
     <span class='ocr_line' id='line_1_30' title="bbox 285 2220 1755 2275; baseline -0.002 -11"><span class='ocrx_word' id='word_1_210' title='bbox 285 2223 526 2264; x_wconf 88' lang='lat' dir='ltr'><strong>benefactis</strong></span> <span class='ocrx_word' id='word_1_211' title='bbox 561 2228 694 2275; x_wconf 87' lang='lat' dir='ltr'><strong>atque</strong></span> <span class='ocrx_word' id='word_1_212' title='bbox 729 2221 974 2262; x_wconf 85' lang='lat' dir='ltr'><strong>actionibus</strong></span> <span class='ocrx_word' id='word_1_213' title='bbox 1007 2221 1117 2261; x_wconf 87' lang='lat' dir='ltr'><strong>meis</strong></span> <span class='ocrx_word' id='word_1_214' title='bbox 1152 2220 1257 2260; x_wconf 91' lang='lat' dir='ltr'><strong>mihi</strong></span> <span class='ocrx_word' id='word_1_215' title='bbox 1294 2221 1388 2274; x_wconf 90' lang='lat' dir='ltr'><strong>ipse</strong></span> <span class='ocrx_word' id='word_1_216' title='bbox 1422 2221 1586 2273; x_wconf 90' lang='lat' dir='ltr'><strong>placeo,</strong></span> <span class='ocrx_word' id='word_1_217' title='bbox 1618 2227 1661 2261; x_wconf 94' lang='lat' dir='ltr'><strong>et</strong></span> <span class='ocrx_word' id='word_1_218' title='bbox 1698 2234 1755 2261; x_wconf 84' lang='lat' dir='ltr'><strong>ex</strong></span> 
     </span>
     <span class='ocr_line' id='line_1_31' title="bbox 283 2293 1755 2347; baseline -0.002 -11"><span class='ocrx_word' id='word_1_219' title='bbox 283 2296 468 2337; x_wconf 86' lang='lat' dir='ltr'><strong>adverso</strong></span> <span class='ocrx_word' id='word_1_220' title='bbox 500 2295 736 2335; x_wconf 91' lang='lat' dir='ltr'><strong>delectatio</strong></span> <span class='ocrx_word' id='word_1_221' title='bbox 766 2294 971 2335; x_wconf 82' lang='lat' dir='ltr'><strong>humanae</strong></span> <span class='ocrx_word' id='word_1_222' title='bbox 1001 2294 1143 2334; x_wconf 87' lang='lat' dir='ltr'><strong>laudis</strong></span> <span class='ocrx_word' id='word_1_223' title='bbox 1173 2294 1378 2347; x_wconf 86' lang='lat' dir='ltr'><strong>obrepit?</strong></span> <span class='ocrx_word' id='word_1_224' title='bbox 1442 2294 1562 2334; x_wconf 88' lang='lat' dir='ltr'><strong>Num</strong></span> <span class='ocrx_word' id='word_1_225' title='bbox 1593 2293 1755 2334; x_wconf 90' lang='lat' dir='ltr'><strong>idcirco</strong></span> 
     </span>
     <span class='ocr_line' id='line_1_32' title="bbox 284 2367 1753 2422; baseline -0.002 -12"><span class='ocrx_word' id='word_1_226' title='bbox 284 2369 515 2410; x_wconf 88' lang='lat' dir='ltr'><strong>benefacta</strong></span> <span class='ocrx_word' id='word_1_227' title='bbox 537 2375 731 2422; x_wconf 87' lang='lat' dir='ltr'><strong>pereunt,</strong></span> <span class='ocrx_word' id='word_1_228' title='bbox 756 2375 832 2409; x_wconf 88' lang='lat' dir='ltr'><strong>aut</strong></span> <span class='ocrx_word' id='word_1_229' title='bbox 854 2369 1022 2422; x_wconf 88' lang='lat' dir='ltr'><strong>peccati</strong></span> <span class='ocrx_word' id='word_1_230' title='bbox 1046 2382 1142 2409; x_wconf 89' lang='lat' dir='ltr'><strong>reus</strong></span> <span class='ocrx_word' id='word_1_231' title='bbox 1166 2368 1339 2417; x_wconf 88' lang='lat' dir='ltr'><strong>efficior,</strong></span> <span class='ocrx_word' id='word_1_232' title='bbox 1363 2374 1439 2408; x_wconf 89' lang='lat' dir='ltr'><strong>aut</strong></span> <span class='ocrx_word' id='word_1_233' title='bbox 1460 2382 1486 2408; x_wconf 91' lang='lat' dir='ltr'><strong>a</strong></span> <span class='ocrx_word' id='word_1_234' title='bbox 1509 2367 1753 2408; x_wconf 89' lang='lat' dir='ltr'><strong>benefactis</strong></span> 
     </span>
     <span class='ocr_line' id='line_1_33' title="bbox 284 2442 1754 2496; baseline -0.002 -12"><span class='ocrx_word' id='word_1_235' title='bbox 284 2444 547 2484; x_wconf 90' lang='lat' dir='ltr'><strong>cessandum</strong></span> <span class='ocrx_word' id='word_1_236' title='bbox 590 2443 695 2483; x_wconf 91' lang='lat' dir='ltr'><strong>mihi</strong></span> <span class='ocrx_word' id='word_1_237' title='bbox 739 2443 849 2483; x_wconf 84' lang='lat' dir='ltr'><strong>erit?</strong></span> <span class='ocrx_word' id='word_1_238' title='bbox 933 2443 1213 2496; x_wconf 87' lang='lat' dir='ltr'><strong>Respondeo,</strong></span> <span class='ocrx_word' id='word_1_239' title='bbox 1247 2442 1387 2482; x_wconf 87' lang='lat' dir='ltr'><strong>tribus</strong></span> <span class='ocrx_word' id='word_1_240' title='bbox 1434 2442 1578 2482; x_wconf 90' lang='lat' dir='ltr'><strong>modis</strong></span> <span class='ocrx_word' id='word_1_241' title='bbox 1623 2454 1754 2494; x_wconf 89' lang='lat' dir='ltr'><strong>posse</strong></span> 
     </span>
     <span class='ocr_line' id='line_1_34' title="bbox 285 2515 1755 2571; baseline -0.003 -13"><span class='ocrx_word' id='word_1_242' title='bbox 285 2519 540 2571; x_wconf 85' lang='lat' dir='ltr'><strong>quempiam</strong></span> <span class='ocrx_word' id='word_1_243' title='bbox 578 2532 635 2558; x_wconf 82' lang='lat' dir='ltr'><strong>ex</strong></span> <span class='ocrx_word' id='word_1_244' title='bbox 674 2523 789 2558; x_wconf 89' lang='lat' dir='ltr'><strong>recte</strong></span> <span class='ocrx_word' id='word_1_245' title='bbox 821 2517 947 2557; x_wconf 88' lang='lat' dir='ltr'><strong>factis</strong></span> <span class='ocrx_word' id='word_1_246' title='bbox 984 2517 1065 2557; x_wconf 90' lang='lat' dir='ltr'><strong>sibi</strong></span> <span class='ocrx_word' id='word_1_247' title='bbox 1098 2517 1179 2569; x_wconf 90' lang='lat' dir='ltr'><strong>ipsi</strong></span> <span class='ocrx_word' id='word_1_248' title='bbox 1217 2515 1400 2569; x_wconf 89' lang='lat' dir='ltr'><strong>placere.</strong></span> <span class='ocrx_word' id='word_1_249' title='bbox 1465 2515 1674 2565; x_wconf 89' lang='lat' dir='ltr'><strong>Primum,</strong></span> <span class='ocrx_word' id='word_1_250' title='bbox 1706 2521 1755 2555; x_wconf 88' lang='lat' dir='ltr'><strong>ut</strong></span> 
     </span>
     <span class='ocr_line' id='line_1_35' title="bbox 287 2589 1755 2646; baseline -0.003 -13"><span class='ocrx_word' id='word_1_251' title='bbox 287 2593 382 2646; x_wconf 87' lang='lat' dir='ltr'><strong>ipsa</strong></span> <span class='ocrx_word' id='word_1_252' title='bbox 410 2592 621 2646; x_wconf 80' lang='lat' dir='ltr'><strong>praeclara</strong></span> <span class='ocrx_word' id='word_1_253' title='bbox 642 2592 815 2632; x_wconf 89' lang='lat' dir='ltr'><strong>actione</strong></span> <span class='ocrx_word' id='word_1_254' title='bbox 844 2591 1019 2631; x_wconf 78' lang='lat' dir='ltr'><strong>laetetur</strong></span> <span class='ocrx_word' id='word_1_255' title='bbox 1041 2596 1084 2630; x_wconf 88' lang='lat' dir='ltr'><strong>et</strong></span> <span class='ocrx_word' id='word_1_256' title='bbox 1106 2590 1326 2643; x_wconf 86' lang='lat' dir='ltr'><strong>gaudeat;</strong></span> <span class='ocrx_word' id='word_1_257' title='bbox 1359 2595 1403 2630; x_wconf 89' lang='lat' dir='ltr'><strong>et</strong></span> <span class='ocrx_word' id='word_1_258' title='bbox 1424 2589 1507 2630; x_wconf 91' lang='lat' dir='ltr'><strong>hoc</strong></span> <span class='ocrx_word' id='word_1_259' title='bbox 1529 2590 1755 2642; x_wconf 89' lang='lat' dir='ltr'><strong>gaudium,</strong></span> 
     </span>
     <span class='ocr_line' id='line_1_36' title="bbox 289 2663 1752 2719; baseline -0.003 -13"><span class='ocrx_word' id='word_1_260' title='bbox 289 2679 365 2706; x_wconf 90' lang='lat' dir='ltr'><strong>seu</strong></span> <span class='ocrx_word' id='word_1_261' title='bbox 402 2665 723 2719; x_wconf 85' lang='lat' dir='ltr'><strong>complacentia</strong></span> <span class='ocrx_word' id='word_1_262' title='bbox 760 2665 970 2705; x_wconf 85' lang='lat' dir='ltr'><strong>naturalis</strong></span> <span class='ocrx_word' id='word_1_263' title='bbox 1008 2671 1074 2705; x_wconf 92' lang='lat' dir='ltr'><strong>est</strong></span> <span class='ocrx_word' id='word_1_264' title='bbox 1115 2670 1158 2705; x_wconf 91' lang='lat' dir='ltr'><strong>et</strong></span> <span class='ocrx_word' id='word_1_265' title='bbox 1194 2663 1390 2705; x_wconf 90' lang='lat' dir='ltr'><strong>honesta.</strong></span> <span class='ocrx_word' id='word_1_266' title='bbox 1475 2664 1601 2705; x_wconf 85' lang='lat' dir='ltr'><strong>Sicut</strong></span> <span class='ocrx_word' id='word_1_267' title='bbox 1635 2663 1752 2703; x_wconf 91' lang='lat' dir='ltr'><strong>enim</strong></span> 
     </span>
     <span class='ocr_line' id='line_1_37' title="bbox 287 2736 1758 2787; baseline -0.002 -7"><span class='ocrx_word' id='word_1_268' title='bbox 287 2740 331 2781; x_wconf 90' lang='lat' dir='ltr'><strong>in</strong></span> <span class='ocrx_word' id='word_1_269' title='bbox 374 2739 618 2780; x_wconf 85' lang='lat' dir='ltr'><strong>malefactis</strong></span> <span class='ocrx_word' id='word_1_270' title='bbox 659 2738 900 2780; x_wconf 90' lang='lat' dir='ltr'><strong>dolendum</strong></span> <span class='ocrx_word' id='word_1_271' title='bbox 938 2745 1014 2787; x_wconf 89' lang='lat' dir='ltr'><strong>est,</strong></span> <span class='ocrx_word' id='word_1_272' title='bbox 1042 2739 1104 2779; x_wconf 86' lang='lat' dir='ltr'><strong>ita</strong></span> <span class='ocrx_word' id='word_1_273' title='bbox 1145 2743 1189 2778; x_wconf 91' lang='lat' dir='ltr'><strong>et</strong></span> <span class='ocrx_word' id='word_1_274' title='bbox 1231 2738 1275 2778; x_wconf 92' lang='lat' dir='ltr'><strong>in</strong></span> <span class='ocrx_word' id='word_1_275' title='bbox 1312 2743 1430 2778; x_wconf 91' lang='lat' dir='ltr'><strong>recte</strong></span> <span class='ocrx_word' id='word_1_276' title='bbox 1467 2737 1595 2778; x_wconf 87' lang='lat' dir='ltr'><strong>factis</strong></span> <span class='ocrx_word' id='word_1_277' title='bbox 1633 2736 1758 2777; x_wconf 85' lang='lat' dir='ltr'><strong>exul-</strong></span> 
     </span>
    </p>
   </div>
   <div class='ocr_carea' id='block_1_6' title="bbox 327 2834 1709 2938">
    <p class='ocr_par' dir='ltr' id='par_1_8' title="bbox 327 2834 1709 2938">
     <span class='ocr_line' id='line_1_38' title="bbox 678 2834 1349 2876; baseline 0 -8"><span class='ocrx_word' id='word_1_278' title='bbox 678 2836 691 2855; x_wconf 87' lang='lat'>¹</span> <span class='ocrx_word' id='word_1_279' title='bbox 715 2836 816 2868; x_wconf 83' lang='lat' dir='ltr'><strong>Diad.</strong></span> <span class='ocrx_word' id='word_1_280' title='bbox 854 2847 881 2868; x_wconf 91' lang='lat' dir='ltr'><strong>e.</strong></span> <span class='ocrx_word' id='word_1_281' title='bbox 903 2835 956 2876; x_wconf 85' lang='lat'><strong>96.</strong></span> <span class='ocrx_word' id='word_1_282' title='bbox 1117 2834 1130 2853; x_wconf 74' lang='lat'><strong>²</strong></span> <span class='ocrx_word' id='word_1_283' title='bbox 1154 2836 1275 2868; x_wconf 83' lang='lat' dir='ltr'><strong>Matth.</strong></span> <span class='ocrx_word' id='word_1_284' title='bbox 1297 2844 1349 2876; x_wconf 91' lang='lat'><strong>23.</strong></span> 
     </span>
     <span class='ocr_line' id='line_1_39' title="bbox 327 2895 1709 2938; baseline -0.004 -8"><span class='ocrx_word' id='word_1_285' title='bbox 327 2896 341 2917; x_wconf 80' lang='lat'><strong>³</strong></span> <span class='ocrx_word' id='word_1_286' title='bbox 366 2898 419 2930; x_wconf 92' lang='lat' dir='ltr'><strong>De</strong></span> <span class='ocrx_word' id='word_1_287' title='bbox 443 2897 633 2938; x_wconf 83' lang='lat' dir='ltr'><strong>Contempt.</strong></span> <span class='ocrx_word' id='word_1_288' title='bbox 655 2896 784 2928; x_wconf 86' lang='lat' dir='ltr'><strong>Mundi.</strong></span> <span class='ocrx_word' id='word_1_289' title='bbox 813 2906 840 2928; x_wconf 93' lang='lat' dir='ltr'><strong>c.</strong></span> <span class='ocrx_word' id='word_1_290' title='bbox 861 2903 914 2936; x_wconf 86' lang='lat'><strong>91.</strong></span> <span class='ocrx_word' id='word_1_291' title='bbox 1051 2896 1065 2914; x_wconf 84' lang='lat'><strong>⁴</strong></span> <span class='ocrx_word' id='word_1_292' title='bbox 1089 2896 1142 2928; x_wconf 89' lang='lat' dir='ltr'><strong>De</strong></span> <span class='ocrx_word' id='word_1_293' title='bbox 1160 2895 1219 2927; x_wconf 87' lang='lat' dir='ltr'><strong>vit.</strong></span> <span class='ocrx_word' id='word_1_294' title='bbox 1240 2895 1338 2928; x_wconf 85' lang='lat' dir='ltr'><strong>Solit.</strong></span> <span class='ocrx_word' id='word_1_295' title='bbox 1360 2895 1474 2928; x_wconf 86' lang='lat' dir='ltr'><strong>Const.</strong></span> <span class='ocrx_word' id='word_1_296' title='bbox 1496 2895 1588 2927; x_wconf 88' lang='lat' dir='ltr'><strong>Mon.</strong></span> <span class='ocrx_word' id='word_1_297' title='bbox 1610 2904 1637 2926; x_wconf 92' lang='lat' dir='ltr'><strong>c.</strong></span> <span class='ocrx_word' id='word_1_298' title='bbox 1661 2900 1709 2924; x_wconf 89' lang='lat'><strong>11.</strong></span> 
     </span>
    </p>
   </div>
  </div>
 </body>
</html>
