1903 3197
297 205 390 262 376
623 200 703 245 De
735 200 925 246 ratione
959 200 1152 246 vivendi
1184 201 1444 249 Societatz's.

292 347 448 375 manus
477 333 533 374 ad
561 332 845 373 incidendum
875 333 1102 386 panem.''1
1165 335 1263 375 Imo
1294 334 1522 388 Scriptura
1553 335 1648 388 ipsa
1681 350 1761 378 nos

289 408 525 448 admonet:
560 406 746 459 “Supra
779 421 978 447 mensam
1015 421 1224 461 magnam
1259 409 1423 457 sedisti,
1463 422 1550 449 non
1586 410 1758 463 aperias

289 494 421 535 super
452 481 571 521 illam
603 481 774 521 faucem
799 486 921 521 tuam
944 481 1094 534 prior.'’
1158 482 1218 522 Et
1251 495 1385 522 mox:
1418 484 1441 502 “
1457 482 1504 524 Si
1537 483 1581 523 in
1613 484 1760 525 medio

290 555 529 596 multorum
573 555 735 604 sedisti,
774 555 892 608 prior
927 555 1010 595 illis
1047 569 1102 596 ne
1139 556 1357 596 extendas
1400 570 1579 597 manum
1622 563 1758 608 tuam,

290 643 372 670 nec
403 630 522 682 prior
552 643 708 683 poscas
740 627 955 669 bibere.''2
1017 629 1070 669 Id
1103 630 1336 671 servabant
1359 631 1562 671 monachi
1586 631 1762 672 Taben-

291 717 458 753 nenses,
503 709 551 743 ut
592 703 742 743 scribit
791 703 1118 756 Hieronymus:
1181 703 1306 756 “Qui
1360 703 1562 756 primus‚''
1605 704 1758 757 inquit,

292 777 643 818 “monasterium
677 776 929 829 ingreditur,
963 778 1129 829 primus
1162 777 1204 816 in
1238 791 1435 818 mensam
1469 792 1649 819 manum
1682 793 1762 819 ex—

292 849 490 892 tendit.'’3
552 851 863 891 Bonaventura
915 856 1063 890 autern
1107 865 1164 891 ex
1210 851 1404 905 Hugone
1456 852 1762 905 reprehendit:

292 926 403 978 “qui
435 925 559 965 initio
601 938 776 972 mensae,
811 924 961 964 statim
994 925 1161 977 absque
1193 926 1402 965 orationis
1435 925 1618 978 alicujus
1648 940 1761 980 prae·

288 998 483 1048 ambulo,
498 998 554 1038 ad
578 998 698 1038 cibos
717 1010 873 1037 manus
896 996 1159 1038 extendit.’'4
1202 999 1364 1038 Beatus
1385 1012 1487 1039 vero
1500 999 1760 1041 Vincentius

292 1072 519 1126 expectari
562 1071 777 1124 tantisper
824 1071 964 1123 jubet,
1007 1071 1113 1111 dum
1159 1085 1238 1124 pro
1279 1072 1370 1112 vita
1410 1072 1570 1113 functis
1621 1074 1761 1115 oratio

291 1146 514 1187 dominica
548 1151 592 1185 et
626 1145 835 1185 salutatio
874 1144 1071 1197 angelica
1113 1145 1356 1185 recitentur.
1428 1146 1535 1186 Ideo
1568 1147 1763 1200 optimus

289 1220 333 1261 in
372 1220 596 1261 Societate
634 1233 742 1269 mos,
782 1225 829 1260 ut
867 1233 998 1259 nemo
1028 1219 1155 1272 ‘prius
1197 1219 1369 1260 initium
1413 1219 1572 1261 edendi
1615 1220 1759 1271 faciat,

294 1308 428 1349 quam
461 1307 625 1347 panem
658 1294 704 1343 is,
729 1294 803 1346 qui
837 1300 1007 1346 praeest,
1040 1294 1271 1342 detexerit,
1306 1299 1349 1334 et
1381 1307 1591 1348 mappam
1623 1296 1762 1349 expli-

289 1370 408 1410 carit.
494 1368 595 1408 Hoc
637 1373 703 1408 est
745 1368 877 1420 igitur
918 1367 1189 1420 praecipuum
1233 1368 1275 1407 in
1318 1368 1566 1409 inchoanda
1607 1383 1760 1412 mensa

288 1443 455 1491 vitium,
501 1442 585 1481 Dei
629 1441 804 1481 famulis
847 1441 1118 1494 fugiendum.

379 1517 430 1556 In
458 1516 616 1556 edendi
639 1529 742 1555 vero
774 1528 1005 1568 progressu
1029 1515 1111 1555 tria
1143 1515 1423 1567 potissimum
1446 1517 1628 1557 vitanda
1655 1524 1759 1559 sunt

291 1591 424 1631 vitia:
449 1589 604 1629 effusio
628 1602 758 1641 super
779 1602 936 1638 escam,
959 1589 1186 1637 voracitas,
1211 1595 1255 1629 et
1277 1590 1529 1642 inquinatio.
1593 1590 1763 1632 Effusio

289 1678 420 1718 super
451 1677 608 1713 escam,
633 1676 687 1702 ne
720 1663 817 1715 quis
849 1663 904 1702 ad
938 1676 1034 1702 eam
1068 1662 1384 1715 procliviorem,
1412 1677 1544 1716 quam
1574 1678 1654 1717 par
1681 1671 1759 1715 est,

288 1752 335 1780 se
358 1737 584 1786 extendat,
608 1743 651 1777 et
674 1750 763 1789 prae
795 1737 929 1776 nimia
951 1737 1163 1776 aviditate
1192 1737 1235 1776 in
1258 1737 1419 1789 patinis
1441 1743 1560 1778 totus
1582 1738 1757 1780 haereat.

290 1812 401 1852 Ideo
435 1810 795 1851 Ecclesiasticus:
829 1809 1007 1858 “Noli,”
1043 1810 1195 1862 inquit,
1221 1811 1410 1851 “avidus
1441 1825 1535 1851 esse
1566 1811 1609 1851 in
1641 1812 1762 1853 omni

290 1885 553 1940 epulatione,
597 1890 642 1924 et
684 1898 771 1924 non
820 1890 863 1924 te
911 1883 1111 1924 effundas
1157 1898 1288 1938 super
1333 1898 1510 1926 omnem
1556 1885 1762 1927 escam.”⁵

296 1959 503 2001 Clemens
546 1964 694 1998 autem
738 1963 889 1998 monet
932 1971 1018 1998 non
1061 1971 1155 1998 esse
1201 1972 1396 2011 unquam
1439 1958 1761 2012 prohibendum

297 2035 353 2075 ad
391 2033 549 2082 cibum,
585 2032 641 2072 ab
678 2031 870 2085 ingluvie
907 2032 1136 2084 persuasis,
1170 2038 1214 2072 et
1251 2032 1435 2072 obsonia
1469 2032 1761 2086 despicienda,

294 2115 343 2150 ut
372 2121 471 2161 quae
500 2106 633 2160 paulo
668 2111 768 2159 post
803 2119 890 2146 non
926 2105 1063 2156 sint36
1097 2111 1140 2146 et
1174 2107 1292 2158 quod
1327 2106 1471 2146 minus
1500 2113 1578 2158 est,
1608 2107 1651 2147 id
1687 2107 1763 2148 eli-

290 2182 486 2237 gendum
519 2178 715 2234 potius;⁷
754 2179 887 2232 idque
920 2180 1085 2220 tardius
1119 2186 1163 2220 et
1195 2194 1282 2220 non
1314 2180 1559 2233 proclivius,
1592 2187 1684 2222 tam
1717 2183 1761 2222 in

291 2255 507 2311 principio
530 2268 664 2307 quam
687 2255 730 2293 in
754 2251 1022 2294 intervallis.8
1070 2253 1244 2307 Nempe
1266 2253 1451 2294 Antonii
1475 2254 1588 2295 illius
1610 2256 1759 2308 magni

290 2330 452 2372 versari
495 2334 598 2368 ante
639 2327 788 2368 oculos
831 2328 957 2367 nobis
1000 2328 1132 2368 debet
1174 2328 1442 2381 exemplum,
1481 2330 1554 2381 qui
1591 2330 1759 2383 pudore

292 2403 488 2458 quodam
540 2401 876 2442 suffundebatur
926 2415 1026 2441 cum
1079 2403 1135 2441 ad
1189 2415 1385 2442 mensam
1434 2404 1672 2454 accederet,
1711 2410 1760 2446 ut

292 2478 421 2521 edere
452 2476 673 2517 videretur
709 2476 897 2525 invitus;
936 2475 978 2515 id
1012 2475 1130 2528 quod
1170 2476 1333 2516 Beatus
1362 2478 1562 2530 praecipit
1596 2479 1760 2520 Isaias:

293 2551 405 2592 “Ad
436 2551 480 2591 id
512 2549 631 2603 quod
666 2549 746 2589 tibi
780 2549 1033 2602 appositum
1066 2549 1206 2600 fuerit,
1236 2550 1297 2590 sic
1330 2563 1485 2590 manus
1515 2553 1760 2604 extendito,

293 2633 507 2679 tanquam
544 2623 673 2663 edere
710 2629 887 2663 coactus
924 2622 1012 2663 sis.9

381 2697 613 2740 Voracitas
650 2711 825 2750 quoque
862 2698 955 2750 pari
993 2697 1140 2737 studio
1178 2696 1386 2750 fugienda
1420 2704 1495 2749 est,
1531 2713 1629 2752 quae
1663 2706 1757 2742 turn

773 2784 785 2804 ²
810 2786 919 2817 Tract.
940 2787 982 2817 de
1005 2787 1073 2817 vita
1096 2786 1183 2828 Spir.
1204 2797 1231 2818 c.
1254 2794 1283 2827 7.

345 2840 359 2859 2
382 2839 472 2871 Eccl.
494 2846 545 2879 31.
637 2836 651 2856 3
677 2837 804 2869 Praefat.
827 2838 909 2878 Reg.
934 2837 965 2868 S.
988 2837 1144 2869 Pachom.
1237 2836 1251 2856 ⁴
1275 2838 1372 2879 Spec.
1393 2838 1473 2871 disc.
1494 2849 1525 2880 p.
1551 2848 1578 2871 1.
1600 2850 1625 2872 c.
1648 2849 1698 2873 21.

477 2888 490 2908 ⁵
514 2888 605 2921 Eccl.
626 2895 678 2929 37.
815 2886 828 2906 ⁶
854 2888 984 2929 Paedag.
1007 2888 1026 2919 l.
1048 2897 1077 2920 2.
1098 2899 1125 2920 c.
1156 2894 1184 2928 7.
1320 2887 1335 2909 ⁷
1358 2889 1443 2922 Ibid.
1464 2900 1491 2921 c.
1515 2897 1542 2923 1.

705 2937 718 2958 ⁸
743 2940 829 2971 Ibid.
850 2950 877 2971 c.
900 2946 929 2979 7.
1164 2937 1178 2958 9
1202 2939 1294 2972 Orat.
1315 2948 1345 2980 3.
