1903 3197
697 210 776 255 De
811 210 854 256 C
852 212 999 256 assita
1005 216 1057 256 le.
1512 225 1537 267 3
1551 225 1565 254 1
1580 223 1605 267 3

148 357 235 383 non
271 343 557 395 obtemperat,
593 355 724 394 quam
759 355 856 381 cum
894 342 930 381 ei
968 355 1135 393 corpuS,
1172 343 1291 393 quod
1327 341 1511 381 alterum
1551 341 1606 381 ab

146 416 219 456 illo
270 422 402 468 atque
453 415 561 455 infra
610 415 731 454 illum
780 420 856 460 est,
910 420 952 454 et
1004 414 1126 465 cujus
1179 415 1271 453 sine
1323 415 1397 454 illo
1450 421 1605 455 natura

146 503 234 530 non
275 490 391 537 vivit,
424 489 586 529 volenti
624 488 883 540 jubentique
926 501 1011 527 non
1049 486 1224 527 cedit.’'l
1288 488 1507 527 Nimirum
1546 489 1606 527 sic

143 578 187 604 se
225 577 290 603 res
327 563 471 611 habet,
507 568 554 602 ut
585 576 683 602 cum
727 562 892 601 domini
936 561 1048 601 filius
1080 575 1105 601 a
1138 560 1281 609 fratre,
1316 561 1383 600 vel
1421 575 1446 600 a
1479 575 1602 601 servo

143 637 355 686 vincitur;
408 637 550 675 minus
602 636 718 675 enim
770 635 960 675 dedecus
1013 641 1077 674 est
1129 648 1154 673 a
1206 634 1348 682 fratre,
1396 647 1529 685 quam
1581 647 1607 673 a

143 710 307 750 famulo
343 710 467 757 vinci,
503 709 606 761 quia
642 709 774 748 frater
809 715 875 748 est
911 707 1104 760 aequalis,
1138 714 1181 747 et
1218 707 1305 747 fere
1349 707 1457 747 alter
1499 707 1602 759 ipse,

144 797 291 823 servus
324 788 470 822 autem
504 782 687 831 inferior,
722 788 765 822 et
797 782 877 822 sibi
910 781 1142 833 subjectus.
1208 782 1279 820 Ex
1309 781 1468 833 quibus
1501 781 1606 820 satis

144 856 326 908 intelligi
360 862 517 908 potest,
550 869 683 908 quam
722 855 890 895 foedum
931 862 973 895 et
1015 856 1274 908 probrosum
1317 855 1372 895 sit
1415 854 1606 893 libidinis

141 929 306 978 vitium,
356 930 473 982 quod
532 936 622 970 tam
684 930 893 982 speciosae
945 930 1104 978 virtuti,
1158 929 1348 968 castitati
1412 929 1603 980 inquam,

140 1004 401 1056 opponitur;
454 1009 501 1043 ut
541 1003 609 1043 vel
660 1003 741 1043 hoc
795 1004 889 1056 ipso
932 1017 1199 1056 magnopere
1242 1002 1495 1054 expetenda
1547 1002 1603 1041 sit

144 1077 333 1125 castitas,
376 1077 584 1129 omnique
629 1078 775 1117 studio
818 1077 1012 1123 colenda,
1066 1083 1112 1117 ut
1163 1076 1292 1128 longe
1344 1075 1538 1115 absimus
1581 1090 1604 1114 a

143 1155 268 1189 tanta
304 1151 573 1203 turpitudine
609 1151 713 1190 vitii.
774 1150 1064 1190 Verissimum
1102 1156 1167 1190 est
1200 1164 1303 1203 ergo
1340 1150 1459 1202 quod
1492 1149 1606 1188 dixi-

144 1236 251 1271 mus,
273 1223 341 1262 vel
374 1236 431 1262 ex
465 1224 558 1276 ipsa
580 1225 671 1263 vitii
706 1224 986 1264 deformitate
1019 1224 1124 1264 satis
1153 1224 1364 1264 declarari
1388 1228 1602 1275 quantum

142 1297 198 1336 sit
249 1297 463 1336 castitatis
516 1297 658 1337 decus.
750 1297 877 1337 Plura
930 1303 1077 1337 autem
1130 1298 1185 1337 de
1229 1298 1321 1349 ejus
1373 1296 1603 1349 splendore

143 1369 353 1409 disserere
384 1383 471 1409 non
502 1377 566 1409 est
598 1369 726 1421 hujus
759 1371 868 1413 loci:
901 1371 1126 1410 veniamus
1160 1372 1290 1422 igitur
1321 1370 1376 1410 ad
1410 1370 1453 1409 id
1487 1370 1603 1421 quod

144 1443 337 1483 secundo
360 1443 457 1482 loco
479 1444 752 1495 propositum
777 1449 852 1483 est.

340 1694 365 1749 ξ
399 1705 747 1737 2.—ANG1·2LICA
785 1706 990 1737 PURITAs
1027 1707 1111 1737 EST
1147 1706 1410 1736 IMITANDA.

230 1803 403 1842 Deinde
454 1804 682 1843 constituit
728 1810 876 1843 noster
928 1804 1056 1844 Pater
1101 1805 1311 1844 terminos
1364 1804 1601 1850 Castitatis‚

144 1890 232 1928 quo
264 1877 341 1916 niti
376 1882 509 1928 atque
540 1877 730 1929 aspirare
763 1890 841 1916 nos
874 1877 1010 1929 jubet,
1038 1877 1143 1916 dum
1176 1878 1305 1917 dicit:
1342 1878 1602 1918 “Enitendo

142 1950 387 2002 angelicam
421 1951 656 2002 puritatem
691 1951 860 1990 imitari.
926 1952 1160 1992 Summum
1183 1951 1385 1991 videlicet
1417 1953 1601 2004 gradum

140 2029 183 2064 et
219 2023 586 2076 perfectissimum
622 2024 835 2064 castitatis
868 2025 1025 2077 attigit.
1105 2024 1219 2065 Sunt
1252 2026 1367 2065 enim
1400 2025 1471 2065 alii
1509 2025 1603 2065 aliis

141 2097 281 2149 magis
314 2098 546 2149 minusque
578 2098 770 2149 perfecti,
793 2099 997 2152 varieque
1029 2112 1054 2138 a
1089 2098 1129 2139 S.
1157 2099 1356 2138 Patribus
1389 2100 1602 2152 distingu-

142 2177 281 2219 untur,
315 2185 446 2211 nemo
479 2178 638 2220 tamen,
665 2185 762 2211 mea
796 2172 1025 2220 sententia,
1050 2172 1205 2211 melius
1239 2172 1602 2225 perfectissimum

139 2245 357 2297 expressit
390 2245 577 2297 gradum
615 2259 747 2297 quam
785 2245 957 2285 duobus
993 2245 1111 2285 hisce
1140 2246 1282 2285 verbis
1320 2246 1362 2285 P.
1393 2247 1601 2299 Ignatius.

140 2318 369 2371 Quidquid
402 2318 597 2371 pluribus
624 2319 681 2359 ab
711 2319 807 2359 aliis
831 2320 997 2359 dictum
1022 2327 1097 2369 est,
1121 2334 1293 2360 summa
1326 2321 1360 2359 is
1392 2321 1604 2361 brevitate

137 2392 404 2444 perstrinxit,
457 2393 562 2432 dum
616 2393 658 2432 in
715 2393 1011 2445 przecipienda
1063 2394 1278 2434 castitatis
1335 2394 1601 2446 perfectione

138 2466 375 2516 puritatem
414 2465 692 2518 Angelorum
735 2468 941 2519 proponit
984 2468 1039 2507 ad
1084 2467 1358 2508 imitandum.
1443 2467 1602 2508 Osten-

138 2538 295 2578 damus
329 2539 460 2591 igitur
496 2540 626 2591 prius,
656 2541 815 2593 quibus
852 2541 1061 2593 gradibus
1099 2542 1154 2581 ad
1196 2541 1435 2594 perfectam
1473 2543 1601 2582 casti-

137 2617 275 2651 tatem
311 2611 353 2651 S.
374 2612 524 2652 Patres
559 2613 828 2663 ascendant;
866 2614 1027 2654 deinde
1064 2628 1138 2655 cur
1176 2615 1218 2654 P.
1245 2615 1456 2668 Ignatius‚
1495 2616 1600 2655 dum

138 2684 194 2724 ad
219 2683 372 2735 ⁴hujus
413 2685 726 2737 perfectionem
771 2687 1035 2737 cohortatur,
1075 2688 1319 2741 angelicam
1364 2689 1600 2741 puritatem

138 2757 346 2809 proponit
371 2758 427 2797 ad
459 2759 735 2800 imitandum.

229 2830 463 2871 Cassianus
486 2832 529 2871 in
553 2833 641 2872 suis
666 2832 999 2883 Collationibus,
1027 2849 1084 2875 ex
1110 2834 1411 2876 Chaeremonis
1431 2842 1604 2875 sancto-

746 2928 758 2948 1
784 2931 870 2963 Ibid.
892 2942 919 2963 c.
940 2940 991 2972 23.
