1903 3197
651 131 719 176 In
753 130 973 191 Regzclas
1008 130 1269 177 stffodestiae'.
1605 140 1697 188 707

221 265 329 305 dicti
371 270 505 318 atque
545 265 803 305 sententiae:
847 272 896 305 ut
937 266 980 305 in
1021 271 1284 318 praesentem
1324 276 1572 304 sermonem
1614 277 1694 303 sua

221 345 381 392 sponte
431 340 631 388 incidere,
679 353 767 380 non
817 346 984 380 temere
1038 341 1208 389 irruere,
1252 340 1293 379 id
1348 339 1467 392 quod
1519 338 1692 387 dicitur,

221 414 432 455 videatur.
525 421 592 466 3¹1¹.
648 415 840 468 Quando
897 416 1077 455 omnino
1133 414 1383 463 tacendum,
1437 428 1511 454 seu
1564 426 1694 453 nosse

222 490 601 542 opportunitatem
634 489 822 530 absoluti
855 490 1027 530 silentii.

312 562 471 616 Quoad
549 564 750 617 primum,
815 571 1005 617 quatuor
1070 564 1353 617 potissimum
1422 562 1696 615 temporibus

221 638 396 678 videtur
427 639 708 687 moderanda,
743 653 793 679 ac
825 639 1071 679 cohibenda
1105 639 1266 691 lingua.

315 713 474 763 Primo,
508 727 607 753 cum
643 714 749 766 quid
787 715 930 767 agitur
966 715 1021 754 de
1059 714 1188 754 Deo:
1220 727 1257 753 v.
1287 727 1339 766 g„
1373 712 1440 753 vel
1478 725 1577 752 cum
1613 711 1696 764 ipsi

223 788 429 840 privatim
463 801 666 839 oramus;
701 802 789 828 non
825 789 942 828 enim
975 790 1102 829 decet
1133 789 1379 828 orationem
1415 787 1568 827 alienis
1607 799 1694 825 ser-

223 862 429 902 monibus
452 863 781 916 interrumpere,
805 864 887 904 nisi
911 865 1111 904 maxima
1134 863 1372 903 necessitas
1396 867 1536 914 cogat.

312 937 633 986 Bonaventura‚
671 938 796 991 Spec.
833 939 950 978 Disc.
984 953 1022 991 p.
1060 949 1094 978 2.
1128 952 1160 978 c.
1202 949 1261 986 10,
1295 937 1504 977 continue
1536 935 1633 976 vult
1667 949 1693 976 a

221 1011 348 1052 nobis
370 1011 561 1052 officium
585 1013 764 1061 recitari,
788 1027 888 1053 cum
911 1014 1117 1066 privatim
1140 1013 1347 1053 recitatur
1366 1027 1373 1061 ;
1407 1012 1530 1059 idest,
1555 1017 1604 1050 ut
1626 1010 1693 1050 in-

223 1087 519 1139 terruptiones
541 1087 583 1126 in
607 1101 659 1127 eo
682 1101 770 1127 non
793 1087 901 1127 fiant
925 1088 1003 1140 (sic
1025 1088 1142 1127 enim
1166 1087 1375 1140 loquitur)
1403 1087 1521 1126 “nisi
1546 1099 1694 1126 neces-

223 1161 353 1202 sitate
375 1161 596 1215 cogente.’'
653 1162 903 1214 Narratque
925 1162 1204 1215 Theologum
1228 1162 1452 1214 quendam
1478 1161 1692 1201 Parisien-

224 1249 329 1284 sem,
353 1250 453 1276 cum
487 1237 790 1276 intervenisset
824 1237 1083 1290 Episcopus,
1107 1237 1312 1276 horarum
1346 1236 1539 1276 officium
1572 1236 1692 1288 quod

224 1311 486 1359 instituerat,
511 1317 793 1364 prosecutum
816 1325 910 1351 esse
932 1312 1152 1352 inclinatis
1184 1312 1407 1351 duntaxat
1440 1311 1692 1351 reverentiae

220 1391 267 1425 et
310 1385 589 1425 salutationis
630 1386 772 1438 gratia
819 1387 1070 1435 cervicibus,
1113 1392 1267 1438 postea
1310 1400 1361 1426 ea
1402 1386 1691 1426 excusatione

222 1472 350 1499 usum
383 1473 489 1509 esse,
519 1474 574 1499 ne
606 1460 836 1500 miraretur
869 1460 1127 1513 Episcopus,
1152 1461 1269 1513 quod
1304 1460 1459 1512 majori
1494 1460 1690 1500 Domino

220 1534 483 1587 loqueretur.

306 1609 390 1649 Vel
413 1623 511 1649 cum
536 1609 709 1662 publice
733 1616 882 1649 oratur
904 1610 946 1648 in
969 1609 1146 1662 templo.
1213 1611 1535 1659 Bonaventura,
1562 1609 1687 1662 Spec.

223 1683 342 1723 Disc.
380 1697 418 1736 p.
457 1696 494 1734 4.
533 1698 567 1723 c.
608 1695 658 1734 3:
698 1683 1134 1736 “Reprehensibile,''
1172 1685 1325 1737 inquit,
1366 1689 1467 1724 “est
1501 1684 1690 1724 collocu—

221 1759 427 1807 tionibus,
458 1759 564 1798 dum
601 1759 752 1798 Missae
783 1759 974 1799 officium
1007 1759 1260 1807 celebratur,
1293 1761 1541 1809 intendere;
1571 1759 1692 1812 quod

219 1839 326 1873 tunc
349 1834 482 1873 etiam
506 1833 774 1873 secularibus
796 1834 963 1873 clericis
981 1833 1052 1886 jus
1077 1834 1351 1875 Canonicum
1375 1834 1631 1875 interdicit.”

306 1908 391 1948 Vel
433 1922 532 1948 cum
574 1907 765 1948 habetur
807 1909 960 1948 concio
1002 1909 1057 1948 de
1094 1909 1222 1949 rebus
1259 1910 1427 1949 divinis.
1493 1908 1610 1961 Quia
1648 1909 1692 1949 id

220 1982 451 2023 offensioni
489 1997 588 2023 cum
629 1984 800 2024 caeteris
835 1984 1116 2024 audientibus
1151 1990 1227 2032 est,
1258 1991 1353 2024 tum
1388 1985 1425 2024 ei
1456 1985 1529 2036 qui
1563 1984 1692 2036 dicit3

219 2064 542 2113 proptereaque
567 2058 777 2098 indicium
802 2065 868 2097 est
891 2057 1083 2098 hominis
1106 2059 1255 2098 divina
1277 2059 1541 2112 negligentis
1564 2059 1691 2099 mini-

219 2146 380 2185 meque
416 2132 663 2186 pendentis,
703 2133 815 2172 inter
853 2147 998 2172 sacras
1033 2135 1265 2173 conciones
1299 2135 1496 2174 animum
1532 2135 1689 2175 intem-

219 2208 391 2261 pestiva
422 2207 716 2248 collocutione
737 2208 989 2249 distrahere.

309 2282 529 2332 Secundo,
551 2283 725 2323 videtur
747 2284 881 2323 etiam
905 2284 1178 2324 moderanda
1201 2298 1250 2324 ac
1276 2284 1503 2324 fraenanda
1526 2284 1687 2338 lingua,

219 2371 319 2398 cum
344 2358 449 2410 quid
473 2358 677 2398 manibus
700 2372 787 2398 una
809 2372 909 2398 cum
932 2358 1137 2398 fratribus
1160 2359 1421 2399 laboramus.
1491 2365 1541 2399 10.
1571 2358 1690 2412 Quia

218 2438 314 2472 tum
349 2446 507 2485 corpus
539 2433 583 2472 in
620 2432 844 2473 laboribus
881 2434 1075 2486 requiem
1106 2433 1298 2486 aliquam
1329 2435 1496 2487 quaerit,
1530 2434 1686 2475 saltem

219 2506 588 2547 confabulationis
618 2513 662 2547 et
693 2506 910 2560 colloquii,
935 2514 981 2548 ut
1004 2508 1139 2548 levius
1162 2508 1358 2548 laborem
1381 2508 1501 2548 ferat.
1566 2509 1688 2550 Inter

220 2580 392 2621 labores
414 2587 562 2621 autem
586 2595 784 2635 opusque
807 2596 1018 2622 manuum
1042 2597 1131 2623 non
1154 2589 1220 2623 est
1243 2583 1369 2623 facile
1384 2584 1518 2624 verba
1535 2584 1686 2625 mode-

221 2655 305 2694 rari
324 2670 333 2705 ;
363 2656 467 2708 quia
490 2656 781 2696 attentionem
800 2656 948 2710 diripit
971 2657 1103 2706 labor,
1123 2657 1391 2710 solviturque
1413 2658 1539 2698 facile
1562 2672 1686 2699 mens

219 2730 390 2770 intenta
422 2729 569 2770 labori.
633 2737 688 2770 20.
726 2730 843 2783 Quia
865 2732 1010 2771 minus
1033 2734 1265 2773 commode
1287 2734 1482 2773 succedit
1504 2747 1624 2786 opus,
1648 2734 1684 2774 si

219 2817 318 2857 quae
358 2805 413 2845 ad
450 2805 495 2845 id
534 2806 766 2859 requiritur
802 2807 989 2847 attentio
1032 2807 1167 2847 animi
1205 2809 1366 2848 mutuis
1408 2809 1684 2850 sermonibus

218 2879 464 2935 dissipetur.
534 2879 816 2935 Quapropter
853 2896 949 2923 mos
987 2882 1068 2923 fuit
1105 2883 1297 2936 antiquis
1334 2883 1417 2924 illis
1458 2884 1684 2939 AEgyptiis

389 2956 451 2986 TT
485 2957 508 2986 2
