1903 3197
297 157 369 201 ⁴30
774 138 854 184 De
889 136 1140 183 Socz'elalis
1174 137 1309 184 Fine.

304 272 596 327 spiritualium
627 284 771 311 rerum
806 271 1003 311 studium
1036 270 1323 320 incumbant;
1362 285 1412 311 ac
1444 271 1487 311 in
1520 272 1774 325 hujusmodi

306 347 450 400 majus
473 353 761 395 momentum,
786 359 920 398 quam
948 345 991 384 in
1014 345 1215 384 doctrina
1236 345 1305 384 vel
1329 345 1424 385 aliis
1447 347 1575 387 donis
1597 355 1774 389 natura-

305 422 419 463 libus
446 427 490 462 et
518 421 724 462 humanis
753 420 1043 460 constitutum
1077 432 1171 458 esse
1203 418 1404 459 ducant.'’
1468 420 1588 473 Ergo
1620 422 1694 474 qui
1729 436 1776 463 se

306 496 478 537 malunt
527 495 677 536 haberi
730 494 885 534 doctos
936 492 1245 546 praeclarisque
1297 499 1465 534 naturae
1519 496 1773 536 muneribus

307 577 559 619 exornatos,
584 583 718 623 quam
742 567 960 622 spiritales
984 573 1027 607 et
1049 573 1236 617 sanctos,
1260 567 1304 607 in
1334 581 1523 621 eamque
1552 583 1643 610 rem
1676 570 1775 623 plus

300 658 452 698 operae
490 651 533 684 et
571 644 734 684 laboris
770 641 1045 695 impendunt,
1078 641 1105 680 ii
1141 655 1318 694 quoque
1351 656 1377 682 a
1411 656 1490 683 suo
1524 643 1611 684 fine
1645 644 1776 697 longe

308 719 479 759 absunt.
545 718 666 757 Finis
704 717 820 757 enim
861 715 1095 757 Societatis
1138 729 1232 755 esse
1275 715 1444 765 dicitur,
1484 731 1572 757 non
1614 718 1774 758 artium

307 808 358 834 ac
399 793 699 833 doctrinarum
744 791 953 838 studium,
994 789 1070 829 sed
1110 789 1343 842 disciplina
1385 791 1563 844 spiritus
1606 806 1657 832 ac
1693 793 1776 832 vir-

307 873 483 907 tutum:
517 872 652 918 atque
675 865 733 904 ob
763 864 877 904 hanc
904 876 1082 903 causam
1114 877 1253 916 prope
1282 864 1490 905 divinitus
1522 866 1773 906 institutum

303 947 383 988 est,
440 946 488 980 ut
541 945 723 979 caeteras
779 937 1033 990 disciplinas
1089 943 1223 988 atque
1265 938 1488 978 doctrinas
1544 953 1675 979 nemo
1731 940 1774 978 in

307 1013 531 1054 Societate
563 1013 681 1066 prius
716 1012 917 1063 attingat,
949 1023 1082 1062 quam
1116 1015 1212 1049 toto
1244 1010 1423 1050 biennio
1457 1011 1607 1052 solidis
1641 1014 1775 1052 virtu-

305 1087 425 1127 tibus
468 1087 686 1138 rebusque
738 1083 1036 1138 spiritualibus
1079 1083 1199 1122 omni
1251 1084 1398 1124 studio
1446 1098 1496 1125 ac
1548 1085 1776 1138 diligentia

308 1161 565 1201 vacaverit:
618 1166 751 1211 atque
792 1158 888 1198 haec
940 1157 1145 1197 nimirum
1187 1157 1372 1197 vacandi
1414 1172 1505 1198 vox
1547 1159 1776 1212 significat,

307 1235 349 1274 in
374 1248 461 1287 qua
485 1235 609 1286 quies
633 1232 839 1285 qucedam
863 1232 986 1278 inest,
1011 1245 1099 1283 qua
1122 1231 1220 1282 quis
1250 1245 1328 1283 per
1349 1232 1488 1272 otium
1512 1233 1777 1286 posthabitis

303 1308 459 1348 alienis
502 1308 615 1347 curis
648 1307 896 1358 studiisque
938 1304 1126 1358 propriae
1165 1303 1294 1344 saluti
1327 1319 1377 1345 ac
1408 1306 1665 1358 perfectioni
1700 1308 1776 1348 dat

306 1396 499 1435 operam,
524 1388 573 1421 ut
595 1381 638 1420 in
669 1380 934 1420 novitiorum
958 1378 1165 1419 domibus
1187 1384 1282 1418 toto
1305 1379 1467 1419 biennii
1490 1381 1633 1433 spatio
1657 1380 1715 1421 fit.

393 1455 556 1505 Tertio,
592 1454 813 1507 colligitur
847 1454 1003 1493 eadem
1040 1452 1275 1492 necessitas
1309 1453 1590 1506 perfectionis
1628 1468 1683 1494 ex
1724 1468 1776 1495 eo

303 1530 437 1583 quod,
463 1543 563 1572 cum
588 1529 685 1568 finis
708 1534 858 1568 noster
881 1528 946 1575 sit,
972 1533 1019 1567 ut
1041 1526 1249 1576 diximus,
1273 1532 1316 1566 et
1338 1527 1525 1580 propriae
1549 1534 1593 1568 et
1616 1528 1769 1568 alienae

302 1604 435 1645 saluti
489 1617 589 1644 cum
641 1602 911 1656 perfectione
959 1614 1126 1650 vacare,
1171 1600 1442 1641 Constitutio
1489 1602 1608 1654 prius
1646 1602 1773 1654 jubet

304 1680 493 1732 propriae
537 1678 690 1718 salutis
732 1691 782 1716 ac
834 1675 1114 1729 perfectionis
1165 1674 1327 1714 habere
1369 1675 1595 1724 rationem,
1640 1690 1772 1728 quani

302 1753 471 1793 alienae.
537 1752 596 1791 Et
649 1751 837 1791 merito:
896 1763 1010 1797 nam,
1054 1754 1102 1788 ut
1153 1748 1215 1788 ait
1265 1748 1603 1798 Bonaventura,1
1647 1749 1771 1801 “Qui

303 1827 488 1879 suscipit
524 1825 729 1874 officium,
763 1831 811 1863 ut
845 1823 953 1863 alios
990 1823 1131 1863 bonos
1173 1821 1315 1871 faciat,
1352 1828 1538 1875 oportet,
1572 1829 1619 1863 ut
1660 1823 1773 1864 hanc

303 1900 518 1940 bonitatis
572 1898 848 1951 disciplinam
904 1898 1023 1950 prius
1075 1897 1118 1935 in
1173 1910 1218 1935 se
1271 1897 1467 1936 studiose
1519 1897 1771 1937 exercendo

305 1974 517 2022 didicerit,
562 1980 604 2013 et
647 1987 704 2012 ex
755 1972 972 2024 frequenti
1017 1985 1095 2010 usu
1139 1971 1182 2010 in
1224 1970 1422 2010 habitum
1466 1972 1677 2011 verterit:
1730 1978 1772 2011 et

303 2054 539 2101 propterea
575 2047 794 2087 Dominus
836 2045 954 2098 prius
998 2044 1156 2096 legitur
1190 2043 1354 2094 secisse,
1392 2058 1491 2096 quae
1533 2051 1634 2097 post
1677 2052 1770 2084 erat

304 2123 439 2162 verbo
481 2123 702 2167 docturus,
753 2120 885 2172 juxta
932 2116 1071 2157 illud.2
1113 2117 1304 2170 “Coepit
1355 2118 1483 2170 Jesus
1535 2118 1676 2159 facere
1728 2126 1771 2159 et

302 2195 496 2236 docere.”
562 2196 679 2236 Sane
716 2194 798 2233 hoc
832 2192 1039 2232 studebat
1078 2192 1315 2244 Gregorius
1360 2191 1688 2232 Nazianzenus3
1724 2200 1771 2232 ut

303 2271 398 2323 ipse
431 2270 486 2309 de
519 2283 563 2309 se
597 2268 756 2317 scribit,
781 2271 803 2286 “
820 2266 997 2318 Purgari
1022 2266 1225 2318 primum,
1251 2265 1410 2305 deinde
1432 2279 1619 2318 purgare
1641 2281 1649 2316 ;
1677 2279 1770 2305 sese

302 2344 470 2392 instrui,
494 2348 627 2395 atque
650 2343 710 2382 ita
741 2342 848 2381 alios
872 2341 1094 2393 sapientes
1124 2339 1332 2389 reddere3
1365 2339 1443 2378 lux
1466 2339 1568 2387 fieri,
1593 2345 1636 2379 et
1662 2340 1770 2379 alios

299 2416 586 2466 -collustrare3
618 2416 825 2456 accedere
848 2415 903 2454 ad
929 2414 1088 2461 Deum,
1118 2419 1161 2453 et
1182 2413 1290 2452 alios
1321 2412 1572 2452 adducere.'’

395 2491 583 2530 Duabus
624 2495 774 2529 autem
817 2489 997 2528 omnino
1040 2488 1095 2526 de
1143 2487 1284 2526 causis
1326 2499 1502 2525 necesse
1545 2492 1611 2525 est
1653 2487 1771 2538 prius

297 2578 411 2614 suae,
444 2577 578 2616 quam
617 2563 770 2602 alienae
810 2562 939 2602 saluti
972 2575 1024 2600 ac
1056 2560 1313 2613 perfectioni
1346 2573 1525 2599 vacare:
1567 2560 1769 2612 primum,

311 2639 415 2691 quia
467 2638 540 2689 qui
596 2637 793 2676 nondum
847 2635 1160 2688 perfectionem
1223 2633 1414 2684 aliquam
1468 2634 1654 2685 adeptus
1706 2641 1770 2673 est

306 2712 501 2765 spiritus,
525 2724 623 2750 cum
656 2709 848 2762 periculo
878 2724 923 2749 se
953 2709 1055 2749 foris
1078 2708 1263 2760 exponit
1285 2708 1589 2759 proximorum
1613 2708 1769 2746 animis

307 2785 604 2826 sublevandis
669 2783 835 2822 Multos
870 2783 986 2822 enim
1025 2782 1236 2830 novimus
1273 2794 1371 2820 cum
1407 2794 1683 2833 praepropere
1715 2780 1768 2820 ad

499 2873 512 2892 1
537 2875 589 2905 De
607 2884 662 2905 sex
679 2873 737 2904 alis
754 2873 854 2914 prael.
876 2883 900 2903 c.
923 2880 948 2903 1.
1087 2869 1100 2888 ²
1124 2872 1199 2902 Act.
1219 2879 1244 2902 1.
1381 2868 1394 2887 ³
1418 2870 1516 2911 Apol.
1542 2878 1566 2900 1.
