1903 3197
585 163 663 207 De
695 163 1017 210 szz'teutz'is.
1453 179 1468 209 1
1483 179 1506 223 3
1516 179 1542 223 3

74 295 379 349 Augustinus:
413 294 566 335 “Cum
601 293 755 346 ligna,‘'
795 294 948 346 inquit,
994 296 1308 335 “deasciantur
1349 310 1375 336 a
1412 295 1545 336 fabris

76 376 119 410 et
151 370 403 422 probantur,
432 368 670 420 aliquando
704 368 746 406 in
779 368 1008 420 superficie
1043 368 1248 407 videntur
1281 370 1404 421 quasi
1440 369 1545 410 lzesa

76 449 119 483 et
170 443 357 495 putrida,
420 442 541 482 faber
590 448 738 481 autem
808 442 984 494 inspicit
1035 449 1246 493 tanquam
1300 442 1541 483 medullam

75 517 326 556 interiorem
356 516 482 568 ligni,
523 521 565 554 et
602 516 635 554 si
679 528 786 555 sana
828 516 1008 555 interius
1046 517 1286 567 agnoverit,
1322 518 1543 568 promittit

76 591 118 630 in
161 590 346 630 aedificio
389 590 607 637 duratura,
647 603 724 628 nec
767 589 895 628 valde
938 590 1019 629 erit
1061 590 1116 629 de
1169 588 1396 642 superficie
1439 590 1545 630 laesa

75 665 279 714 solicitus,
303 665 479 716 quando
504 663 545 703 id
571 664 689 716 quod
713 663 893 703 interius
918 671 982 703 est
1006 677 1162 703 sanum
1186 663 1420 703 renuntiat.

162 739 333 779 Eodem
357 738 491 778 modo
522 738 788 790 Prcepositus
812 751 909 778 cum
935 738 1126 790 cuipiam
1158 751 1338 790 poenam
1367 738 1545 789 irrogat,

74 814 108 853 si
143 813 453 853 animadvertit
488 826 587 852 eum
623 811 794 864 placide
831 811 948 860 ferre,
985 825 1071 851 non
1110 825 1322 851 excusare
1355 812 1544 864 culpam,

76 900 163 927 non
195 887 413 938 conqueri,
448 887 906 935 nonobmurmurare,
944 886 1162 938 promittit
1195 885 1311 925 hunc
1346 886 1389 924 in
1427 885 1548 924 Reli-

75 961 169 1000 onis
191 959 378 999 aedificio
401 960 660 999 duraturum
680 973 687 1009 ;
721 974 799 999 nec
830 966 1015 999 externa
1038 959 1232 1012 quadam
1265 960 1421 1012 specie,
1447 972 1548 1011 quae

74 1048 270 1088 persaepe
312 1034 433 1083 fallit,
477 1034 687 1074 sollicitus
730 1034 820 1083 erit,
865 1035 999 1074 modo
1042 1034 1084 1073 id
1138 1034 1257 1086 quod
1311 1034 1427 1073 intus
1478 1040 1548 1073 est

77 1122 231 1149 sanum
275 1108 582 1160 integrumque
625 1108 840 1160 cognovit.
918 1108 995 1149 Sin
1049 1115 1197 1148 autem
1241 1107 1548 1160 deprehendat

78 1196 211 1231 secus,
235 1182 472 1221 admonere
496 1182 743 1221 curationes
772 1183 934 1234 incipit,
960 1195 1013 1221 ne
1036 1183 1108 1233 qui
1133 1182 1313 1221 vitiosus
1347 1182 1463 1221 intus
1493 1182 1551 1221 sit

76 1257 340 1309 depravetur
369 1255 567 1306 amplius,
593 1256 625 1294 si
660 1255 855 1295 funditus
890 1255 1145 1308 negligatur.
1211 1256 1382 1295 Notitia
1416 1255 1549 1307 igitur

76 1330 209 1369 nostri
262 1329 462 1381 pectoris,
507 1341 638 1380 quam
693 1342 770 1380 per
811 1342 965 1381 peenas
1008 1329 1237 1381 impositas
1281 1329 1550 1381 Praepositus

77 1394 341 1455 adipiscitur,
376 1402 418 1440 in
451 1407 645 1441 nostram
680 1402 792 1442 redit
825 1402 1072 1442 utilitatem.
1138 1403 1238 1455 Quo
1273 1403 1390 1442 bono
1429 1408 1549 1443 caret

77 1476 183 1516 illud
213 1489 358 1528 poenae
386 1489 535 1528 genus,
567 1476 684 1527 quod
715 1477 840 1516 nobis
870 1477 974 1529 ipsis
1002 1477 1277 1516 assumimus.

162 1549 313 1589 Tertia
346 1548 509 1589 utilitas
544 1549 719 1589 inflictae
753 1564 897 1602 poenze
931 1557 1006 1599 est,
1035 1551 1138 1602 quia
1173 1551 1386 1602 majorem
1421 1551 1548 1590 nobis

77 1624 249 1664 virtutis
282 1623 535 1663 facultatem
568 1624 823 1676 suppeditat
855 1638 905 1663 ac
939 1625 1183 1672 materiam,
1221 1638 1356 1677 quam
1390 1630 1549 1677 sponte

77 1703 289 1751 suscepta.
368 1697 634 1749 Quanquam
669 1698 783 1737 enim
817 1699 922 1737 dum
958 1698 1063 1737 mihi
1096 1713 1251 1751 peenas
1284 1699 1438 1751 irrogo,
1470 1706 1547 1739 aut

78 1771 374 1812 humilitatem
427 1771 533 1819 colo,
592 1778 667 1810 aut
720 1785 876 1824 corpus
929 1773 1096 1812 ratione
1149 1773 1344 1824 subjicio,
1398 1779 1550 1812 tamen

81 1845 222 1898 major
254 1845 396 1885 adhuc
428 1845 471 1884 in
505 1845 711 1897 imposita
742 1846 970 1885 subeunda
1001 1859 1051 1885 ac
1081 1846 1261 1886 ferenda
1285 1846 1397 1885 inest
1421 1859 1549 1885 exer-

80 1920 232 1960 citatio
253 1918 437 1958 Virtutis.
501 1917 710 1970 Quisquis
734 1919 862 1965 enim,
886 1932 1019 1970 quam
1050 1920 1238 1971 imponit
1269 1919 1549 1971 Praepositus,

81 2006 178 2034 eam
230 1992 418 2032 libenter
468 1991 644 2044 excipit,
695 1998 746 2039 10,
786 1992 1060 2032 voluntatem
1114 2006 1238 2032 suam
1292 1992 1453 2045 frangit
1505 1993 1549 2032 in

81 2080 124 2106 re
171 2066 370 2106 sensibus
420 2065 605 2113 inimica,
653 2079 752 2117 quae
798 2066 977 2118 quidem
1028 2065 1234 2118 perfectae
1281 2066 1547 2105 obedientiae

78 2140 331 2181 testificatio
364 2145 438 2179 est.
506 2139 713 2178 Diximus
748 2139 863 2178 enim
902 2154 1042 2192 supra,
1075 2139 1157 2179 hoc
1190 2141 1323 2180 etiam
1357 2139 1546 2188 nomine,

79 2214 217 2254 videri
239 2213 398 2254 arduas
421 2213 648 2266 impositas
671 2227 837 2266 peenas,
861 2214 963 2265 quia
987 2214 1074 2253 fere
1097 2219 1248 2253 contra
1271 2213 1545 2253 voluntatem

81 2293 275 2328 nostram
309 2294 435 2327 sunt:
484 2287 681 2339 frangere
718 2293 866 2327 autem
909 2288 1055 2327 subito
1091 2288 1365 2328 voluntatem
1408 2300 1546 2335 suam,

80 2375 267 2414 eamque
298 2362 353 2401 ad
387 2366 542 2400 nutum
575 2361 846 2413 corripientis
878 2362 1225 2411 accommodare,
1261 2375 1422 2414 magna
1454 2361 1549 2401 laus

75 2436 249 2476 virtutis
281 2441 348 2475 est
381 2440 424 2474 et
456 2448 594 2487 genus
631 2435 856 2486 quoddam
888 2434 1075 2475 heroicze
1108 2435 1387 2485 fortitudinis,
1412 2441 1459 2475 ut
1491 2434 1547 2476 de

77 2509 161 2549 hoc
185 2509 463 2561 potissimum
494 2507 600 2547 illud
631 2507 883 2548 Salomonis
906 2507 989 2548 dici
1019 2522 1148 2562 posse
1170 2509 1372 2549 videatur
1390 2505 1453 2548 :'“
1468 2508 1549 2548 Vir

77 2583 289 2623 obediens
321 2582 525 2634 loquetur
558 2581 843 2622 victoriam.''1
904 2583 1056 2623 Vincit
1097 2584 1214 2623 enim
1257 2582 1545 2623 reluctantem

78 2655 367 2706 voluntatem,
391 2657 517 2708 eique
539 2656 694 2696 acriter
715 2657 910 2708 imperat.

168 2735 224 2770 20.
261 2730 388 2770 Idem
430 2729 724 2770 humilitatem
773 2736 961 2780 exercet,
1004 2731 1252 2784 premitque
1297 2728 1546 2782 superbiam

82 2803 224 2844 multo
255 2803 567 2853 vehementius,
606 2818 740 2856 quam
777 2818 877 2844 cum
915 2805 971 2845 de
1007 2819 1054 2845 se
1090 2806 1183 2858 ipse
1214 2816 1369 2857 poenas
1401 2802 1548 2852 sumit,

708 2893 719 2911 ¹
746 2894 842 2926 Prov.
863 2903 914 2925 21.
