1903 3197
498 196 576 241 De
608 196 792 257 agenda
829 198 1001 258 ubique
1033 199 1146 244 vita.
1497 202 1524 243 6
1533 211 1556 255 5

94 327 339 368 habeamus
381 327 583 380 aliquem,
627 342 714 380 quo
757 342 854 369 cum
907 342 1000 368 esse
1047 336 1090 369 et
1140 329 1329 382 colloqui
1368 329 1562 382 jucunde

99 403 329 454 possimus,
373 416 475 442 nam
518 402 598 442 etsi
641 416 739 442 cum
784 402 937 442 iisdem
981 416 1098 455 saepe
1139 404 1359 455 agendum
1404 410 1480 453 est,
1520 404 1561 444 in

101 475 459 528 frequentissimis
494 476 626 516 etiam
666 475 874 528 Collegiis
912 476 1129 515 interdum
1173 476 1232 524 fit,
1268 482 1315 516 ut
1349 491 1435 517 non
1479 477 1561 517 nisi

101 563 187 589 uno
218 555 292 589 aut
314 549 450 590 altero
480 550 639 590 relictis
662 550 829 590 caeteris
852 550 1127 589 continenter
1149 556 1333 589 utamur.
1397 551 1559 591 Verum

101 623 162 673 iis,
185 624 258 675 qui
282 623 432 676 spiritu
457 623 605 663 divino
627 629 729 663 sunt
751 623 935 676 praediti,
960 629 1086 675 grata
1112 624 1259 676 potius
1282 629 1347 663 est
1370 623 1560 664 solitudo

100 697 193 737 haec
216 710 346 749 quam
371 696 582 737 molesta:
615 696 774 737 desunt
796 710 987 749 namque
1008 697 1261 737 occasiones
1289 696 1560 743 delictorum,

100 784 198 822 quae
260 771 302 809 in
364 771 644 811 multitudine
695 784 813 824 saepe
865 772 1103 812 abundant.
1197 772 1256 811 Et
1308 785 1559 824 quanquam

102 844 299 884 Instituti
351 844 486 884 nostri
538 858 625 884 non
678 851 743 884 est
784 850 950 885 arctam
1003 845 1226 897 quandam
1279 844 1560 885 solitudinem

95 918 307 970 persequi,
345 923 493 958 tamen
529 918 706 970 quando
744 932 795 958 ea
837 918 963 959 nobis
1005 924 1226 972 praeparat
1268 919 1403 967 Deus,
1441 919 1558 958 exis—

96 991 253 1031 timare
295 1004 374 1031 nos
415 998 589 1044 oportet
635 1005 731 1031 eam
780 992 906 1032 nobis
952 992 1323 1045 pernecessariam
1367 1005 1472 1040 esse,
1513 998 1561 1033 ut

96 1078 193 1116 quae
236 1065 395 1105 mentis
428 1065 710 1105 solitudinem
742 1065 931 1118 adjuvet,
972 1079 1070 1118 quae
1103 1066 1281 1118 quidem
1316 1066 1468 1118 quanti
1504 1066 1559 1106 sit

96 1139 295 1179 facienda
338 1138 585 1178 Bernardus
627 1139 793 1180 indicat
836 1140 923 1180 Ser.
961 1150 1017 1190 40
1060 1140 1102 1179 in
1147 1139 1286 1188 Cant„
1314 1139 1558 1188 “Sancta,’‘

97 1213 246 1264 inquit,
271 1212 454 1251 “anima
485 1211 578 1251 sola
605 1217 710 1261 esto,
736 1217 783 1252 ut
805 1212 884 1252 soli
919 1213 1115 1252 omnium
1149 1226 1293 1253 serves
1326 1220 1369 1253 te
1401 1214 1556 1266 ipsam,

94 1300 226 1338 quem
260 1300 317 1326 ex
349 1285 552 1325 omnibus
584 1285 663 1325 tibi
697 1285 875 1338 elegisti.
941 1286 1064 1338 Fuge
1105 1286 1341 1339 publicum,
1377 1286 1478 1339 fuge
1516 1293 1560 1327 ct

95 1361 212 1413 ipsos
235 1359 514 1409 domesticos,
537 1358 693 1398 secede
721 1359 778 1398 ab
808 1359 960 1399 amicis
990 1366 1033 1399 et
1063 1359 1239 1408 intimis,
1264 1360 1397 1400 etiam
1428 1366 1471 1400 et
1504 1360 1560 1400 ab

97 1433 170 1474 illo
204 1433 277 1485 qui
309 1433 388 1473 tibi
421 1433 648 1472 ministrat.
713 1431 788 1471 An
822 1432 961 1472 nescis
994 1438 1038 1472 te
1068 1433 1364 1473 verecundum
1396 1433 1560 1474 habere

95 1521 317 1561 sponsum,
370 1513 413 1547 et
455 1507 527 1560 qui
571 1520 848 1559 nequaquam
895 1520 1018 1547 suam
1063 1507 1142 1547 tibi
1186 1507 1291 1547 velit
1334 1507 1560 1560 indulgere

93 1582 372 1635 praesentiam
397 1581 685 1634 praesentibus
708 1581 899 1621 caeteris!
963 1580 1131 1622 Secede
1163 1595 1279 1634 ergo,
1304 1582 1378 1622 sed
1412 1588 1560 1622 mente

96 1669 182 1697 non
224 1669 417 1709 corpore,
456 1655 532 1695 sed
570 1655 824 1704 intentione,
862 1654 939 1695 sed
972 1655 1218 1705 devotione,
1252 1656 1328 1695 sed
1367 1656 1558 1708 spiritu.''

99 1731 199 1771 Hoc
221 1731 353 1783 igitur
373 1735 504 1783 pacto
526 1730 667 1769 tertiae
689 1742 831 1768 causae
855 1729 1018 1768 occurri
1044 1735 1199 1781 potest.

185 1804 355 1856 Quarta
397 1810 489 1844 erat
530 1816 662 1844 causa
715 1802 960 1855 Superioris
1011 1803 1219 1842 severitas
1270 1810 1346 1843 aut
1393 1803 1561 1852 lenitas,

95 1891 193 1930 quae
246 1877 339 1929 ipsa
381 1890 556 1928 quoque
607 1890 663 1916 ex
717 1876 870 1916 iisdem
918 1876 1136 1915 radicibus
1180 1882 1324 1916 ortum
1368 1875 1557 1925 habeat3

99 1952 261 2004 quippe
313 1964 369 1990 ex
420 1949 526 1989 vitio
578 1949 866 1997 subditorum,
919 1949 991 2000 qui
1043 1948 1110 1989 vel
1167 1950 1364 1989 nondum
1417 1950 1560 1989 cordis

95 2023 389 2066 humilitatem
412 2023 669 2071 didicerunt,
692 2021 759 2062 vel
790 2022 923 2062 nimia
952 2023 1016 2061 sui
1048 2023 1240 2074 corporis
1261 2023 1556 2063 teneritudine

96 2106 229 2151 atque
267 2096 538 2149 indulgentia
575 2096 755 2136 student
789 2095 933 2135 adhuc
975 2095 1220 2135 commodis
1263 2096 1360 2144 suis,
1393 2095 1461 2135 vel
1500 2097 1555 2136 ad

95 2171 406 2226 perfectionem
454 2170 630 2223 spiritus
676 2182 763 2209 non
815 2168 1098 2218 contendunt,
1142 2168 1229 2209 fere
1280 2170 1415 2209 oritur
1460 2169 1556 2210 haec

97 2245 352 2286 mutationis
384 2244 602 2297 cupiditas
624 2243 692 2283 vel
725 2242 935 2283 molestia.
999 2242 1115 2283 Nam
1146 2243 1218 2295 qui
1240 2256 1340 2282 vere
1371 2243 1559 2283 humiles

96 2326 207 2369 sunt,
244 2332 323 2359 nec
359 2319 495 2358 vitam
538 2323 691 2357 amant
733 2317 959 2366 laxiorem,
995 2322 1291 2369 contentoque
1332 2330 1458 2357 cursu
1501 2318 1556 2357 ad

98 2407 196 2434 eam
219 2406 352 2445 quam
375 2393 468 2433 dixi
496 2391 808 2445 perfectionem
836 2391 1043 2439 nituntur,
1067 2390 1094 2429 ii
1117 2389 1306 2442 cujusvis
1329 2390 1557 2443 Praepositi

99 2467 373 2508 severitatem
399 2471 531 2518 atque
552 2465 756 2506 duritiem
787 2477 874 2505 non
897 2464 1037 2504 solum
1067 2477 1195 2516 aequo
1225 2464 1372 2504 animo
1402 2463 1556 2513 ferunt,

98 2554 247 2581 verum
274 2540 406 2581 etiam
436 2540 539 2580 boni
569 2539 812 2588 consulunt,
836 2543 880 2578 et
902 2536 1101 2578 beneficii
1131 2537 1228 2577 loco
1257 2536 1433 2586 ducunt,
1458 2551 1557 2577 cum

99 2615 154 2655 ab
176 2615 237 2654 eis
262 2620 502 2667 arguuntur
528 2620 572 2654 et
594 2614 881 2666 increpantur,
905 2619 948 2652 et
970 2612 1026 2652 ad
1053 2611 1381 2652 exactissimam
1410 2611 1554 2664 legum

100 2701 297 2728 normam
327 2688 418 2728 sine
445 2687 533 2728 ulla
561 2687 835 2739 indulgentia
857 2687 1128 2738 diriguntur3
1161 2686 1204 2725 hi
1238 2686 1418 2737 inquam
1449 2685 1555 2723 nihil

97 2775 197 2803 cum
234 2761 322 2802 suis
359 2775 552 2814 unquam
589 2760 940 2801 moderatoribus
981 2759 1146 2799 habent
1183 2759 1335 2807 litium,
1377 2764 1558 2798 utuntur

99 2836 149 2876 iis
184 2835 368 2889 placatis
403 2841 536 2887 atque
572 2833 828 2886 tranquillis.
898 2834 996 2873 Imo
1028 2846 1115 2885 quo
1152 2832 1346 2872 duriores
1384 2829 1553 2877 fuerint,

101 2922 152 2950 eo
185 2909 265 2963 ipsi
298 2908 439 2961 magis
471 2909 514 2948 in
546 2908 698 2962 spiritu
732 2921 782 2950 ac
813 2907 973 2948 virtute
1003 2905 1248 2962 proficiunt,
1285 2903 1398 2960 quia,
1423 2909 1471 2950 ut
1503 2904 1564 2951 ait

271 2983 298 3014 F
