1903 3197
327 181 345 212 1
360 182 421 214 20
646 169 725 214 De
758 169 947 216 ratione
981 170 1173 217 vivendi
1206 170 1467 218 Socz'etatz's.

318 300 604 347 rectitudinis,
627 303 792 343 rabiem
823 304 974 356 explet
1004 303 1169 350 furoris,
1198 305 1408 356 justeque
1434 318 1480 344 se
1510 303 1652 344 facere
1674 306 1788 346 festi-

319 381 423 424 mat,
454 376 668 429 quidquid
696 377 757 417 ira
784 378 986 430 nequiter
1011 379 1150 419 dictat
1173 392 1182 428 ;
1203 378 1222 391 ''
1256 384 1489 431 propterea
1517 384 1679 427 monet,
1704 381 1789 419 “ut

319 463 419 489 cum
457 449 599 490 aliena
641 452 898 504 corrigimus
940 453 1059 505 prius
1104 458 1253 492 nostra
1295 452 1540 499 metiamur,
1583 457 1627 491 et
1668 452 1787 504 prius

319 537 445 564 mens
476 539 501 565 a
533 539 611 566 sua
643 527 899 567 accensione
932 526 1165 573 deferveat,
1199 527 1319 579 prius
1355 527 1470 565 intra
1501 527 1785 579 semetipsam

318 598 398 638 zeli
421 599 485 638 sui
517 600 731 653 impetum
762 601 996 653 tranquilla
1027 602 1237 654 aequitate
1267 606 1521 653 componat,
1552 613 1606 640 ne
1635 614 1788 653 pecca-

317 679 412 712 tum
437 675 695 727 corrigendo
721 689 963 728 peccemus,
988 682 1032 715 et
1055 676 1127 728 qui
1151 675 1327 728 culpam
1360 675 1648 727 dijudicando
1675 675 1786 715 inse-

317 746 503 798 quimur,
532 749 821 789 immoderate
856 749 1052 789 feriendo
1087 747 1360 789 faciamus.''l
1415 749 1484 788 De
1525 748 1609 789 hoc
1651 749 1785 789 etiam

315 820 627 863 Bonaventura
679 824 721 863 in
779 837 858 863 sex
917 824 996 863 alis
1051 824 1349 869 Prfelatorum,
1404 823 1478 863 ubi
1533 824 1644 863 inter
1698 823 1785 863 alia

315 895 447 935 docet
480 897 811 949 ponderandam
847 911 941 937 esse
972 897 1146 952 culpam
1181 911 1260 950 pro
1292 911 1452 949 genere
1485 911 1574 937 suo.
1630 897 1784 937 “Nam

316 970 564 1023 insipiens,''
604 972 758 1023 inquit,
800 971 1107 1023 “quandoque
1150 984 1312 1022 magna
1354 984 1432 1022 pro
1475 971 1618 1022 parvis
1661 985 1787 1024 repu-

316 1049 398 1091 tat,
440 1050 483 1084 et
526 1044 637 1085 levia
681 1047 804 1097 quasi
849 1045 1048 1084 maxima
1090 1044 1318 1096 ponderat.
1362 1044 1532 1084 trabem
1572 1045 1786 1085 festucam

313 1117 496 1169 judicat,
541 1118 752 1170 liquando
795 1118 990 1167 culicem,
1031 1118 1318 1171 deglutiendo
1360 1118 1635 1159 camelurn.'’2
1697 1120 1786 1161 Sed

318 1205 418 1230 cum
467 1192 605 1232 tribus
653 1193 796 1232 modis
850 1193 1037 1232 revocari
1091 1206 1117 1232 a
1168 1193 1285 1232 malo
1338 1193 1501 1233 subditi
1552 1207 1788 1234 consueve-

317 1271 447 1305 runt:
491 1265 716 1314 charitate,
759 1267 939 1319 pudore,
982 1268 1167 1311 timore3
1211 1267 1403 1319 prudens
1448 1268 1612 1307 Rector
1653 1268 1788 1308 modo

315 1337 412 1384 hoc,
456 1341 589 1380 modo
633 1340 706 1380 illo
750 1342 884 1381 modo
928 1355 973 1381 se
1014 1347 1147 1393 geret.
1208 1341 1267 1380 Et
1299 1340 1381 1380 hoc
1414 1347 1480 1380 est
1518 1342 1636 1393 quod
1680 1341 1786 1381 dicit

319 1412 591 1453 Constitutio
643 1428 742 1454 cum
787 1415 829 1454 in
882 1414 1250 1454 declarationibus
1303 1415 1363 1454 ita
1416 1414 1638 1466 loquitur:
1692 1415 1785 1454 “In

317 1488 659 1527 correctionibus
706 1494 772 1528 est
819 1489 1149 1536 advertendum,
1195 1488 1314 1540 quod
1364 1488 1507 1540 primo
1557 1489 1600 1527 in
1649 1487 1788 1528 chari-

316 1565 411 1600 tate
442 1574 492 1600 ac
524 1561 768 1610 dulcedine,
801 1563 874 1614 qui
905 1568 1103 1615 peccant,
1127 1569 1229 1602 sunt
1262 1562 1561 1602 admonendi:
1594 1561 1810 1602 secundo⁴

315 1633 360 1673 in
397 1633 610 1674 charitate
645 1635 836 1687 quidem,
861 1636 938 1675 sed
975 1650 1026 1676 eo
1061 1641 1211 1676 tamen
1246 1636 1379 1675 modo
1413 1641 1460 1675 ut
1496 1636 1556 1675 eis
1588 1636 1786 1676 confusio

316 1712 361 1746 et
384 1708 518 1748 rubor
539 1708 782 1760 injiciatur:
806 1710 935 1749 tertio
959 1710 1096 1749 amori
1121 1724 1183 1757 ea,
1208 1724 1307 1762 quae
1330 1710 1535 1749 timorem
1559 1710 1784 1757 incutiant,

316 1781 632 1833 adjicienturs‘ss
708 1783 767 1823 Et
810 1789 936 1831 recte,
981 1784 1084 1836 quia
1130 1783 1220 1822 fieri
1274 1789 1422 1835 potest
1474 1789 1522 1822 ut
1575 1784 1672 1835 quis
1730 1790 1784 1831 10,

315 1868 459 1894 errore
512 1857 714 1908 peccarit,
769 1870 886 1896 error
938 1863 1086 1897 autem
1134 1862 1201 1896 est
1243 1857 1286 1895 in
1329 1856 1565 1905 intellectu,
1610 1862 1653 1897 et
1703 1856 1786 1897 hoc

314 1930 484 1981 peccati
526 1944 664 1982 genus
712 1931 924 1971 charitate
977 1931 1126 1984 potius
1178 1945 1229 1971 ac
1273 1932 1488 1971 suavitate
1531 1932 1809 1984 corrigitury

316 2010 366 2042 20
397 2009 557 2053 autem,
607 2018 694 2044 non
743 2005 885 2045 solum
934 2019 1076 2046 errore
1119 2011 1162 2045 et
1204 2005 1505 2057 intelligentiae
1547 2006 1664 2051 vitio,
1707 2006 1784 2045 sed

314 2078 449 2117 etiam
507 2078 760 2127 voluntatis,
814 2080 887 2131 qui
945 2079 1143 2119 defectus
1200 2080 1356 2119 rubore
1415 2093 1465 2118 ac
1522 2080 1784 2119 verecundia

315 2152 556 2199 minuitur;
611 2159 657 2203 30
698 2158 858 2201 autem,
905 2159 1053 2206 potest
1104 2167 1198 2193 esse
1251 2152 1521 2205 negligentia
1574 2154 1779 2205 quaedam

314 2230 359 2264 et
391 2226 599 2274 remissio,
634 2240 707 2266 seu
742 2227 918 2276 incuria,
942 2234 985 2267 et
1014 2226 1108 2267 haec
1140 2227 1298 2267 timore
1330 2227 1567 2280 corrigitur,
1601 2228 1704 2280 quia
1737 2234 1785 2268 ut

314 2298 376 2338 ait
420 2299 461 2340 S.
479 2299 705 2340 Thomas:
750 2301 904 2340 Timor
955 2301 1171 2341 rationem
1220 2301 1389 2341 excitat
1441 2307 1593 2341 contra
1645 2301 1783 2354 negli-

314 2372 541 2424 gentiam.4
603 2373 737 2414 Porro
768 2374 1042 2426 poenitentiae
1076 2388 1174 2427 quae
1206 2375 1463 2427 irrogantur,
1496 2380 1572 2414 aut
1603 2381 1783 2427 propter

315 2445 617 2498 intelligentiae
654 2448 809 2488 vitium
848 2449 1027 2502 irrogari
1071 2448 1243 2497 solent;
1287 2454 1363 2488 aut
1403 2454 1584 2500 propter
1624 2448 1780 2488 vitium

313 2521 582 2572 voluntatis;
625 2528 701 2563 aut
736 2514 916 2577 propter
947 2523 1274 2576 negligentiam,
1310 2537 1409 2576 quae
1441 2524 1535 2573 tria,
1568 2529 1617 2563 ut
1649 2538 1782 2576 supra

313 2596 670 2648 significavimus,
692 2610 717 2637 a
750 2597 797 2637 B.
823 2597 951 2638 Patre
977 2596 1318 2638 enumerantur.5
1380 2598 1608 2650 Perpende
1630 2603 1779 2638 autem

316 2668 692 2711 Constitutionem
744 2684 919 2723 semper
960 2672 1138 2723 exigere
1187 2671 1445 2712 charitatem
1499 2678 1543 2712 et
1584 2685 1779 2712 amorem

313 2744 448 2785 etiam
497 2749 593 2785 tum
641 2758 741 2785 cum
783 2745 916 2784 timor
957 2745 1178 2793 incutitur,
1222 2752 1264 2785 et
1307 2758 1454 2785 severe
1497 2745 1803 2798 corrigendus

343 2857 347 2860 ’
396 2857 408 2877 ¹
433 2859 574 2892 Ibidem.
715 2858 728 2877 2
753 2859 834 2900 Cap.
855 2867 884 2899 3.
907 2861 961 2898 §4
977 2864 1007 2890 et
1027 2866 1055 2899 5.
1199 2857 1213 2877 ³
1238 2859 1272 2890 Ρ.
1295 2867 1324 2899 3.
1346 2860 1415 2891 dec.
1438 2860 1480 2890 in.
1502 2871 1529 2891 c.
1556 2868 1581 2892 1.
1603 2861 1618 2898 ἓ
1638 2847 1687 2900 1⁰5.

600 2910 613 2929 ‘³
639 2912 672 2943 S.
693 2919 724 2943 2.
745 2919 774 2942 2.
795 2922 828 2952 q.
851 2917 890 2952 53
905 2915 937 2942 et
954 2916 1005 2951 54.
1172 2909 1186 2929 5
1213 2911 1274 2942 Ex.
1295 2921 1322 2942 c.
1343 2920 1372 2951 4.
1396 2913 1480 2951 §4¹-
