1903 3197
289 223 318 267 6
327 234 384 280 32
615 220 694 266 De
728 220 919 267 ratione
951 220 1144 267 vivendi
1176 221 1440 268 Socz'etatz'S.

289 359 460 395 attente
482 353 739 403 consideret,
759 353 867 394 nihil
889 368 947 394 ex
969 354 1020 394 iis
1043 354 1205 395 doloris
1228 369 1278 396 ac
1299 354 1540 408 voluptatis
1562 355 1757 408 accipiet.

288 429 391 481 Jam
414 428 623 482 quicquid
656 428 826 468 inurere
858 429 1007 469 animo
1040 429 1237 470 dolorem
1269 435 1417 482 potest
1447 429 1551 483 (una
1572 436 1761 483 excepta

289 502 436 556 culpa)
482 516 569 543 non
621 502 864 543 admodum
908 517 1084 544 movere
1125 518 1196 544 me
1238 504 1381 553 debet,
1421 504 1630 556 quoniam
1673 505 1760 544 cito

288 578 456 626 transit,
490 590 678 630 cumque
710 583 838 617 extra
870 591 940 618 me
972 579 1039 628 sit,
1069 591 1140 619 me
1172 579 1317 631 ipsum
1349 578 1519 627 laedere,
1544 579 1578 618 si
1611 578 1760 627 nolim,

288 653 471 693 omnino
506 666 594 692 non
629 658 785 705 potest.
866 652 967 693 Hoc
999 658 1076 701 est,
1104 653 1223 705 quod
1255 653 1362 693 dicit
1395 653 1553 702 David,
1589 653 1653 693 Ps.
1680 654 1762 703 38:

290 728 385 767 “In
408 727 601 780 imagine
630 728 866 780 pertransit
894 727 1039 776 homo,
1063 729 1140 767 sed
1173 734 1216 768 et
1248 728 1409 767 frustra
1439 726 1761 767 conturbatur.''

293 801 515 842 Nimirum
561 802 664 854 quia
708 802 855 842 subito
899 802 1210 855 praetervolant
1254 802 1412 854 quibus
1455 801 1527 841 ille
1575 802 1762 855 angitur,

290 883 335 917 et
384 877 676 930 perturbatur,
730 876 919 928 ideoque
971 875 1131 916 frustra
1182 877 1318 916 oritur
1373 877 1416 916 in
1469 876 1562 929 ejus
1615 883 1763 917 mente

291 952 494 992 turbatio.
571 952 631 991 Et
675 950 783 990 Paul
830 962 861 990 1.
901 950 1096 991 Corinth.
1137 960 1188 1002 7:
1237 950 1472 1003 “Tempus
1508 951 1639 991 breve
1676 957 1762 1002 est;

292 1026 510 1078 reliquum
535 1031 610 1073 est,
630 1031 679 1065 ut
701 1026 775 1077 qui
809 1025 975 1064 habent
997 1038 1172 1073 uxores,
1196 1030 1410 1077 tanquam
1433 1038 1521 1064 non
1552 1024 1765 1065 habentes

294 1099 392 1149 sint,
412 1106 456 1140 et
478 1099 552 1152 qui
575 1099 692 1149 flent,
712 1106 925 1152 tanquam
948 1113 1036 1139 non
1060 1099 1214 1139 flentes
1227 1112 1236 1149 3
1269 1099 1463 1152 praeterit
1487 1099 1604 1138 enim
1626 1099 1767 1151 figura

292 1173 423 1226 hujus
467 1172 656 1214 mundi.'’
720 1173 779 1214 Et
813 1172 1079 1226 Gregorius:
1114 1172 1308 1222 “Nihil,''
1346 1173 1499 1225 inquit,
1542 1173 1767 1225 “quietius

295 1262 428 1301 quam
452 1248 583 1301 hujus
605 1249 759 1288 mundi
783 1248 890 1287 nihil
914 1248 1159 1301 appetere.”

384 1323 542 1375 Neque
565 1323 643 1363 abs
667 1336 711 1363 re
741 1329 807 1362 est
834 1323 952 1375 quod
986 1322 1092 1362 dicit
1123 1322 1300 1362 Marcus
1322 1321 1544 1362 Anachor.
1569 1321 1691 1374 Disp.
1717 1333 1767 1372 3:

297 1396 422 1450 “Qui
454 1397 621 1450 hujus‚''
656 1398 808 1450 inquit,
844 1398 980 1437 “vitae
1014 1397 1240 1437 molestias
1275 1396 1519 1437 futurorum
1551 1396 1769 1437 bonorum

296 1473 608 1526 expectatione
638 1473 830 1525 suscipit,
854 1474 910 1513 ab
944 1473 1170 1512 iracundia
1193 1478 1235 1512 et
1258 1472 1436 1512 tristitia
1458 1471 1582 1512 facile
1614 1471 1769 1512 libera-

295 1546 447 1588 bitur.’'
526 1547 665 1596 Nilus,
703 1547 774 1588 Or.
815 1557 864 1598 5:
924 1546 1047 1599 “Qui
1091 1546 1343 1595 mundum,'’
1386 1547 1539 1599 inquit,
1579 1545 1769 1599 “diligit,

296 1635 415 1674 scepe
449 1621 627 1661 tristitia
659 1621 898 1670 afficietur;
943 1621 1017 1674 qui
1051 1627 1199 1661 autem
1234 1620 1477 1661 contemnit
1510 1634 1562 1660 ea
1595 1634 1694 1672 quae
1726 1620 1770 1660 in

298 1696 465 1736 mundo
489 1703 601 1744 sunt,
627 1696 670 1735 in
693 1702 907 1749 perpetua
930 1696 1085 1735 laetitia
1105 1695 1381 1735 versabitur.”

391 1770 522 1810 Hanc
556 1771 821 1823 sapientiam
851 1769 1122 1822 despiciendi
1152 1769 1275 1808 fluxa
1308 1769 1458 1808 omnia
1488 1769 1577 1808 vim
1610 1768 1772 1809 habere

301 1846 560 1898 procreandi
594 1846 636 1884 in
670 1845 819 1885 animo
848 1845 997 1897 gaudii
1028 1851 1163 1896 atque
1188 1844 1420 1896 aequitatiS,
1443 1844 1616 1884 videtur
1637 1845 1771 1884 etiam

301 1919 501 1960 ethnicus
523 1918 813 1972 philosophus
843 1920 1084 1972 agnovisse.
1149 1918 1318 1959 Seneca
1340 1919 1456 1958 enim
1489 1918 1571 1971 Ep.
1597 1927 1650 1970 59
1671 1931 1772 1958 cum

302 1995 509 2035 dixisset:
551 1993 747 2034 “Omnia
769 1995 854 2034 ista
886 1994 1215 2034 oblectamenta
1241 1993 1422 2043 fallacia,
1446 1999 1490 2033 et
1517 1993 1667 2033 brevia
1697 1994 1772 2034 de-

302 2069 506 2123 cipiunt,'’
532 2083 639 2109 mox
667 2069 861 2121 subjicit:
896 2069 1053 2109 “Talis
1087 2075 1152 2109 est
1183 2069 1393 2121 sapientis
1424 2069 1608 2118 animus,
1631 2068 1772 2121 qualis

302 2145 455 2187 mundi
499 2151 639 2185 status
681 2158 811 2198 super
852 2144 1012 2185 lunam.
1098 2144 1284 2197 Semper
1324 2143 1410 2184 illic
1452 2157 1651 2183 serenum
1694 2150 1770 2184 est.

305 2221 461 2261 Habes
496 2234 600 2273 crgo
634 2233 769 2272 quare
798 2220 905 2260 velis
941 2219 1115 2272 sapiens
1150 2233 1256 2269 esse,
1283 2220 1386 2272 quia
1420 2232 1646 2271 nunquam
1680 2219 1774 2259 sine

303 2295 468 2348 gaudio
491 2295 592 2334 est.''

394 2376 448 2420 30.
501 2369 759 2409 Voluntatis
823 2383 913 2408 suae
966 2369 1227 2421 spoliatione
1289 2374 1422 2421 atque
1482 2368 1770 2409 abdicatione.

303 2444 524 2484 Voluntas
562 2444 679 2483 enim
722 2445 899 2496 propria
940 2457 1120 2496 poenam
1157 2444 1302 2494 habet,
1339 2450 1386 2483 ut
1420 2443 1570 2483 dicunt
1609 2443 1771 2484 Sancti.

306 2519 427 2572 Ergo
451 2519 525 2571 qui
548 2520 698 2558 statim
721 2518 997 2558 voluntatem
1028 2533 1154 2558 suam
1185 2524 1398 2571 amputat,
1421 2524 1625 2571 amputat
1646 2519 1775 2559 simul

304 2608 482 2634 omnem
535 2593 722 2633 tristitiae
774 2607 825 2633 ac
879 2594 1079 2633 moeroris
1121 2594 1408 2634 occasionem.
1491 2592 1609 2646 Quia
1644 2607 1774 2634 nemo

305 2668 492 2718 laeditur,
510 2668 591 2707 nisi
615 2682 640 2707 a
662 2682 708 2707 se
730 2668 837 2720 ipso,
858 2674 905 2707 ut
928 2667 1126 2720 pluribus
1151 2668 1494 2720 Chrysostomus
1516 2669 1559 2708 in
1581 2668 1774 2718 homilia,

308 2756 407 2795 quae
441 2742 523 2783 hac
555 2743 651 2796 ipsa
675 2742 729 2782 de
751 2757 796 2782 re
819 2748 893 2782 est.
960 2742 1135 2795 Spoliat
1166 2749 1314 2783 autem
1345 2757 1391 2782 se
1419 2743 1603 2795 quisque
1623 2743 1777 2783 volun-

304 2823 398 2857 tate
430 2832 509 2857 sua
540 2831 618 2870 per
648 2817 956 2865 humilitatem,
985 2823 1028 2856 et
1060 2818 1371 2866 obedientiam,
1396 2818 1439 2857 in
1473 2831 1561 2870 qua
1593 2824 1776 2870 utraque

303 2892 450 2944 posita
484 2898 549 2931 est
582 2905 746 2944 magna
778 2891 1072 2943 tranquillitas
1108 2892 1253 2933 animi.
1318 2892 1371 2931 In
1402 2892 1651 2932 humilitate
1681 2892 1775 2944 qui-

303 2966 404 3006 dem
435 2972 623 3006 testatur
653 2967 748 3019 ipsa
776 2966 962 3015 Veritas,
990 2966 1116 3006 Matt.
1141 2967 1197 3006 xi.
1220 2981 1227 3006 :
1268 2970 1290 2986 ‘⁶
1309 2966 1478 3007 Discite
1509 2981 1534 3007 a
1568 2980 1649 3015 me,
1674 2966 1778 3019 quia
