1903 3197
397 174 475 220 De
507 175 784 220 morborum
818 173 1089 235 aperiendis
1123 175 1294 221 z'nz‘tz'z's.
1481 187 1578 235 497

117 318 293 346 necesse
328 305 541 345 habemus
583 318 756 358 semper
796 305 1091 358 superioribus
1132 306 1290 346 nostris
1327 312 1404 346 aut
1440 318 1579 358 aegro-

114 384 258 418 torum
287 377 496 431 praefecto
528 378 738 418 exhibere
769 377 1030 419 molestiam.

204 451 542 504 Quamprimum
623 457 771 491 autem
844 450 1039 490 diximus
1119 451 1405 503 aperiendum
1482 465 1576 492 esse

117 524 331 574 morbum,
382 524 483 565 licet
538 524 581 563 id
642 523 793 576 regula
853 537 941 563 non
1002 523 1238 575 exprimat,
1290 525 1367 563 sed
1425 530 1575 565 tamen

115 598 357 651 intelligat;
393 598 530 638 tribus
567 597 622 637 de
658 597 808 638 causis.
873 597 1078 645 Primum,
1114 603 1296 650 propter
1332 610 1406 636 eos
1444 598 1573 649 ipsos,

112 671 187 724 qui
237 677 450 723 aegrotare
500 671 724 723 coeperint,
777 683 832 710 ne
887 669 1026 709 solitis
1083 668 1307 720 religionis
1369 669 1574 709 oneribus

112 745 347 785 deteriores
378 744 510 784 fiant:
547 743 614 784 his
650 744 765 783 enim
802 756 913 796 opus
945 748 1021 791 est,
1055 748 1103 782 ut
1134 743 1195 782 ait
1230 739 1572 790 Bonaventura‚1

111 819 395 870 exemptione
427 818 585 858 laboris
618 818 660 857 in
692 817 844 858 officiis
875 823 919 858 et
951 817 1228 866 muneribus;
1262 830 1373 868 quae,
1398 817 1432 855 si
1460 817 1573 857 inter

110 890 234 931 initia
269 891 408 931 morbi
441 892 759 940 continuentur,
792 890 1084 944 amplificatur
1115 890 1306 938 morbus,
1341 889 1572 942 morbique

109 964 362 1016 periculum.
425 965 608 1013 Deinde,
632 971 811 1017 propter
839 964 1043 1012 medicos,
1068 969 1115 1003 ut
1143 969 1312 1003 mature
1343 968 1573 1003 occurrant

109 1038 252 1085 initiis,
299 1044 662 1091 perspectamque
717 1038 909 1079 habeant
959 1038 1094 1077 totius
1146 1037 1286 1076 morbi
1339 1036 1570 1088 periodum

108 1117 242 1164 atque
278 1125 462 1162 cursum,
491 1112 746 1164 praenotatis
782 1111 1014 1164 diligenter
1050 1111 1209 1150 initiis:
1258 1116 1417 1150 notant
1452 1110 1570 1149 enim

108 1184 226 1224 diem
261 1191 304 1224 et
331 1184 495 1234 horam,
520 1185 678 1237 quibus
711 1184 889 1224 morbus
921 1183 1161 1231 accesserit,
1191 1196 1279 1235 quo
1312 1183 1368 1222 sit
1400 1182 1569 1223 curatio

109 1256 284 1297 facilior.
369 1257 605 1305 Postremo,
648 1263 825 1309 propter
875 1257 1238 1297 communitatem
1292 1262 1335 1296 et
1391 1261 1571 1308 propter

110 1343 265 1382 corpus
299 1330 442 1382 ipsum
479 1331 840 1383 congregationis,
870 1343 969 1382 quae
1005 1343 1123 1382 saepe
1160 1329 1442 1369 incommoda
1480 1341 1569 1369 non

109 1403 272 1454 exigua
294 1415 351 1441 ex
374 1402 556 1455 alicujus
588 1403 874 1456 aegrotatione
902 1403 1168 1456 perpetitur:
1201 1409 1248 1442 ut
1278 1415 1377 1441 cum
1408 1401 1572 1453 magis·

107 1481 174 1514 ter
201 1475 270 1514 vel
312 1476 603 1524 concionator,
635 1475 705 1516 vel
752 1476 811 1516 rei
864 1475 1087 1515 familiaris
1138 1475 1396 1514 administer
1440 1481 1483 1514 et
1525 1473 1570 1514 id

109 1561 249 1600 genus
284 1547 524 1598 hominum,
558 1549 682 1601 cujus
719 1549 1048 1602 congregationi
1086 1548 1203 1588 utilis
1240 1562 1290 1587 ac
1328 1548 1571 1587 necessaria

112 1635 247 1674 opera
277 1635 371 1662 esse
402 1622 524 1672 solet,
557 1628 754 1675 zegrotat.

199 1694 283 1734 His
333 1695 465 1748 igitur
514 1697 570 1736 de
621 1696 762 1736 causis
812 1696 1138 1748 quamprimum
1192 1694 1416 1734 indicandi
1468 1698 1571 1734 sunt

111 1767 262 1807 morbi.
325 1768 414 1808 Sed
447 1769 668 1808 interdum
699 1768 833 1821 aliqui
872 1781 947 1809 eos
978 1768 1208 1808 confestim
1242 1781 1330 1806 non
1364 1767 1571 1816 indicant,

108 1840 175 1881 vel
208 1841 310 1893 quia
341 1855 416 1881 eos
444 1855 532 1881 non
567 1848 737 1889 norunt,
769 1855 849 1882 nec
878 1841 1130 1893 intelligunt
1160 1855 1205 1880 se
1239 1840 1353 1879 male
1384 1839 1572 1880 habere:

108 1920 152 1954 et
183 1920 338 1954 contra
373 1914 486 1955 hanc
523 1929 611 1955 suae
643 1915 906 1956 valetudinis
943 1915 1236 1968 ignorantiam
1271 1914 1377 1953 dicit
1409 1912 1570 1966 regula,

109 1990 248 2028 “cum
285 1994 445 2040 praeter
480 1989 656 2028 solitum
698 1988 813 2029 male
849 2002 896 2028 se
931 1988 1093 2028 habere
1136 1986 1386 2027 senserint.'’
1455 1986 1573 2027 Satis

109 2062 225 2100 enim
267 2061 393 2100 nobis
444 2062 576 2101 debet
617 2075 710 2102 esse
761 2067 966 2114 suspecta
1007 2061 1214 2101 valetudo
1267 2065 1426 2107 nostra,
1470 2072 1571 2099 cum

106 2139 265 2186 praeter
295 2134 474 2174 solitum
508 2134 620 2175 male
651 2149 732 2175 nos
763 2135 924 2175 habere
955 2134 1377 2181 animadvertimus;
1410 2138 1453 2172 et
1476 2138 1569 2172 tum

109 2208 375 2247 admonendi
407 2214 509 2248 sunt
541 2216 804 2261 aegrotorum
838 2207 1043 2261 praefecti.
1105 2207 1189 2247 Vel
1223 2213 1269 2245 20
1296 2206 1399 2258 quia
1431 2205 1573 2258 pudor

107 2281 287 2332 quidam
319 2281 587 2322 subrusticus
616 2282 813 2335 impedit,
837 2281 1072 2334 quominus
1106 2280 1245 2320 morbi
1277 2278 1571 2331 superioribus

107 2354 328 2406 patefiant.
393 2356 452 2395 Et
481 2356 537 2395 ad
571 2356 814 2396 tollendum
860 2356 975 2395 hunc
1009 2355 1224 2407 pudorem
1263 2353 1390 2405 jubet
1423 2350 1572 2403 regula

108 2441 195 2467 non
246 2429 454 2481 superiori
507 2430 698 2482 praecise,
752 2429 829 2469 sed
881 2436 956 2470 aut
1011 2428 1112 2468 huic
1172 2434 1249 2467 aut
1305 2431 1570 2478 :egrotorum

106 2502 323 2553 praefecto,
358 2509 433 2543 aut
470 2504 602 2544 etiam
640 2503 877 2544 infirmario
915 2503 1091 2543 morbos
1129 2503 1247 2555 ipsos
1290 2500 1474 2553 aperiri:
1521 2505 1571 2540 ut

107 2574 180 2626 qui
215 2575 270 2614 ad
301 2577 568 2628 superiorem
594 2583 768 2618 veretur
800 2577 1019 2626 accedere,
1049 2575 1288 2615 infirmario
1321 2588 1366 2614 se
1395 2572 1569 2613 credere

106 2654 239 2700 atque
261 2649 426 2701 aperire
455 2663 542 2690 non
568 2651 750 2691 dubitet.
815 2650 1012 2703 Ideoque
1041 2656 1084 2690 et
1111 2650 1154 2689 in
1183 2644 1569 2688 constitutionibus

105 2721 289 2762 dicitur:
314 2723 477 2763 “simul
502 2729 636 2776 atque
664 2724 901 2764 infirmario
925 2724 1119 2764 indicata
1141 2722 1270 2762 fuerit
1293 2715 1569 2772 aegritudo.¹'²

104 2793 185 2834 Vel
231 2801 285 2846 30.
325 2797 427 2848 quia
469 2796 695 2837 confidunt
736 2797 910 2838 silentio
947 2796 1029 2836 sibi
1072 2795 1176 2848 ipsis
1219 2793 1383 2834 mederi
1425 2804 1565 2845 posse,

408 2893 419 2912 ¹
446 2894 525 2936 Sup.
546 2895 587 2926 de
603 2905 659 2926 sex
675 2894 748 2926 alis.
919 2894 931 2912 ‘³
958 2895 991 2926 P.
1013 2894 1056 2925 iii.
1079 2903 1105 2925 c.
1127 2901 1155 2924 2.
1178 2892 1197 2924 1.
1219 2892 1261 2923 G.

276 2955 342 2986 GG
