1903 3197
299 160 397 207 450
622 145 702 191 De
733 145 922 191 ratione
954 144 1146 191 vivendi
1178 144 1439 191 Socz'etatz'S.

299 285 443 319 tatum
480 291 652 330 genera,
684 290 784 329 quae
822 278 865 316 in
898 276 1085 329 jejuniis,
1122 275 1280 329 vigiliis
1316 275 1627 327 laboribusque
1663 281 1766 315 sunt

299 352 394 399 sita,
425 352 567 403 magis
599 356 701 390 sunt
733 351 943 391 universis
974 351 1320 399 accommodata,
1348 363 1481 402 quam
1510 349 1767 399 verberatio,

299 426 501 474 cilicium,
545 431 589 465 et
629 425 919 475 chameunia;
975 424 1069 465 haec
1104 438 1207 465 vero
1249 424 1487 477 perpaucis,
1572 424 1770 476 Ideoque

300 501 357 541 ab
394 506 572 540 auctore
608 500 907 539 universarum
944 512 1098 547 rerum,
1134 497 1202 538 vel
1240 498 1295 537 ab
1333 496 1533 536 Ecclesia
1566 497 1767 536 universa

301 575 442 628 magis
476 574 610 614 etiam
644 573 718 614 illa
751 580 855 614 sunt
888 575 1128 626 imperata:
1181 585 1334 612 omnes
1368 572 1532 623 quippe
1566 570 1769 610 homines

301 663 352 690 ea
386 649 497 689 ferre
530 662 581 688 ac
614 647 800 688 tolerare
834 647 1150 700 quoquomodo
1184 652 1378 699 possunt,
1407 644 1502 684 haec
1537 658 1639 684 vero
1672 657 1769 696 per-

299 722 439 776 pauci.
503 721 720 771 Secundo,
753 722 854 774 quia
896 721 970 761 illa
1010 720 1206 773 pluribus
1244 720 1383 767 rebus,
1422 719 1465 758 id
1509 724 1574 758 est
1610 717 1769 757 animae

300 802 344 836 et
366 796 534 848 corpori
558 795 766 847 prodesse
788 794 951 834 solent:
983 794 1078 833 haec
1099 794 1258 833 animae
1281 798 1469 841 tantum,
1493 791 1615 843 cujus
1637 805 1769 831 causa

300 884 458 922 corpus
492 869 692 908 atteritur
726 873 770 907 et
804 873 1061 915 maceratur,
1092 880 1250 918 corpus
1283 880 1388 906 vero
1422 868 1567 918 ipsum
1603 864 1767 904 nullam

300 958 357 984 ex
400 942 653 983 verberibus
694 946 771 980 aut
812 940 962 980 ciliciis
1003 946 1079 979 aut
1121 940 1482 979 humicubatione
1531 939 1766 978 utilitatem

298 1017 442 1057 habet.
508 1014 640 1067 Quod
673 1020 822 1054 autern
851 1014 934 1054 tria
963 1014 1186 1066 superiora
1216 1012 1414 1065 pluribus
1445 1012 1574 1051 rebus
1597 1012 1770 1052 utiliora

299 1097 411 1138 sunt,
435 1089 539 1128 satis
571 1087 753 1140 planum
786 1094 862 1128 est.
926 1087 1043 1127 Nam
1072 1086 1288 1138 jejunium
1317 1091 1361 1125 et
1392 1085 1574 1134 labores,
1598 1084 1769 1124 etiamsi

300 1162 574 1215 poenitentiae
615 1161 714 1201 loco
746 1160 1049 1213 suscipiantur,
1085 1160 1222 1200 tribus
1260 1159 1388 1199 rebus
1425 1159 1635 1211 prodesse
1672 1171 1772 1210 pos-

301 1241 414 1283 sunt,
439 1236 472 1275 si
497 1235 724 1275 moderata
746 1235 859 1283 sint;
893 1234 1063 1283 animae,
1086 1234 1266 1286 corpori,
1291 1239 1334 1272 et
1362 1233 1589 1284 proximis.
1652 1231 1772 1283 Jeju-

302 1310 423 1350 nium
467 1308 647 1360 quidem
689 1308 847 1348 animae
890 1308 1099 1360 prodesse
1140 1307 1246 1346 satis
1288 1306 1453 1358 liquet:
1501 1305 1605 1357 quia
1645 1304 1773 1356 “ejus

303 1382 616 1431 observantia,'’
666 1387 715 1422 ut
756 1382 818 1422 ait
860 1382 907 1421 B.
947 1382 1050 1429 Leo,
1088 1380 1534 1433 “appropinquamus
1577 1378 1686 1426 Deo,
1730 1383 1773 1417 et

304 1457 554 1496 resistentes
595 1455 773 1495 diabolo
813 1456 920 1495 vitia
968 1454 1134 1495 blanda
1185 1450 1508 1506 superamus.”1
1591 1451 1773 1504 Corpori

305 1530 512 1582 prodest;
546 1529 660 1581 quia,
692 1534 740 1568 ut
773 1529 890 1568 idem
920 1529 992 1575 ait,
1025 1527 1297 1568 “delectatio
1327 1527 1484 1567 edendi
1513 1527 1646 1566 etiam
1682 1539 1774 1565 cor-

305 1603 424 1656 poris
456 1602 673 1642 contraria
703 1608 770 1642 est
811 1601 952 1651 saluti,
985 1602 1066 1641 nisi
1108 1602 1219 1641 ratio
1252 1600 1557 1653 temperantiae
1590 1599 1776 1639 obsistat

306 1677 535 1724 illecebrae,
560 1682 603 1715 et
635 1676 753 1728 quod
787 1675 981 1716 futurum
1010 1681 1075 1715 est
1098 1676 1217 1715 oneri
1241 1673 1473 1714 subtrahat
1495 1673 1747 1725 voluptati.'‘
1764 1670 1780 1693 ²

306 1749 528 1790 Proximis
558 1748 750 1801 prodest,
785 1749 898 1801 quia,
934 1748 1091 1788 eodem
1133 1754 1323 1795 auctore,
1356 1746 1664 1786 misericordiae
1697 1745 1777 1784 im-

306 1822 515 1877 penditur
535 1821 655 1874 quod
688 1821 958 1862 subtrahitur
979 1821 1207 1874 voluptati,
1232 1827 1275 1860 et
1298 1820 1347 1860 fit
1369 1820 1548 1859 refectio
1574 1819 1779 1872 pauperis

307 1897 575 1938 abstinentia
592 1897 845 1948 jejunantis.
910 1896 1106 1936 Labores
1136 1895 1269 1935 etiam
1302 1895 1456 1934 iisdem
1488 1893 1615 1933 rebus
1638 1893 1778 1932 omni-

306 1971 389 2011 bus
422 1970 553 2023 plane
587 1976 798 2023 prosunt;
834 1970 938 2022 quia
972 1975 1015 2009 et
1049 1969 1242 2009 animam
1278 1973 1470 2021 purgant
1503 1979 1648 2020 poenae
1682 1966 1778 2005 loco

307 2045 512 2097 suscepti,
555 2049 599 2084 et
640 2057 797 2096 corpus
839 2043 964 2083 alunt
1007 2043 1099 2094 ejus
1140 2043 1256 2082 victu
1311 2041 1519 2092 cultuque
1569 2039 1777 2092 parando,

309 2118 512 2171 agileque
549 2117 741 2158 reddunt
777 2131 828 2157 ac
864 2123 1132 2170 promptum,
1170 2122 1213 2155 et
1249 2115 1554 2168 proximorum
1593 2112 1779 2165 egestati

309 2197 593 2240 succurrunt;
647 2191 798 2244 quales
831 2191 935 2231 olim
970 2190 1093 2230 Pauli
1135 2190 1316 2238 labores,
1354 2189 1428 2241 qui
1467 2200 1555 2227 non
1591 2187 1648 2226 ad
1686 2186 1779 2238 ejus

310 2271 486 2305 tantum
523 2278 682 2317 corpus
719 2265 1054 2304 sustentandum
1093 2263 1402 2310 referebantur,
1441 2260 1518 2300 sed
1556 2260 1689 2300 etiam
1732 2266 1780 2299 ut

311 2337 494 2378 haberet
529 2338 646 2377 unde
681 2338 985 2378 necessitatem
1024 2337 1208 2390 patienti
1244 2335 1466 2384 tribueret,
1502 2339 1556 2384 et,
1592 2338 1641 2373 ut
1674 2333 1781 2373 dicit

312 2412 406 2464 ipse
456 2410 511 2450 de
558 2424 617 2459 se,
660 2417 708 2451 ut
756 2412 844 2450 suis
894 2410 1116 2450 laboribus
1158 2422 1245 2449 non
1288 2408 1367 2448 sibi
1409 2412 1596 2456 tantum,
1628 2418 1780 2446 verum

314 2485 449 2525 etiam
482 2484 533 2524 iis
564 2485 638 2537 qui
672 2498 818 2525 secum
852 2490 985 2532 erant,
1011 2483 1253 2524 necessaria
1274 2482 1376 2522 vitae
1398 2477 1783 2521 subministraret.3

311 2558 488 2611 Vigiliae
509 2571 624 2607 vero,
648 2558 847 2610 quamvis
877 2558 1045 2610 corpori
1075 2563 1244 2597 tantam
1274 2555 1511 2596 utilitatem
1539 2567 1627 2594 non
1656 2552 1781 2593 vide-

308 2639 448 2673 antur
488 2633 654 2681 afferre,
697 2646 813 2685 saepe
855 2638 1003 2671 tamen
1045 2631 1234 2671 afferunt
1276 2643 1364 2670 non
1406 2628 1627 2681 exiguam,
1673 2626 1781 2666 dum

318 2719 503 2759 corpora
533 2707 764 2759 pinguiora
796 2706 968 2745 modice
1002 2711 1256 2753 extenuant,
1293 2717 1373 2745 nec
1406 2702 1540 2744 obesa
1574 2698 1783 2740 inutiliter

380 2809 393 2829 ¹
415 2811 520 2844 Serm.
540 2820 570 2843 2.
590 2812 645 2843 De
658 2811 767 2853 Jejun.
788 2811 908 2843 decimi
926 2811 1061 2841 Mensis.
1164 2809 1177 2828 2
1203 2812 1271 2843 Ser.
1293 2809 1323 2842 8.
1343 2809 1443 2849 ib‘.d.;
1468 2809 1538 2841 Ser.
1559 2815 1589 2838 2.
1610 2805 1690 2837 ibid.

949 2860 962 2880 ³
986 2863 1062 2893 Aet.
1082 2870 1134 2893 20.
