1903 3197
256 141 284 183 6
528 141 608 187 De
644 139 690 188 C
685 141 1060 188 onstz'tutz'onum
1101 141 1446 190 Observatz'one.

254 272 535 326 Augustinus
570 274 643 322 ait,
678 288 765 315 non
798 274 988 316 salvabit
1018 282 1061 316 te
1095 276 1188 316 sine
1217 281 1271 317 te.
1335 276 1482 329 Quam
1518 290 1724 329 coopera-

255 346 423 387 tionem
458 348 502 387 in
528 361 575 388 se
602 349 697 401 ipso
726 349 885 389 Paulus
908 351 1103 391 ostendit
1126 364 1225 391 cum
1249 349 1394 399 dixit,1
1419 354 1442 371 “
1458 349 1609 390 Gratia
1640 351 1724 391 Dei

255 433 451 472 mecum;
476 427 521 462 et
537 423 679 475 gratia
697 423 791 475 ejus
808 423 852 463 in
871 437 941 464 me
957 437 1095 464 vacua
1114 437 1201 464 non
1219 424 1311 472 fuit,
1331 424 1408 464 sed
1427 424 1725 464 abundantius

254 493 338 534 illis
360 495 566 535 omnibus
590 496 819 537 laboravi.’'
856 497 968 537 Cum
993 497 1123 550 igitur
1146 497 1290 538 suavis
1312 498 1541 550 dispositio
1564 497 1723 537 divinae

253 568 542 621 providentia:
582 570 774 623 requirat
808 572 1166 624 cooperationem
1201 586 1376 612 suarum
1412 577 1721 620 creaturarum,

254 641 447 695 velitque
471 657 527 683 ex
550 649 676 696 parte
699 658 778 684 sua
798 644 1032 685 Societatis
1055 647 1165 685 tueri
1189 651 1322 698 atque
1344 660 1504 699 augere
1526 646 1692 686 bonum
1715 659 1723 695 ;

255 729 433 757 necesse
482 723 558 766 est,
603 724 651 758 ut
696 718 894 759 Societas
944 719 1038 772 ipsa
1084 733 1260 772 quoque
1302 719 1395 772 ejus
1437 726 1724 773 cooperatura

253 790 540 842 providentiae
578 792 670 831 vias
713 791 882 844 aliquas
918 798 961 832 et
997 793 1203 845 przesidia
1244 800 1424 846 quaerat,
1464 794 1622 846 quibus
1663 795 1720 834 ad

254 863 454 916 ejusdem
488 865 591 905 boni
630 867 1010 906 conservationem
1045 873 1178 919 atque
1211 867 1601 921 amplificationem
1637 882 1724 908 una

254 951 354 977 cum
392 938 540 979 divina
576 939 719 992 gratia
761 954 810 980 ac
852 940 1053 980 bonitate
1095 947 1333 981 concurrat.
1419 943 1531 983 Haec
1573 949 1721 982 autem

254 1013 400 1053 media
432 1019 566 1065 atque
598 1014 802 1066 praesidia
835 1013 919 1053 alla
950 1014 1149 1066 profecto
1181 1028 1269 1054 non
1299 1021 1411 1063 sunt,
1436 1017 1645 1067 quoniam
1668 1017 1724 1056 de

253 1086 459 1127 humans
491 1087 561 1127 hic
593 1087 824 1139 loquimur,
856 1088 936 1127 nisi
973 1088 1310 1128 constitutiones
1343 1103 1393 1129 ac
1425 1089 1600 1141 regulae,
1625 1104 1722 1142 quae

254 1174 279 1200 a
302 1161 484 1213 singulis
502 1162 744 1201 observatae
769 1174 876 1201 mox
901 1163 1077 1214 pariunt
1099 1162 1265 1202 bonum
1288 1163 1482 1216 corporiS
1500 1164 1699 1204 universi.

348 1235 504 1274 PrImae
548 1235 681 1286 igitur
718 1235 978 1288 explanatio
1021 1236 1212 1282 rationis,
1251 1251 1350 1289 quae
1394 1237 1723 1279 scribendarum

254 1309 617 1349 constitutionum
692 1310 1001 1349 necessitatem
1064 1311 1269 1360 ostendit,
1332 1310 1584 1363 hujusmodi
1647 1319 1722 1352 est.

257 1383 462 1424 Secunda
496 1396 599 1422 vero
642 1389 686 1422 et
727 1383 867 1432 tertia,
908 1390 955 1423 ut
993 1398 1123 1436 supra
1165 1384 1373 1433 diximus,
1411 1386 1726 1438 explanatione

255 1470 342 1496 non
377 1462 537 1508 egent,
583 1462 733 1496 tamen
763 1457 818 1496 de
856 1457 906 1497 iis
938 1471 1114 1510 quoque
1148 1458 1268 1506 infra,
1306 1459 1379 1498 ubi
1413 1459 1468 1499 de
1503 1459 1727 1500 Constitu-

254 1531 425 1570 tionum
449 1531 711 1571 auctoritate
733 1544 927 1583 agemus,
952 1532 1162 1572 nonnulla
1185 1532 1393 1573 dicentur.

343 1605 513 1658 Quarta
536 1606 669 1658 igitur
686 1619 802 1645 nunc
825 1612 961 1646 restat
980 1607 1101 1655 ratio,
1121 1621 1219 1658 quae
1239 1607 1539 1660 intelligentiae
1563 1608 1727 1648 lumine

255 1685 389 1732 atque
427 1680 467 1719 vi
510 1686 553 1720 et
591 1681 781 1732 ipsamet
823 1680 1033 1720 facultate
1071 1681 1252 1721 rationis
1286 1687 1381 1721 tota
1413 1682 1590 1731 nititur,
1629 1696 1727 1735 quae

254 1753 433 1805 quidem
477 1752 645 1805 duplex
697 1760 773 1802 est,
819 1760 866 1793 ut
909 1768 966 1794 ex
1011 1755 1127 1806 ipsis,
1170 1768 1268 1806 quae
1324 1769 1430 1795 mox
1473 1763 1727 1808 sequuntur,

259 1826 599 1867 Constitutionis
641 1827 785 1867 verbis
829 1828 1096 1880 intelligitur.
1159 1828 1330 1877 Altera,
1374 1830 1476 1881 quia
1518 1831 1728 1870 constitu-

253 1900 395 1941 tiones
433 1900 592 1955 juvant
629 1901 686 1940 ad
725 1901 881 1941 melius
919 1901 961 1940 in
1005 1903 1075 1942 via
1117 1903 1313 1955 incoepta
1355 1903 1489 1942 divini
1531 1904 1727 1956 obsequii

255 1975 597 2027 procedendum.
662 1974 832 2024 Altera,
858 1976 961 2028 quia
1000 1976 1042 2015 in
1083 1977 1239 2016 eadem
1277 1977 1346 2016 via
1387 1977 1542 2025 melius
1578 1993 1728 2031 procc-

255 2049 400 2089 dimus
419 2049 552 2101 juxta
576 2049 774 2089 Instituti
797 2051 932 2089 nostri
957 2050 1182 2090 rationem.

345 2124 478 2176 Quod
508 2129 658 2163 autem
691 2124 1029 2163 constitutiones
1057 2124 1269 2176 adjuvent
1295 2138 1523 2177 processus
1556 2134 1727 2168 nostros

256 2198 299 2237 in
330 2197 536 2237 inchoata
569 2197 751 2237 Domini
784 2197 864 2246 via,
891 2198 973 2237 tria
1005 2198 1209 2239 indicant.

347 2272 553 2320 Primum,
579 2272 681 2323 quia
716 2285 996 2324 unaquaeque
1019 2272 1276 2324 respublica,
1297 2278 1344 2312 ut
1368 2274 1428 2313 ait
1452 2273 1608 2324 ΡΙεῑῖο,2
1624 2275 1728 2329 legi-

258 2346 339 2386 bus
361 2345 416 2385 ad
441 2358 486 2385 se
509 2345 748 2397 regendam
780 2351 823 2384 et
852 2346 1188 2398 gubernandam
1218 2347 1396 2399 indiget.
1432 2347 1588 2400 Neque
1611 2350 1726 2390 enim

258 2420 364 2462 Satis
397 2424 463 2458 est
495 2418 624 2458 ullius
656 2418 847 2458 hominis
881 2420 1103 2471 ingenium
1138 2434 1163 2459 a
1196 2426 1351 2460 natura
1383 2421 1443 2461 ita
1476 2423 1724 2464 institutum

257 2500 392 2546 atque
415 2491 665 2542 formatum,
691 2498 738 2532 ut
765 2506 863 2545 quae
893 2493 948 2532 ad
977 2500 1092 2533 recte
1114 2507 1166 2533 ac
1189 2494 1469 2534 laudabiliter
1489 2496 1724 2537 vivendum

257 2567 405 2607 valent
428 2580 479 2606 ea
504 2566 635 2618 plane
661 2566 890 2618 intelligat,
914 2573 991 2606 aut
1014 2568 1047 2606 si
1072 2567 1300 2620 intelligat,
1323 2575 1532 2621 praestare
1554 2584 1727 2624 semper

260 2646 406 2693 queat,
451 2646 527 2679 aut
578 2641 612 2679 si
665 2647 809 2692 queat,
854 2641 1035 2681 omnino
1077 2642 1211 2692 velit;
1261 2642 1304 2681 id
1347 2644 1466 2694 quod
1508 2645 1640 2685 etiam
1683 2649 1727 2688 in

257 2714 426 2755 artibus
467 2714 582 2753 cerni
627 2713 739 2763 licet,
783 2728 968 2766 quarum
1019 2716 1074 2755 ad
1128 2729 1328 2755 normam
1372 2730 1497 2756 suum
1541 2721 1727 2773 quisque

258 2788 410 2842 opifex
448 2802 560 2841 opus
598 2787 756 2841 dirigit.
822 2788 938 2828 Nam
978 2789 1098 2829 saber
1135 2795 1179 2829 et
1216 2790 1490 2840 architectus,
1526 2796 1726 2845 quamvis

642 2876 654 2896 1
681 2886 694 2909 1
715 2878 789 2910 Cor.
812 2884 860 2919 15.
997 2877 1010 2897 2
1035 2879 1123 2910 Dial.
1144 2887 1174 2918 9,
1195 2880 1248 2910 De
1262 2880 1336 2920 Lag.
