<?xml version="1.0" encoding="UTF-8"?>
<!DOCTYPE html PUBLIC "-//W3C//DTD XHTML 1.0 Transitional//EN"
    "http://www.w3.org/TR/xhtml1/DTD/xhtml1-transitional.dtd">
<html xmlns="http://www.w3.org/1999/xhtml" xml:lang="en" lang="en">
 <head>
  <title>
</title>
<meta http-equiv="Content-Type" content="text/html;charset=utf-8" />
  <meta name='ocr-system' content='tesseract 3.04.00' />
  <meta name='ocr-capabilities' content='ocr_page ocr_carea ocr_par ocr_line ocrx_word'/>
</head>
<body>
  <div class='ocr_page' id='page_1' title='image "./nicolaiorlandini00orla/nicolaiorlandini00orla_0212.png"; bbox 0 0 1903 3197; ppageno 0'>
   <div class='ocr_carea' id='block_1_1' title="bbox 305 166 1442 224">
    <p class='ocr_par' dir='ltr' id='par_1_1' title="bbox 305 166 1442 224">
     <span class='ocr_line' id='line_1_1' title="bbox 305 166 1442 224; baseline 0.003 -13"><span class='ocrx_word' id='word_1_1' title='bbox 305 181 392 224; x_wconf 83' lang='lat'>192</span> <span class='ocrx_word' id='word_1_2' title='bbox 623 166 703 212; x_wconf 80' lang='lat' dir='ltr'>De</span> <span class='ocrx_word' id='word_1_3' title='bbox 734 166 925 214; x_wconf 68' lang='lat' dir='ltr'>ratione</span> <span class='ocrx_word' id='word_1_4' title='bbox 956 167 1150 214; x_wconf 70' lang='lat' dir='ltr'>vivendi</span> <span class='ocrx_word' id='word_1_5' title='bbox 1183 167 1442 215; x_wconf 73' lang='lat' dir='ltr'>societatis.</span> 
     </span>
    </p>
   </div>
   <div class='ocr_carea' id='block_1_2' title="bbox 286 298 1764 2781">
    <p class='ocr_par' dir='ltr' id='par_1_2' title="bbox 291 298 1764 857">
     <span class='ocr_line' id='line_1_2' title="bbox 298 298 1763 352; baseline 0.001 -14"><span class='ocrx_word' id='word_1_6' title='bbox 298 300 492 346; x_wconf 85' lang='lat' dir='ltr'>satiatus,</span> <span class='ocrx_word' id='word_1_7' title='bbox 528 298 688 339; x_wconf 87' lang='lat' dir='ltr'>sensim</span> <span class='ocrx_word' id='word_1_8' title='bbox 723 299 778 339; x_wconf 89' lang='lat' dir='ltr'>ad</span> <span class='ocrx_word' id='word_1_9' title='bbox 812 299 1084 352; x_wconf 76' lang='lat' dir='ltr'><strong>perdendam</strong></span> <span class='ocrx_word' id='word_1_10' title='bbox 1117 314 1295 340; x_wconf 88' lang='lat' dir='ltr'>omnem</span> <span class='ocrx_word' id='word_1_11' title='bbox 1329 299 1421 352; x_wconf 89' lang='lat' dir='ltr'>ejus</span> <span class='ocrx_word' id='word_1_12' title='bbox 1453 299 1763 349; x_wconf 77' lang='lat' dir='ltr'>valetudinem,</span> 
     </span>
     <span class='ocr_line' id='line_1_3' title="bbox 300 373 1762 427; baseline 0.001 -15"><span class='ocrx_word' id='word_1_13' title='bbox 300 373 705 426; x_wconf 88' lang='lat' dir='ltr'>imponendamque</span> <span class='ocrx_word' id='word_1_14' title='bbox 745 374 1014 414; x_wconf 79' lang='lat' dir='ltr'><strong>teterrimam</strong></span> <span class='ocrx_word' id='word_1_15' title='bbox 1067 380 1200 427; x_wconf 88' lang='lat' dir='ltr'>atque</span> <span class='ocrx_word' id='word_1_16' title='bbox 1253 373 1542 414; x_wconf 77' lang='lat' dir='ltr'>insanabilem</span> <span class='ocrx_word' id='word_1_17' title='bbox 1591 374 1762 427; x_wconf 85' lang='lat' dir='ltr'>corpori</span> 
     </span>
     <span class='ocr_line' id='line_1_4' title="bbox 297 447 1762 500; baseline 0.001 -14"><span class='ocrx_word' id='word_1_18' title='bbox 297 447 504 500; x_wconf 77' lang='lat' dir='ltr'>plagam;</span> <span class='ocrx_word' id='word_1_19' title='bbox 566 454 608 487; x_wconf 91' lang='lat' dir='ltr'>et</span> <span class='ocrx_word' id='word_1_20' title='bbox 656 447 712 487; x_wconf 91' lang='lat' dir='ltr'>ab</span> <span class='ocrx_word' id='word_1_21' title='bbox 763 447 845 487; x_wconf 89' lang='lat' dir='ltr'>hac</span> <span class='ocrx_word' id='word_1_22' title='bbox 896 447 952 487; x_wconf 91' lang='lat' dir='ltr'>ad</span> <span class='ocrx_word' id='word_1_23' title='bbox 1004 448 1286 500; x_wconf 79' lang='lat' dir='ltr'>affligendum</span> <span class='ocrx_word' id='word_1_24' title='bbox 1339 461 1515 500; x_wconf 90' lang='lat' dir='ltr'>quoque</span> <span class='ocrx_word' id='word_1_25' title='bbox 1566 448 1762 488; x_wconf 87' lang='lat' dir='ltr'>animum</span> 
     </span>
     <span class='ocr_line' id='line_1_5' title="bbox 298 521 1761 575; baseline 0.001 -15"><span class='ocrx_word' id='word_1_26' title='bbox 298 521 667 573; x_wconf 85' lang='lat' dir='ltr'>afficiendumque</span> <span class='ocrx_word' id='word_1_27' title='bbox 707 521 882 562; x_wconf 75' lang='lat' dir='ltr'>tristitia</span> <span class='ocrx_word' id='word_1_28' title='bbox 916 536 966 562; x_wconf 91' lang='lat' dir='ltr'>ac</span> <span class='ocrx_word' id='word_1_29' title='bbox 1001 522 1318 575; x_wconf 74' lang='lat' dir='ltr'>desperationis</span> <span class='ocrx_word' id='word_1_30' title='bbox 1352 521 1514 561; x_wconf 79' lang='lat' dir='ltr'>aculeis</span> <span class='ocrx_word' id='word_1_31' title='bbox 1547 535 1625 574; x_wconf 91' lang='lat' dir='ltr'>per</span> <span class='ocrx_word' id='word_1_32' title='bbox 1658 535 1761 562; x_wconf 87' lang='lat' dir='ltr'>con-</span> 
     </span>
     <span class='ocr_line' id='line_1_6' title="bbox 291 595 1764 648; baseline 0.001 -14"><span class='ocrx_word' id='word_1_33' title='bbox 291 595 457 648; x_wconf 82' lang='lat' dir='ltr'>jugem,</span> <span class='ocrx_word' id='word_1_34' title='bbox 488 609 565 648; x_wconf 91' lang='lat' dir='ltr'>per</span> <span class='ocrx_word' id='word_1_35' title='bbox 596 609 752 644; x_wconf 89' lang='lat' dir='ltr'>servos,</span> <span class='ocrx_word' id='word_1_36' title='bbox 783 609 860 648; x_wconf 88' lang='lat' dir='ltr'>per</span> <span class='ocrx_word' id='word_1_37' title='bbox 892 596 1067 646; x_wconf 87' lang='lat' dir='ltr'>amicos,</span> <span class='ocrx_word' id='word_1_38' title='bbox 1091 596 1248 648; x_wconf 89' lang='lat' dir='ltr'>quibus</span> <span class='ocrx_word' id='word_1_39' title='bbox 1278 595 1595 635; x_wconf 89' lang='lat' dir='ltr'>dedecorosum</span> <span class='ocrx_word' id='word_1_40' title='bbox 1629 602 1764 648; x_wconf 87' lang='lat' dir='ltr'>atque</span> 
     </span>
     <span class='ocr_line' id='line_1_7' title="bbox 298 668 1761 722; baseline 0 -14"><span class='ocrx_word' id='word_1_41' title='bbox 298 668 644 709; x_wconf 78' lang='lat' dir='ltr'>abominabilem</span> <span class='ocrx_word' id='word_1_42' title='bbox 677 683 778 709; x_wconf 91' lang='lat' dir='ltr'>eum</span> <span class='ocrx_word' id='word_1_43' title='bbox 811 669 1012 717; x_wconf 83' lang='lat' dir='ltr'>reddidit,</span> <span class='ocrx_word' id='word_1_44' title='bbox 1036 670 1221 722; x_wconf 78' lang='lat' dir='ltr'>gradum</span> <span class='ocrx_word' id='word_1_45' title='bbox 1255 669 1366 710; x_wconf 87' lang='lat' dir='ltr'>facit.</span> <span class='ocrx_word' id='word_1_46' title='bbox 1432 668 1545 722; x_wconf 73' lang='lat' dir='ltr'>Quze</span> <span class='ocrx_word' id='word_1_47' title='bbox 1582 669 1761 721; x_wconf 87' lang='lat' dir='ltr'>quidem</span> 
     </span>
     <span class='ocr_line' id='line_1_8' title="bbox 297 743 1763 796; baseline 0 -13"><span class='ocrx_word' id='word_1_48' title='bbox 297 743 481 783; x_wconf 87' lang='lat' dir='ltr'>artificia</span> <span class='ocrx_word' id='word_1_49' title='bbox 531 749 665 795; x_wconf 85' lang='lat' dir='ltr'>atque</span> <span class='ocrx_word' id='word_1_50' title='bbox 728 743 908 783; x_wconf 76' lang='lat' dir='ltr'>insidias</span> <span class='ocrx_word' id='word_1_51' title='bbox 964 743 1242 796; x_wconf 85' lang='lat' dir='ltr'>perpendunt</span> <span class='ocrx_word' id='word_1_52' title='bbox 1293 749 1495 783; x_wconf 85' lang='lat' dir='ltr'>accurate</span> <span class='ocrx_word' id='word_1_53' title='bbox 1549 743 1763 795; x_wconf 86' lang='lat' dir='ltr'>Chrysos-</span> 
     </span>
     <span class='ocr_line' id='line_1_9' title="bbox 294 815 766 857; baseline 0.002 -2"><span class='ocrx_word' id='word_1_54' title='bbox 294 822 442 856; x_wconf 88' lang='lat' dir='ltr'>tomus</span> <span class='ocrx_word' id='word_1_55' title='bbox 475 823 518 857; x_wconf 91' lang='lat' dir='ltr'>et</span> <span class='ocrx_word' id='word_1_56' title='bbox 551 815 766 856; x_wconf 82' lang='lat' dir='ltr'>Basilius.1</span> 
     </span>
    </p>

    <p class='ocr_par' dir='ltr' id='par_1_3' title="bbox 286 890 1762 2488">
     <span class='ocr_line' id='line_1_10' title="bbox 386 890 1759 944; baseline 0 -13"><span class='ocrx_word' id='word_1_57' title='bbox 386 890 636 943; x_wconf 80' lang='lat' dir='ltr'>Septimum</span> <span class='ocrx_word' id='word_1_58' title='bbox 680 896 745 930; x_wconf 90' lang='lat' dir='ltr'>est</span> <span class='ocrx_word' id='word_1_59' title='bbox 788 892 905 942; x_wconf 90' lang='lat' dir='ltr'>quod</span> <span class='ocrx_word' id='word_1_60' title='bbox 948 891 992 930; x_wconf 91' lang='lat' dir='ltr'>in</span> <span class='ocrx_word' id='word_1_61' title='bbox 1035 904 1188 930; x_wconf 86' lang='lat' dir='ltr'>omnes</span> <span class='ocrx_word' id='word_1_62' title='bbox 1226 892 1361 940; x_wconf 70' lang='lat' dir='ltr'>saevit,</span> <span class='ocrx_word' id='word_1_63' title='bbox 1405 892 1567 931; x_wconf 86' lang='lat' dir='ltr'>nemini</span> <span class='ocrx_word' id='word_1_64' title='bbox 1610 892 1759 944; x_wconf 86' lang='lat' dir='ltr'>parcit.</span> 
     </span>
     <span class='ocr_line' id='line_1_11' title="bbox 299 963 1761 1016; baseline 0.001 -12"><span class='ocrx_word' id='word_1_65' title='bbox 299 963 465 1005; x_wconf 86' lang='lat' dir='ltr'>Odium</span> <span class='ocrx_word' id='word_1_66' title='bbox 503 964 595 1016; x_wconf 84' lang='lat' dir='ltr'>ejus</span> <span class='ocrx_word' id='word_1_67' title='bbox 638 963 880 1003; x_wconf 87' lang='lat' dir='ltr'>universale</span> <span class='ocrx_word' id='word_1_68' title='bbox 916 969 993 1011; x_wconf 92' lang='lat' dir='ltr'>est,</span> <span class='ocrx_word' id='word_1_69' title='bbox 1032 977 1163 1002; x_wconf 90' lang='lat' dir='ltr'>nemo</span> <span class='ocrx_word' id='word_1_70' title='bbox 1196 964 1414 1015; x_wconf 76' lang='lat' dir='ltr'>excipitur</span> <span class='ocrx_word' id='word_1_71' title='bbox 1446 964 1501 1004; x_wconf 90' lang='lat' dir='ltr'>ab</span> <span class='ocrx_word' id='word_1_72' title='bbox 1534 978 1596 1012; x_wconf 84' lang='lat' dir='ltr'>eo,</span> <span class='ocrx_word' id='word_1_73' title='bbox 1631 978 1761 1005; x_wconf 89' lang='lat' dir='ltr'>nemo</span> 
     </span>
     <span class='ocr_line' id='line_1_12' title="bbox 295 1037 1762 1089; baseline 0 -11"><span class='ocrx_word' id='word_1_74' title='bbox 295 1038 352 1078; x_wconf 89' lang='lat' dir='ltr'>ab</span> <span class='ocrx_word' id='word_1_75' title='bbox 395 1052 446 1077; x_wconf 92' lang='lat' dir='ltr'>eo</span> <span class='ocrx_word' id='word_1_76' title='bbox 480 1044 599 1077; x_wconf 87' lang='lat' dir='ltr'>tutus</span> <span class='ocrx_word' id='word_1_77' title='bbox 637 1043 771 1089; x_wconf 88' lang='lat' dir='ltr'>atque</span> <span class='ocrx_word' id='word_1_78' title='bbox 813 1037 1020 1076; x_wconf 88' lang='lat' dir='ltr'>immunis</span> <span class='ocrx_word' id='word_1_79' title='bbox 1055 1051 1149 1077; x_wconf 90' lang='lat' dir='ltr'>esse</span> <span class='ocrx_word' id='word_1_80' title='bbox 1190 1043 1346 1089; x_wconf 90' lang='lat' dir='ltr'>potest.</span> <span class='ocrx_word' id='word_1_81' title='bbox 1427 1037 1528 1077; x_wconf 91' lang='lat' dir='ltr'>Hoc</span> <span class='ocrx_word' id='word_1_82' title='bbox 1567 1038 1762 1079; x_wconf 85' lang='lat' dir='ltr'>declara-</span> 
     </span>
     <span class='ocr_line' id='line_1_13' title="bbox 295 1110 1760 1163; baseline 0 -12"><span class='ocrx_word' id='word_1_83' title='bbox 295 1118 366 1152; x_wconf 90' lang='lat' dir='ltr'>tur</span> <span class='ocrx_word' id='word_1_84' title='bbox 387 1125 443 1150; x_wconf 72' lang='lat' dir='ltr'>ex</span> <span class='ocrx_word' id='word_1_85' title='bbox 473 1111 618 1158; x_wconf 86' lang='lat' dir='ltr'>verbo,</span> <span class='ocrx_word' id='word_1_86' title='bbox 643 1124 802 1162; x_wconf 88' lang='lat' dir='ltr'>quem:</span> <span class='ocrx_word' id='word_1_87' title='bbox 833 1110 1118 1163; x_wconf 58' lang='lat' dir='ltr'>“Quaerens&#39;’</span> <span class='ocrx_word' id='word_1_88' title='bbox 1142 1111 1293 1163; x_wconf 88' lang='lat' dir='ltr'>inquit,</span> <span class='ocrx_word' id='word_1_89' title='bbox 1316 1114 1483 1163; x_wconf 86' lang='lat' dir='ltr'>“quem</span> <span class='ocrx_word' id='word_1_90' title='bbox 1516 1111 1696 1152; x_wconf 85' lang='lat' dir='ltr'>devoret</span> <span class='ocrx_word' id='word_1_91' title='bbox 1715 1127 1724 1162; x_wconf 87' lang='lat'>;</span> <span class='ocrx_word' id='word_1_92' title='bbox 1740 1111 1760 1126; x_wconf 87' lang='lat'>’&#39;</span> 
     </span>
     <span class='ocr_line' id='line_1_14' title="bbox 295 1184 1759 1238; baseline 0.001 -15"><span class='ocrx_word' id='word_1_93' title='bbox 295 1184 428 1224; x_wconf 87' lang='lat' dir='ltr'>modo</span> <span class='ocrx_word' id='word_1_94' title='bbox 460 1184 591 1224; x_wconf 88' lang='lat' dir='ltr'>satiat</span> <span class='ocrx_word' id='word_1_95' title='bbox 624 1184 861 1237; x_wconf 84' lang='lat' dir='ltr'>ingluviem</span> <span class='ocrx_word' id='word_1_96' title='bbox 894 1199 1029 1233; x_wconf 83' lang='lat' dir='ltr'>suam,</span> <span class='ocrx_word' id='word_1_97' title='bbox 1065 1185 1278 1237; x_wconf 89' lang='lat' dir='ltr'>quidquid</span> <span class='ocrx_word' id='word_1_98' title='bbox 1317 1186 1531 1225; x_wconf 86' lang='lat' dir='ltr'>invenerit</span> <span class='ocrx_word' id='word_1_99' title='bbox 1563 1186 1759 1238; x_wconf 78' lang='lat' dir='ltr'>praedam</span> 
     </span>
     <span class='ocr_line' id='line_1_15' title="bbox 295 1258 1761 1311; baseline 0.001 -13"><span class='ocrx_word' id='word_1_100' title='bbox 295 1272 418 1298; x_wconf 88' lang='lat' dir='ltr'>suam</span> <span class='ocrx_word' id='word_1_101' title='bbox 457 1264 594 1311; x_wconf 87' lang='lat' dir='ltr'>putat.</span> <span class='ocrx_word' id='word_1_102' title='bbox 660 1258 730 1307; x_wconf 90' lang='lat' dir='ltr'>Et,</span> <span class='ocrx_word' id='word_1_103' title='bbox 767 1266 813 1299; x_wconf 94' lang='lat' dir='ltr'>ut</span> <span class='ocrx_word' id='word_1_104' title='bbox 851 1259 912 1299; x_wconf 87' lang='lat' dir='ltr'>ait</span> <span class='ocrx_word' id='word_1_105' title='bbox 948 1259 1238 1311; x_wconf 79' lang='lat' dir='ltr'>Augustinus,</span> <span class='ocrx_word' id='word_1_106' title='bbox 1273 1259 1359 1301; x_wconf 82' lang='lat' dir='ltr'>“Si</span> <span class='ocrx_word' id='word_1_107' title='bbox 1396 1265 1569 1300; x_wconf 89' lang='lat' dir='ltr'>tantum</span> <span class='ocrx_word' id='word_1_108' title='bbox 1604 1274 1761 1300; x_wconf 87' lang='lat' dir='ltr'>nocere</span> 
     </span>
     <span class='ocr_line' id='line_1_16' title="bbox 294 1333 1760 1386; baseline 0.001 -14"><span class='ocrx_word' id='word_1_109' title='bbox 294 1338 441 1385; x_wconf 83' lang='lat' dir='ltr'>potest</span> <span class='ocrx_word' id='word_1_110' title='bbox 485 1333 687 1373; x_wconf 88' lang='lat' dir='ltr'>diabolus</span> <span class='ocrx_word' id='word_1_111' title='bbox 741 1340 956 1385; x_wconf 88' lang='lat' dir='ltr'>quantum</span> <span class='ocrx_word' id='word_1_112' title='bbox 1007 1334 1111 1381; x_wconf 87' lang='lat' dir='ltr'>vult,</span> <span class='ocrx_word' id='word_1_113' title='bbox 1170 1348 1275 1373; x_wconf 90' lang='lat' dir='ltr'>num</span> <span class='ocrx_word' id='word_1_114' title='bbox 1338 1334 1494 1385; x_wconf 91' lang='lat' dir='ltr'>aliquis</span> <span class='ocrx_word' id='word_1_115' title='bbox 1541 1334 1760 1386; x_wconf 88' lang='lat' dir='ltr'>justorum</span> 
     </span>
     <span class='ocr_line' id='line_1_17' title="bbox 294 1406 1760 1460; baseline 0.001 -14"><span class='ocrx_word' id='word_1_116' title='bbox 294 1412 549 1456; x_wconf 84' lang='lat' dir='ltr'>remaneret,</span> <span class='ocrx_word' id='word_1_117' title='bbox 573 1413 650 1447; x_wconf 89' lang='lat' dir='ltr'>aut</span> <span class='ocrx_word' id='word_1_118' title='bbox 682 1407 838 1459; x_wconf 91' lang='lat' dir='ltr'>aliquis</span> <span class='ocrx_word' id='word_1_119' title='bbox 861 1407 1055 1447; x_wconf 88' lang='lat' dir='ltr'>fidelium</span> <span class='ocrx_word' id='word_1_120' title='bbox 1080 1414 1193 1447; x_wconf 90' lang='lat' dir='ltr'>esset</span> <span class='ocrx_word' id='word_1_121' title='bbox 1220 1408 1262 1446; x_wconf 94' lang='lat' dir='ltr'>in</span> <span class='ocrx_word' id='word_1_122' title='bbox 1290 1406 1463 1447; x_wconf 76' lang='lat' dir='ltr'>terra.&#39;&#39;2</span> <span class='ocrx_word' id='word_1_123' title='bbox 1525 1408 1760 1460; x_wconf 88' lang='lat' dir='ltr'>Propterea</span> 
     </span>
     <span class='ocr_line' id='line_1_18' title="bbox 291 1481 1758 1534; baseline 0 -14"><span class='ocrx_word' id='word_1_124' title='bbox 291 1481 334 1520; x_wconf 93' lang='lat' dir='ltr'>in</span> <span class='ocrx_word' id='word_1_125' title='bbox 363 1481 611 1521; x_wconf 90' lang='lat' dir='ltr'>novissimis</span> <span class='ocrx_word' id='word_1_126' title='bbox 633 1481 917 1533; x_wconf 88' lang='lat' dir='ltr'>temporibus,</span> <span class='ocrx_word' id='word_1_127' title='bbox 942 1495 1040 1522; x_wconf 87' lang='lat' dir='ltr'>cum</span> <span class='ocrx_word' id='word_1_128' title='bbox 1072 1482 1224 1521; x_wconf 74' lang='lat' dir='ltr'>laxata</span> <span class='ocrx_word' id='word_1_129' title='bbox 1254 1482 1334 1521; x_wconf 89' lang='lat' dir='ltr'>erit</span> <span class='ocrx_word' id='word_1_130' title='bbox 1366 1487 1562 1534; x_wconf 87' lang='lat' dir='ltr'>potestas</span> <span class='ocrx_word' id='word_1_131' title='bbox 1593 1481 1758 1521; x_wconf 89' lang='lat' dir='ltr'>diaboli</span> 
     </span>
     <span class='ocr_line' id='line_1_19' title="bbox 293 1555 1757 1607; baseline 0.001 -13"><span class='ocrx_word' id='word_1_132' title='bbox 293 1555 336 1594; x_wconf 92' lang='lat' dir='ltr'>in</span> <span class='ocrx_word' id='word_1_133' title='bbox 374 1555 661 1604; x_wconf 85' lang='lat' dir='ltr'>Antichristo,</span> <span class='ocrx_word' id='word_1_134' title='bbox 700 1555 902 1596; x_wconf 87' lang='lat' dir='ltr'>dicuntur</span> <span class='ocrx_word' id='word_1_135' title='bbox 938 1555 1163 1596; x_wconf 84' lang='lat' dir='ltr'>breviandi</span> <span class='ocrx_word' id='word_1_136' title='bbox 1201 1556 1294 1595; x_wconf 92' lang='lat' dir='ltr'>dies</span> <span class='ocrx_word' id='word_1_137' title='bbox 1332 1555 1404 1605; x_wconf 89' lang='lat' dir='ltr'>illi,</span> <span class='ocrx_word' id='word_1_138' title='bbox 1439 1555 1632 1607; x_wconf 86' lang='lat' dir='ltr'>alioquin</span> <span class='ocrx_word' id='word_1_139' title='bbox 1670 1568 1757 1596; x_wconf 89' lang='lat' dir='ltr'>non</span> 
     </span>
     <span class='ocr_line' id='line_1_20' title="bbox 291 1628 1760 1682; baseline 0 -14"><span class='ocrx_word' id='word_1_140' title='bbox 291 1628 415 1668; x_wconf 86' lang='lat' dir='ltr'>fieret</span> <span class='ocrx_word' id='word_1_141' title='bbox 437 1629 557 1668; x_wconf 86' lang='lat' dir='ltr'>salva</span> <span class='ocrx_word' id='word_1_142' title='bbox 580 1630 721 1668; x_wconf 88' lang='lat' dir='ltr'>omnis</span> <span class='ocrx_word' id='word_1_143' title='bbox 744 1643 844 1669; x_wconf 93' lang='lat' dir='ltr'>caro</span> <span class='ocrx_word' id='word_1_144' title='bbox 864 1643 871 1669; x_wconf 89' lang='lat'>:</span> <span class='ocrx_word' id='word_1_145' title='bbox 906 1633 927 1649; x_wconf 89' lang='lat'><strong>“</strong></span> <span class='ocrx_word' id='word_1_146' title='bbox 946 1628 1033 1669; x_wconf 83' lang='lat' dir='ltr'>Sed</span> <span class='ocrx_word' id='word_1_147' title='bbox 1057 1635 1236 1682; x_wconf 85' lang='lat' dir='ltr'>propter</span> <span class='ocrx_word' id='word_1_148' title='bbox 1257 1629 1418 1669; x_wconf 92' lang='lat' dir='ltr'>electos</span> <span class='ocrx_word' id='word_1_149' title='bbox 1445 1629 1760 1669; x_wconf 85' lang='lat' dir='ltr'>breviabuntur</span> 
     </span>
     <span class='ocr_line' id='line_1_21' title="bbox 293 1701 1755 1755; baseline 0.001 -14"><span class='ocrx_word' id='word_1_150' title='bbox 293 1701 385 1741; x_wconf 88' lang='lat' dir='ltr'>dies</span> <span class='ocrx_word' id='word_1_151' title='bbox 416 1701 534 1742; x_wconf 80' lang='lat' dir='ltr'>illi.’&#39;3</span> <span class='ocrx_word' id='word_1_152' title='bbox 587 1703 646 1742; x_wconf 87' lang='lat' dir='ltr'>Et</span> <span class='ocrx_word' id='word_1_153' title='bbox 671 1703 902 1752; x_wconf 85' lang='lat' dir='ltr'>Macarius,</span> <span class='ocrx_word' id='word_1_154' title='bbox 922 1703 1149 1743; x_wconf 83' lang='lat' dir='ltr'>“Satanas</span> <span class='ocrx_word' id='word_1_155' title='bbox 1171 1703 1334 1743; x_wconf 90' lang='lat' dir='ltr'>bellum</span> <span class='ocrx_word' id='word_1_156' title='bbox 1358 1716 1506 1755; x_wconf 78' lang='lat' dir='ltr'>gerere</span> <span class='ocrx_word' id='word_1_157' title='bbox 1529 1715 1755 1754; x_wconf 86' lang='lat' dir='ltr'>nunquam</span> 
     </span>
     <span class='ocr_line' id='line_1_22' title="bbox 292 1774 1756 1828; baseline 0.001 -14"><span class='ocrx_word' id='word_1_158' title='bbox 292 1776 463 1823; x_wconf 89' lang='lat' dir='ltr'>desinit,</span> <span class='ocrx_word' id='word_1_159' title='bbox 501 1781 543 1815; x_wconf 89' lang='lat' dir='ltr'>et</span> <span class='ocrx_word' id='word_1_160' title='bbox 586 1776 797 1828; x_wconf 86' lang='lat' dir='ltr'>quamdiu</span> <span class='ocrx_word' id='word_1_161' title='bbox 841 1776 938 1828; x_wconf 87' lang='lat' dir='ltr'>quis</span> <span class='ocrx_word' id='word_1_162' title='bbox 966 1777 1072 1816; x_wconf 89' lang='lat' dir='ltr'>vivit</span> <span class='ocrx_word' id='word_1_163' title='bbox 1106 1782 1349 1816; x_wconf 86' lang='lat' dir='ltr'>attentatur</span> <span class='ocrx_word' id='word_1_164' title='bbox 1384 1774 1559 1825; x_wconf 66' lang='lat' dir='ltr'>bello,&#39;&#39;4</span> <span class='ocrx_word' id='word_1_165' title='bbox 1596 1781 1639 1815; x_wconf 89' lang='lat' dir='ltr'>et</span> <span class='ocrx_word' id='word_1_166' title='bbox 1673 1776 1756 1815; x_wconf 86' lang='lat' dir='ltr'>“in</span> 
     </span>
     <span class='ocr_line' id='line_1_23' title="bbox 292 1848 1754 1902; baseline 0 -14"><span class='ocrx_word' id='word_1_167' title='bbox 292 1862 444 1889; x_wconf 87' lang='lat' dir='ltr'>omnes</span> <span class='ocrx_word' id='word_1_168' title='bbox 474 1863 649 1889; x_wconf 87' lang='lat' dir='ltr'>movere</span> <span class='ocrx_word' id='word_1_169' title='bbox 679 1849 842 1889; x_wconf 87' lang='lat' dir='ltr'>bellum</span> <span class='ocrx_word' id='word_1_170' title='bbox 874 1863 961 1889; x_wconf 89' lang='lat' dir='ltr'>non</span> <span class='ocrx_word' id='word_1_171' title='bbox 993 1850 1167 1890; x_wconf 81' lang='lat' dir='ltr'>dubitat</span> <span class='ocrx_word' id='word_1_172' title='bbox 1195 1849 1263 1889; x_wconf 89' lang='lat' dir='ltr'>vel</span> <span class='ocrx_word' id='word_1_173' title='bbox 1292 1848 1520 1902; x_wconf 90' lang='lat' dir='ltr'>perfectos,</span> <span class='ocrx_word' id='word_1_174' title='bbox 1544 1849 1645 1888; x_wconf 86' lang='lat' dir='ltr'>licet</span> <span class='ocrx_word' id='word_1_175' title='bbox 1669 1862 1754 1889; x_wconf 90' lang='lat' dir='ltr'>non</span> 
     </span>
     <span class='ocr_line' id='line_1_24' title="bbox 290 1922 1754 1964; baseline 0 -2"><span class='ocrx_word' id='word_1_176' title='bbox 290 1923 445 1963; x_wconf 88' lang='lat' dir='ltr'>iisdem</span> <span class='ocrx_word' id='word_1_177' title='bbox 479 1924 521 1963; x_wconf 89' lang='lat' dir='ltr'>in</span> <span class='ocrx_word' id='word_1_178' title='bbox 554 1937 707 1963; x_wconf 88' lang='lat' dir='ltr'>omnes</span> <span class='ocrx_word' id='word_1_179' title='bbox 745 1922 947 1964; x_wconf 79' lang='lat' dir='ltr'>modis.&#39;&#39;⁵</span> <span class='ocrx_word' id='word_1_180' title='bbox 1010 1924 1068 1963; x_wconf 87' lang='lat' dir='ltr'>Et</span> <span class='ocrx_word' id='word_1_181' title='bbox 1102 1923 1249 1963; x_wconf 88' lang='lat' dir='ltr'>idem:</span> <span class='ocrx_word' id='word_1_182' title='bbox 1298 1922 1533 1963; x_wconf 84' lang='lat' dir='ltr'>“Scientes</span> <span class='ocrx_word' id='word_1_183' title='bbox 1567 1923 1754 1962; x_wconf 86' lang='lat' dir='ltr'>eandem</span> 
     </span>
     <span class='ocr_line' id='line_1_25' title="bbox 288 1994 1756 2050; baseline -0.001 -14"><span class='ocrx_word' id='word_1_184' title='bbox 288 1997 538 2049; x_wconf 85' lang='lat' dir='ltr'>passionem</span> <span class='ocrx_word' id='word_1_185' title='bbox 563 1998 612 2046; x_wconf 86' lang='lat' dir='ltr'>ei,</span> <span class='ocrx_word' id='word_1_186' title='bbox 636 2011 735 2050; x_wconf 77' lang='lat' dir='ltr'>quae</span> <span class='ocrx_word' id='word_1_187' title='bbox 765 1997 808 2037; x_wconf 90' lang='lat' dir='ltr'>in</span> <span class='ocrx_word' id='word_1_188' title='bbox 838 1998 1004 2037; x_wconf 90' lang='lat' dir='ltr'>mundo</span> <span class='ocrx_word' id='word_1_189' title='bbox 1035 2003 1111 2046; x_wconf 92' lang='lat' dir='ltr'>est,</span> <span class='ocrx_word' id='word_1_190' title='bbox 1134 2003 1288 2037; x_wconf 70' lang='lat' dir='ltr'>vestrae</span> <span class='ocrx_word' id='word_1_191' title='bbox 1319 1996 1579 2036; x_wconf 86' lang='lat' dir='ltr'>fraternitati</span> <span class='ocrx_word' id='word_1_192' title='bbox 1603 1994 1756 2035; x_wconf 79' lang='lat' dir='ltr'>fieri.”G</span> 
     </span>
     <span class='ocr_line' id='line_1_26' title="bbox 292 2069 1752 2124; baseline -0.001 -15"><span class='ocrx_word' id='word_1_193' title='bbox 292 2069 393 2111; x_wconf 91' lang='lat' dir='ltr'>Hoc</span> <span class='ocrx_word' id='word_1_194' title='bbox 427 2076 506 2118; x_wconf 87' lang='lat' dir='ltr'>est,</span> <span class='ocrx_word' id='word_1_195' title='bbox 533 2077 581 2110; x_wconf 92' lang='lat' dir='ltr'>ut</span> <span class='ocrx_word' id='word_1_196' title='bbox 615 2070 927 2124; x_wconf 87' lang='lat' dir='ltr'>interpretatur</span> <span class='ocrx_word' id='word_1_197' title='bbox 959 2070 1001 2110; x_wconf 85' lang='lat' dir='ltr'>S.</span> <span class='ocrx_word' id='word_1_198' title='bbox 1018 2070 1241 2109; x_wconf 88' lang='lat' dir='ltr'>Thomas:</span> <span class='ocrx_word' id='word_1_199' title='bbox 1277 2069 1466 2109; x_wconf 86' lang='lat' dir='ltr'>“Nolite</span> <span class='ocrx_word' id='word_1_200' title='bbox 1498 2069 1752 2108; x_wconf 78' lang='lat' dir='ltr'>existimare</span> 
     </span>
     <span class='ocr_line' id='line_1_27' title="bbox 286 2142 1752 2191; baseline -0.001 -9"><span class='ocrx_word' id='word_1_201' title='bbox 286 2156 364 2183; x_wconf 91' lang='lat' dir='ltr'>vos</span> <span class='ocrx_word' id='word_1_202' title='bbox 397 2143 513 2183; x_wconf 87' lang='lat' dir='ltr'>solos</span> <span class='ocrx_word' id='word_1_203' title='bbox 544 2142 639 2184; x_wconf 79' lang='lat' dir='ltr'>haec</span> <span class='ocrx_word' id='word_1_204' title='bbox 671 2158 696 2183; x_wconf 91' lang='lat' dir='ltr'>a</span> <span class='ocrx_word' id='word_1_205' title='bbox 728 2143 905 2183; x_wconf 89' lang='lat' dir='ltr'>diabolo</span> <span class='ocrx_word' id='word_1_206' title='bbox 938 2143 1162 2191; x_wconf 86' lang='lat' dir='ltr'>sustinere,</span> <span class='ocrx_word' id='word_1_207' title='bbox 1194 2143 1236 2182; x_wconf 94' lang='lat' dir='ltr'>id</span> <span class='ocrx_word' id='word_1_208' title='bbox 1270 2143 1385 2181; x_wconf 91' lang='lat' dir='ltr'>enim</span> <span class='ocrx_word' id='word_1_209' title='bbox 1419 2147 1485 2181; x_wconf 86' lang='lat' dir='ltr'>est</span> <span class='ocrx_word' id='word_1_210' title='bbox 1516 2154 1752 2181; x_wconf 90' lang='lat' dir='ltr'>commune</span> 
     </span>
     <span class='ocr_line' id='line_1_28' title="bbox 288 2214 1749 2268; baseline -0.001 -13"><span class='ocrx_word' id='word_1_211' title='bbox 288 2216 493 2256; x_wconf 90' lang='lat' dir='ltr'>omnibus</span> <span class='ocrx_word' id='word_1_212' title='bbox 512 2216 697 2265; x_wconf 85' lang='lat' dir='ltr'>Sanctis,</span> <span class='ocrx_word' id='word_1_213' title='bbox 714 2216 1005 2268; x_wconf 86' lang='lat' dir='ltr'>fratribusque</span> <span class='ocrx_word' id='word_1_214' title='bbox 1024 2216 1183 2256; x_wconf 88' lang='lat' dir='ltr'>nostris</span> <span class='ocrx_word' id='word_1_215' title='bbox 1205 2229 1282 2268; x_wconf 88' lang='lat' dir='ltr'>per</span> <span class='ocrx_word' id='word_1_216' title='bbox 1300 2215 1514 2255; x_wconf 87' lang='lat' dir='ltr'>mundum</span> <span class='ocrx_word' id='word_1_217' title='bbox 1534 2214 1749 2267; x_wconf 84' lang='lat' dir='ltr'>dispersis.</span> 
     </span>
     <span class='ocr_line' id='line_1_29' title="bbox 289 2288 1751 2342; baseline -0.001 -14"><span class='ocrx_word' id='word_1_218' title='bbox 289 2288 387 2328; x_wconf 88' lang='lat' dir='ltr'>Imo</span> <span class='ocrx_word' id='word_1_219' title='bbox 407 2288 580 2329; x_wconf 90' lang='lat' dir='ltr'>Christo</span> <span class='ocrx_word' id='word_1_220' title='bbox 603 2289 683 2342; x_wconf 88' lang='lat' dir='ltr'>ipsi</span> <span class='ocrx_word' id='word_1_221' title='bbox 707 2289 900 2329; x_wconf 87' lang='lat' dir='ltr'>insidiari</span> <span class='ocrx_word' id='word_1_222' title='bbox 922 2295 1056 2342; x_wconf 90' lang='lat' dir='ltr'>atque</span> <span class='ocrx_word' id='word_1_223' title='bbox 1078 2289 1309 2337; x_wconf 90' lang='lat' dir='ltr'>adversari,</span> <span class='ocrx_word' id='word_1_224' title='bbox 1334 2289 1368 2328; x_wconf 92' lang='lat' dir='ltr'>si</span> <span class='ocrx_word' id='word_1_225' title='bbox 1390 2294 1551 2341; x_wconf 86' lang='lat' dir='ltr'>posset,</span> <span class='ocrx_word' id='word_1_226' title='bbox 1569 2294 1751 2328; x_wconf 86' lang='lat' dir='ltr'>conatus</span> 
     </span>
     <span class='ocr_line' id='line_1_30' title="bbox 288 2360 1753 2415; baseline -0.001 -14"><span class='ocrx_word' id='word_1_227' title='bbox 288 2367 353 2401; x_wconf 85' lang='lat' dir='ltr'>est</span> <span class='ocrx_word' id='word_1_228' title='bbox 372 2376 380 2411; x_wconf 89' lang='lat'>;</span> <span class='ocrx_word' id='word_1_229' title='bbox 413 2362 531 2414; x_wconf 91' lang='lat' dir='ltr'>quod</span> <span class='ocrx_word' id='word_1_230' title='bbox 555 2363 670 2402; x_wconf 90' lang='lat' dir='ltr'>enim</span> <span class='ocrx_word' id='word_1_231' title='bbox 696 2362 895 2402; x_wconf 90' lang='lat' dir='ltr'>Christus</span> <span class='ocrx_word' id='word_1_232' title='bbox 918 2362 978 2402; x_wconf 90' lang='lat' dir='ltr'>ait</span> <span class='ocrx_word' id='word_1_233' title='bbox 997 2376 1004 2402; x_wconf 91' lang='lat'><strong>:</strong></span> <span class='ocrx_word' id='word_1_234' title='bbox 1029 2362 1191 2403; x_wconf 89' lang='lat' dir='ltr'>“Venit</span> <span class='ocrx_word' id='word_1_235' title='bbox 1212 2363 1414 2415; x_wconf 88' lang='lat' dir='ltr'>princeps</span> <span class='ocrx_word' id='word_1_236' title='bbox 1437 2362 1587 2401; x_wconf 88' lang='lat' dir='ltr'>mundi</span> <span class='ocrx_word' id='word_1_237' title='bbox 1621 2360 1753 2413; x_wconf 86' lang='lat' dir='ltr'>hujus</span> 
     </span>
     <span class='ocr_line' id='line_1_31' title="bbox 287 2436 1137 2488; baseline 0.001 -13"><span class='ocrx_word' id='word_1_238' title='bbox 287 2441 330 2475; x_wconf 90' lang='lat' dir='ltr'>et</span> <span class='ocrx_word' id='word_1_239' title='bbox 364 2436 407 2475; x_wconf 92' lang='lat' dir='ltr'>in</span> <span class='ocrx_word' id='word_1_240' title='bbox 443 2449 513 2476; x_wconf 88' lang='lat' dir='ltr'>me</span> <span class='ocrx_word' id='word_1_241' title='bbox 547 2450 635 2476; x_wconf 87' lang='lat' dir='ltr'>non</span> <span class='ocrx_word' id='word_1_242' title='bbox 669 2436 803 2476; x_wconf 88' lang='lat' dir='ltr'>habet</span> <span class='ocrx_word' id='word_1_243' title='bbox 838 2436 1137 2488; x_wconf 71' lang='lat' dir='ltr'>quidquam.&#39;’T</span> 
     </span>
    </p>

    <p class='ocr_par' dir='ltr' id='par_1_4' title="bbox 288 2509 1752 2781">
     <span class='ocr_line' id='line_1_32' title="bbox 374 2509 1748 2562; baseline -0.001 -13"><span class='ocrx_word' id='word_1_244' title='bbox 374 2509 604 2558; x_wconf 87' lang='lat' dir='ltr'>Octavum,</span> <span class='ocrx_word' id='word_1_245' title='bbox 649 2510 888 2549; x_wconf 87' lang='lat' dir='ltr'>metuenda</span> <span class='ocrx_word' id='word_1_246' title='bbox 940 2509 1032 2562; x_wconf 83' lang='lat' dir='ltr'>ejus</span> <span class='ocrx_word' id='word_1_247' title='bbox 1084 2509 1318 2549; x_wconf 88' lang='lat' dir='ltr'>crudelitas</span> <span class='ocrx_word' id='word_1_248' title='bbox 1370 2514 1436 2548; x_wconf 90' lang='lat' dir='ltr'>est</span> <span class='ocrx_word' id='word_1_249' title='bbox 1489 2509 1608 2560; x_wconf 91' lang='lat' dir='ltr'>quod</span> <span class='ocrx_word' id='word_1_250' title='bbox 1661 2521 1748 2548; x_wconf 87' lang='lat' dir='ltr'>non</span> 
     </span>
     <span class='ocr_line' id='line_1_33' title="bbox 288 2582 1748 2635; baseline -0.001 -14"><span class='ocrx_word' id='word_1_251' title='bbox 288 2582 474 2634; x_wconf 78' lang='lat' dir='ltr'>quodvis</span> <span class='ocrx_word' id='word_1_252' title='bbox 503 2583 629 2623; x_wconf 90' lang='lat' dir='ltr'>nobis</span> <span class='ocrx_word' id='word_1_253' title='bbox 658 2588 795 2635; x_wconf 88' lang='lat' dir='ltr'>optat,</span> <span class='ocrx_word' id='word_1_254' title='bbox 819 2582 1189 2632; x_wconf 80' lang='lat' dir='ltr'>sedextremum,</span> <span class='ocrx_word' id='word_1_255' title='bbox 1214 2582 1377 2622; x_wconf 90' lang='lat' dir='ltr'>scilicet</span> <span class='ocrx_word' id='word_1_256' title='bbox 1407 2582 1748 2629; x_wconf 89' lang='lat' dir='ltr'>devorationem,</span> 
     </span>
     <span class='ocr_line' id='line_1_34' title="bbox 288 2653 1749 2708; baseline -0.001 -13"><span class='ocrx_word' id='word_1_257' title='bbox 288 2653 569 2707; x_wconf 58' lang='lat' dir='ltr'>“Quaerens”</span> <span class='ocrx_word' id='word_1_258' title='bbox 593 2657 746 2708; x_wconf 89' lang='lat' dir='ltr'>inquit,</span> <span class='ocrx_word' id='word_1_259' title='bbox 767 2659 928 2708; x_wconf 88' lang='lat' dir='ltr'>“quem</span> <span class='ocrx_word' id='word_1_260' title='bbox 947 2655 1162 2696; x_wconf 85' lang='lat' dir='ltr'>devoret.’&#39;</span> <span class='ocrx_word' id='word_1_261' title='bbox 1198 2656 1263 2696; x_wconf 94' lang='lat' dir='ltr'>Ut</span> <span class='ocrx_word' id='word_1_262' title='bbox 1285 2655 1400 2695; x_wconf 87' lang='lat' dir='ltr'>enim</span> <span class='ocrx_word' id='word_1_263' title='bbox 1426 2655 1645 2695; x_wconf 88' lang='lat' dir='ltr'>Macarius</span> <span class='ocrx_word' id='word_1_264' title='bbox 1668 2655 1749 2694; x_wconf 90' lang='lat' dir='ltr'>ait:</span> 
     </span>
     <span class='ocr_line' id='line_1_35' title="bbox 289 2727 1752 2781; baseline -0.003 -11"><span class='ocrx_word' id='word_1_265' title='bbox 289 2729 515 2770; x_wconf 83' lang='lat' dir='ltr'>“Satanas</span> <span class='ocrx_word' id='word_1_266' title='bbox 552 2729 895 2771; x_wconf 85' lang='lat' dir='ltr'>misericordiam</span> <span class='ocrx_word' id='word_1_267' title='bbox 929 2728 1131 2780; x_wconf 86' lang='lat' dir='ltr'>nescit;&#39;&#39;</span> <span class='ocrx_word' id='word_1_268' title='bbox 1165 2730 1264 2770; x_wconf 89' lang='lat' dir='ltr'>ideo</span> <span class='ocrx_word' id='word_1_269' title='bbox 1295 2729 1382 2781; x_wconf 88' lang='lat' dir='ltr'>Job</span> <span class='ocrx_word' id='word_1_270' title='bbox 1415 2729 1596 2769; x_wconf 87' lang='lat' dir='ltr'>dicitur:</span> <span class='ocrx_word' id='word_1_271' title='bbox 1632 2727 1752 2767; x_wconf 84' lang='lat' dir='ltr'>“Per</span> 
     </span>
    </p>
   </div>
   <div class='ocr_carea' id='block_1_3' title="bbox 372 2841 1656 2935">
    <p class='ocr_par' dir='ltr' id='par_1_5' title="bbox 372 2841 1656 2935">
     <span class='ocr_line' id='line_1_36' title="bbox 372 2841 1656 2886; baseline -0.002 -12"><span class='ocrx_word' id='word_1_272' title='bbox 372 2842 382 2861; x_wconf 85' lang='lat'>¹</span> <span class='ocrx_word' id='word_1_273' title='bbox 408 2845 448 2875; x_wconf 80' lang='lat' dir='ltr'>In</span> <span class='ocrx_word' id='word_1_274' title='bbox 462 2845 529 2884; x_wconf 83' lang='lat' dir='ltr'>Job</span> <span class='ocrx_word' id='word_1_275' title='bbox 552 2845 640 2886; x_wconf 81' lang='lat' dir='ltr'>apud</span> <span class='ocrx_word' id='word_1_276' title='bbox 658 2845 792 2886; x_wconf 81' lang='lat' dir='ltr'>Olymp.</span> <span class='ocrx_word' id='word_1_277' title='bbox 818 2852 864 2875; x_wconf 86' lang='lat'>12.</span> <span class='ocrx_word' id='word_1_278' title='bbox 1024 2842 1036 2861; x_wconf 69' lang='lat'><strong>2</strong></span> <span class='ocrx_word' id='word_1_279' title='bbox 1062 2844 1102 2874; x_wconf 83' lang='lat' dir='ltr'>In</span> <span class='ocrx_word' id='word_1_280' title='bbox 1127 2843 1212 2874; x_wconf 87' lang='lat' dir='ltr'>Psal.</span> <span class='ocrx_word' id='word_1_281' title='bbox 1233 2843 1285 2874; x_wconf 88' lang='lat'>61.</span> <span class='ocrx_word' id='word_1_282' title='bbox 1450 2841 1464 2861; x_wconf 79' lang='lat'><strong>3</strong></span> <span class='ocrx_word' id='word_1_283' title='bbox 1488 2843 1584 2873; x_wconf 79' lang='lat' dir='ltr'>Mau.</span> <span class='ocrx_word' id='word_1_284' title='bbox 1607 2849 1656 2880; x_wconf 82' lang='lat'>24.</span> 
     </span>
     <span class='ocr_line' id='line_1_37' title="bbox 434 2892 1591 2935; baseline -0.001 -10"><span class='ocrx_word' id='word_1_285' title='bbox 434 2895 447 2913; x_wconf 73' lang='lat'><strong>⁴</strong></span> <span class='ocrx_word' id='word_1_286' title='bbox 473 2896 575 2927; x_wconf 88' lang='lat' dir='ltr'>Hom.</span> <span class='ocrx_word' id='word_1_287' title='bbox 597 2896 648 2928; x_wconf 84' lang='lat'>26.</span> <span class='ocrx_word' id='word_1_288' title='bbox 785 2894 798 2914; x_wconf 80' lang='lat'>⁵</span> <span class='ocrx_word' id='word_1_289' title='bbox 824 2896 927 2926; x_wconf 86' lang='lat' dir='ltr'>Hom.</span> <span class='ocrx_word' id='word_1_290' title='bbox 953 2903 999 2934; x_wconf 83' lang='lat'>19.</span> <span class='ocrx_word' id='word_1_291' title='bbox 1137 2893 1150 2913; x_wconf 79' lang='lat'>‘⁵</span> <span class='ocrx_word' id='word_1_292' title='bbox 1175 2895 1243 2926; x_wconf 82' lang='lat' dir='ltr'>Pet.</span> <span class='ocrx_word' id='word_1_293' title='bbox 1267 2901 1297 2935; x_wconf 68' lang='lat'>5·</span> <span class='ocrx_word' id='word_1_294' title='bbox 1433 2892 1446 2913; x_wconf 75' lang='lat'>⁷</span> <span class='ocrx_word' id='word_1_295' title='bbox 1466 2894 1518 2935; x_wconf 91' lang='lat' dir='ltr'>Jo.</span> <span class='ocrx_word' id='word_1_296' title='bbox 1544 2901 1591 2933; x_wconf 89' lang='lat'>14.</span> 
     </span>
    </p>
   </div>
  </div>
 </body>
</html>
