1903 3197
530 148 599 193 In
631 146 849 209 Regulas
881 146 1144 194 Modesliae.
1475 131 1572 208 687
1605 182 1613 190 .

106 280 353 329 confitetur,
369 280 537 320 nullum
553 280 734 320 verbum
752 280 987 320 molestum
1005 293 1163 320 novem
1182 293 1397 320 annorum
1415 280 1570 333 spatio,

106 354 268 407 quibus
289 354 592 395 valetudinarii
614 367 762 394 curam
785 354 884 406 egit,
908 354 1076 393 dixisse
1097 354 1288 407 cuipiam
1310 369 1318 393 :
1351 353 1440 394 Ser.
1461 366 1502 404 4

197 429 263 469 Ut
284 429 460 469 Patrem
482 433 680 468 nostrum
704 424 928 480 Ignatium
950 434 1135 477 taceam,
1153 428 1228 480 qui
1250 427 1431 481 triginta
1452 428 1571 481 ipsos

106 515 248 543 annos
270 516 496 555 nunquam
518 502 693 542 auditus
715 508 782 541 est
801 502 935 541 verbo
956 502 1149 554 aliquem
1172 502 1422 554 pupugisse.
1467 501 1571 543 Huc

107 576 291 617 refertur
331 576 619 629 reprehensio,
657 581 790 628 atque
827 576 1111 628 exprobratio
1155 575 1344 625 alterius,
1387 576 1442 616 de
1482 589 1571 629 quo

111 651 329 692 Martinus
351 651 483 690 Dum.
504 666 511 690 :
534 653 556 669 “
571 649 672 689 Non
695 648 789 697 sis,‘'
812 649 965 701 inquit,
990 649 1210 689 “aliorum
1233 650 1429 690 curiosus
1455 663 1571 690 scru-

110 730 237 774 tator,
271 738 412 777 neque
444 724 625 764 acerbus
657 722 966 776 reprehensor;
999 723 1075 763 sed
1108 723 1200 763 sine
1223 723 1572 776 reprehensione,

106 804 156 839 et
175 798 520 851 exprobratione
542 796 800 851 correptor.'’

197 878 255 912 20.
290 872 360 913 Ne
381 872 713 913 contendamus.
751 871 883 912 Eccli.
907 882 951 911 ΙΙ
974 887 984 912 ;
1016 870 1123 912 “De
1144 885 1197 911 ea
1217 885 1273 921 re,
1295 885 1396 925 quae
1417 876 1461 912 ‘ce
1482 884 1571 912 non

109 947 328 995 molestat,
352 960 407 987 ne
428 945 696 987 certaveris.’'
760 945 820 986 Et
849 956 884 985 2.
910 945 1021 985 Tim.
1049 956 1100 986 2:
1134 945 1275 986 “Noli
1307 946 1572 987 contendere

107 1019 289 1062 verbis.”
373 1020 604 1068 climacus,
640 1019 710 1060 Gr.
741 1032 795 1070 4:
827 1019 1102 1072 “Restringe
1133 1019 1334 1060 insanam
1365 1019 1574 1073 linguam,

107 1109 168 1135 ne
199 1095 256 1135 ad
287 1094 678 1136 contradicendum
709 1093 835 1134 facile
867 1093 1075 1135 desiliat.”
1153 1093 1342 1134 Sanctus
1376 1093 1574 1135 Thomas

111 1169 301 1223 litigium
334 1169 540 1222 appellat,
563 1181 662 1208 cum
694 1169 739 1208 in
771 1181 970 1208 sermone
993 1167 1102 1208 alter
1132 1168 1256 1209 alteri
1289 1169 1575 1220 contradicit;

112 1254 149 1284 2.
174 1254 211 1284 2.
234 1257 273 1296 q.
303 1255 392 1294 114.
454 1243 550 1283 Nos
571 1242 866 1283 contentionis
897 1243 1075 1283 nomine
1104 1249 1339 1295 utrumque
1369 1243 1577 1296 perstrin—

106 1319 268 1372 gimuS,
307 1318 408 1358 licet
444 1317 631 1358 alterum
667 1317 725 1357 ab
762 1317 901 1357 altero
937 1318 1245 1370 distinguatur,
1273 1324 1321 1358 ut
1356 1323 1481 1370 patet
1517 1331 1576 1358 ex

114 1391 253 1444 Cajet.
294 1402 328 1431 2.
369 1402 404 1431 2.
443 1405 483 1444 q.
526 1403 616 1442 114
678 1391 762 1431 Est
798 1398 947 1431 autern
985 1405 1043 1431 ex
1078 1391 1318 1432 Ambrosio
1352 1391 1577 1433 contentio

111 1465 310 1506 veritatis
342 1465 630 1518 impugnatio,
654 1472 698 1505 et
720 1465 764 1504 in
792 1465 1020 1517 colloquiis
1052 1465 1291 1505 dumtaxat
1321 1472 1399 1513 est,
1422 1466 1576 1506 oritur-

106 1553 199 1593 ·que
227 1554 286 1580 ex
319 1540 565 1580 animorum
589 1539 818 1579 discordia.
881 1539 1032 1591 Litigii
1054 1545 1203 1579 autem
1224 1538 1322 1579 finis
1345 1553 1396 1579 ac
1417 1553 1576 1593 scopus

111 1621 181 1655 est
202 1616 475 1664 contristare,
498 1627 549 1654 ac
570 1614 824 1667 perturbare
849 1613 983 1653 animi
1016 1613 1208 1666 quietem
1227 1630 1235 1653 ε
1267 1627 1346 1654 nec
1367 1613 1509 1654 solum
1532 1614 1576 1654 in

107 1688 355 1741 «colloquiis,
375 1688 452 1728 sed
475 1689 519 1728 in
540 1688 635 1728 aliis
657 1688 790 1728 etiam
813 1688 984 1728 actibus
1005 1688 1138 1727 situm
1160 1693 1227 1728 est
1248 1688 1304 1728 ad
1326 1689 1576 1729 convictum

114 1762 345 1803 hominum
367 1762 686 1816 pertinentibus
704 1776 712 1812 ;
745 1769 793 1802 ut
814 1761 1031 1814 colligitur
1052 1776 1110 1802 ex
1132 1772 1167 1802 2.
1193 1772 1228 1801 2.

200 1838 306 1890 jure
348 1845 497 1878 autem
529 1851 555 1877 a
585 1837 806 1876 locutione
847 1836 980 1876 debet
1015 1836 1169 1876 abesse
1203 1836 1457 1877 contentio:
1499 1838 1575 1878 sed

110 1912 335 1965 praecipue
356 1912 550 1965 quinque
570 1912 626 1951 de
646 1911 799 1951 causis.

204 1987 350 2027 Primo
370 2003 377 2027 :
411 1985 526 2039 Quia
548 1986 736 2026 levitatis
759 1992 803 2026 et
822 1985 988 2038 puerile
1010 1992 1076 2026 est
1095 1986 1370 2027 contendere.
1432 1987 1576 2029 Bona-

110 2068 311 2107 ventura,
337 2061 461 2114 Spec.
487 2061 603 2101 Disc.
629 2074 670 2113 p.
704 2071 738 2111 3.
773 2073 805 2099 c.
842 2071 893 2110 3:
925 2060 1201 2113 “Indignum
1235 2061 1409 2114 penitus
1441 2063 1576 2104 servis

117 2135 203 2175 Dei
228 2135 581 2176 muliercularum
604 2149 724 2175 more
745 2134 1020 2174 contendere.
1060 2134 1107 2175 Si
1129 2135 1358 2175 resistendi
1380 2136 1577 2179 incidant

112 2210 259 2258 verba,
303 2211 514 2250 continuo
555 2210 800 2249 cedendum
843 2209 1072 2250 resistenti.
1159 2215 1167 2228 ⁵
1184 2209 1343 2250 Honor
1383 2210 1472 2260 est,'
1514 2213 1577 2253 ait

113 2282 343 2333 Salomon,
369 2284 491 2325 Prov.
517 2295 581 2332 20,
617 2284 818 2328 ‘homini.
842 2284 916 2336 qui
948 2291 1123 2336 separat
1149 2298 1196 2324 se
1227 2299 1253 2324 a
1284 2286 1575 2327 contentioni-

117 2357 223 2399 bus.’
259 2359 499 2412 Nunquam
523 2359 730 2406 discendi,
749 2366 797 2398 ut
815 2359 981 2403 dicitur,
999 2359 1142 2411 gratia
1156 2359 1356 2412 litigent,
1387 2361 1575 2403 scientes

113 2445 165 2472 se
181 2433 237 2472 ad
255 2434 485 2474 verborum
505 2434 807 2474 contentiones
825 2433 944 2473 nullo
963 2433 1096 2474 modo
1118 2434 1324 2488 deinceps
1345 2437 1573 2488 pertinere.

117 2506 222 2546 Non
258 2514 404 2560 potest
441 2522 534 2548 esse
571 2508 804 2553 contentio.
842 2509 947 2561 quin
984 2509 1148 2561 aliquid
1185 2510 1228 2549 in
1265 2523 1327 2559 ea,
1362 2511 1480 2563 quod
1517 2512 1574 2552 sit

115 2588 268 2621 contra
290 2584 613 2628 conscientiam.
640 2583 844 2623 dicatur.''
905 2584 1027 2636 Ergo
1049 2584 1161 2624 inter
1192 2584 1276 2625 Dei
1307 2599 1455 2626 servos
1485 2587 1573 2627 col-

115 2655 233 2701 latio,
258 2670 345 2695 non
369 2657 594 2696 altercatio
617 2657 749 2697 debet
770 2671 875 2697 esse.

207 2729 437 2771 Secundo:
491 2730 606 2783 Quia
648 2733 800 2772 cedere
840 2746 958 2785 saepe
1003 2734 1231 2786 pulchrum
1284 2742 1360 2779 est.
1403 2736 1574 2777 vincere

118 2811 266 2844 autem
300 2806 461 2846 inutile.
525 2806 707 2847 Doroth.
734 2806 822 2847 Ser.
845 2820 900 2857 4:
933 2817 952 2826 ¹·
968 2807 1085 2848 Sane
1107 2822 1238 2861 quam
1263 2823 1373 2863 opus
1395 2811 1573 2863 praecla-

119 2892 213 2918 rum
252 2880 353 2932 agit,
378 2888 420 2920 et
458 2894 548 2921 rem
585 2882 696 2934 gerit
734 2883 955 2931 eximiam.
990 2884 1062 2935 qui
1102 2883 1219 2924 fratri
1257 2898 1335 2924 suo
1373 2885 1500 2935 cedit,
1530 2891 1576 2926 et
