1903 3197
826 179 883 222 91

355 605 805 660 OPUSCULU
819 606 879 657 M
939 605 1051 673 QU
1066 607 1087 656 Ι
1101 606 1269 658 NTU
1284 606 1362 658 M.

605 737 680 773 DE
720 737 1113 774 POENITENTHS.

394 848 420 902 ξ
461 856 724 896 1.—QUOAD
760 855 924 886 ULTRO
958 856 1322 887 SUSCIPIENDAS.

130 951 153 967 “
169 946 268 987 SED
304 946 399 986 illas
433 959 654 985 assumere
685 945 826 997 quivis
860 946 1033 998 poterit,
1065 959 1164 998 quae
1199 946 1279 986 sibi
1315 946 1590 993 videbuntur,

129 1033 229 1060 cum
258 1019 576 1072 approbatione
600 1018 856 1071 Superioris,
880 1019 936 1058 ad
967 1019 1177 1071 majorem
1203 1020 1266 1059 sui
1294 1019 1470 1072 spiritus
1494 1032 1591 1071 pro-

132 1093 294 1134 fectum
318 1092 585 1133 convenire.'’

219 1165 439 1218 Quoniam
472 1166 668 1218 pluribus
695 1165 788 1217 jam
811 1166 1083 1206 ostendimus
1107 1181 1163 1206 ex
1189 1166 1589 1207 Constitutionibus

130 1240 374 1280 “rationem
406 1240 579 1279 vivendi
622 1240 664 1278 in
707 1240 996 1279 exterioribus
1035 1240 1176 1292 justas
1214 1241 1270 1280 ob
1308 1254 1461 1280 causas
1498 1253 1592 1280 csse

131 1326 410 1355 communem
433 1327 441 1363 ;
475 1326 554 1352 nec
577 1312 686 1352 ullas
709 1313 948 1352 ordinarias
971 1313 1132 1353 habere
1154 1312 1473 1366 poenitentias,’'
1498 1319 1594 1363 etc„

130 1386 249 1439 quod
271 1387 461 1439 primum
483 1386 758 1438 propositum
782 1392 894 1426 erat:
927 1386 1142 1439 reliquum
1166 1393 1242 1435 cst,
1260 1393 1307 1426 ut
1329 1400 1438 1438 quas
1460 1386 1594 1426 habet

131 1460 514 1509 extraordinarias,
539 1459 812 1512 explicandis
844 1459 1018 1512 reliquis
1051 1460 1223 1499 duabus
1257 1459 1595 1500 Constitutionis

130 1533 339 1586 partibus,
373 1532 668 1574 ostendamus.
733 1533 1108 1573 Extraordinariae
1143 1540 1302 1581 autem,
1337 1539 1386 1573 ut
1422 1532 1597 1573 Consti-

131 1605 244 1647 tutio
282 1607 376 1659 ipsa
408 1606 636 1659 significat,
668 1607 856 1659 geminae
890 1613 1017 1647 sunt:
1056 1607 1274 1659 quaedam,
1307 1620 1416 1658 quas
1453 1605 1534 1646 sibi
1572 1620 1597 1645 a

134 1679 367 1732 Superiore
398 1680 617 1732 deposcit;
651 1681 855 1732 quaedam
888 1694 1001 1730 vero,
1032 1694 1140 1733 quas
1170 1681 1356 1733 ipsemet
1390 1679 1599 1732 Superior

134 1752 331 1805 imponit.
408 1753 530 1793 Prius
568 1754 699 1806 igitur
735 1754 790 1793 de
827 1755 1100 1806 poenitentiis
1138 1753 1250 1793 ultro
1288 1753 1511 1806 susceptis,
1550 1758 1599 1792 ut

135 1827 328 1866 secundo
380 1827 476 1866 loco
523 1827 832 1879 disputationis
884 1828 1157 1880 propositum
1206 1833 1319 1877 erat3
1380 1825 1597 1879 posterius

135 1907 284 1940 autem
319 1900 373 1940 de
411 1900 628 1953 impositis
666 1906 731 1940 est
768 1900 1015 1951 dicendum,
1049 1901 1167 1953 quod
1205 1906 1298 1940 erat
1335 1906 1597 1940 extremum.

137 1973 305 2013 Priores
338 1973 516 2025 quidem
550 1973 616 2013 his
638 1975 779 2014 verbis
802 1975 1091 2024 continentur,
1117 1974 1236 2015 “Sed
1260 1973 1354 2014 illas
1376 1985 1598 2013 assumere

138 2047 279 2099 quivis
301 2046 498 2099 poterit,'’
522 2054 599 2088 etc.

227 2120 398 2173 Quibus
434 2121 578 2161 verbis
618 2127 705 2162 tres
749 2122 1044 2162 excluduntur
1085 2135 1258 2162 errores.
1323 2121 1493 2160 Primus
1535 2125 1602 2159 est

142 2207 292 2235 eorum
315 2194 390 2246 qui
422 2195 704 2247 poenitentias
735 2195 921 2236 libenter
952 2195 1011 2235 illi
1034 2189 1213 2248 quidem
1239 2200 1372 2247 atque
1402 2193 1602 2234 alacriter

138 2268 339 2318 subeunt,
363 2269 440 2309 sed
467 2275 628 2315 tamen,
651 2269 757 2309 dum
788 2284 849 2309 eae
880 2270 961 2310 sibi
989 2284 1015 2309 a
1045 2269 1278 2322 Superiore
1306 2269 1601 2321 imponantur,

139 2348 394 2395 expectant,
429 2349 473 2383 et
503 2343 709 2396 accipere,
743 2357 875 2396 quam
913 2344 1136 2397 postulare
1173 2343 1352 2383 malunt.
1432 2341 1491 2382 Et
1531 2340 1601 2380 hic

139 2430 257 2457 error
278 2417 328 2457 iis
345 2417 488 2457 verbis
505 2417 682 2466 tollitur,
709 2417 834 2458 “illas
856 2432 1078 2458 assumere
1100 2417 1240 2471 quivis
1263 2415 1471 2470 poterit:''
1499 2415 1602 2455 facit

146 2491 262 2530 enim
313 2491 427 2531 hanc
468 2492 674 2532 omnibus
725 2498 991 2545 potestatem
1047 2491 1330 2540 Constitutio,
1372 2497 1420 2530 ut
1461 2488 1602 2542 quivis

141 2564 428 2617 poenitentias
462 2565 575 2606 ultro
609 2566 827 2619 suscipiat.

226 2637 357 2678 Alter
397 2652 513 2679 error
554 2644 621 2679 est
663 2652 812 2679 eorum
865 2640 939 2692 qui
992 2639 1274 2692 poenitentias
1320 2637 1380 2676 illi
1422 2636 1600 2688 quidem

141 2710 256 2751 ultro
307 2712 561 2764 suscipiunt,
603 2712 681 2752 sed
729 2712 1009 2765 Superiorem
1059 2725 1185 2752 suum
1229 2725 1280 2752 ea
1321 2710 1376 2750 de
1418 2722 1463 2748 re
1514 2720 1600 2747 non

144 2780 389 2834 consulunt,
412 2792 489 2826 aut
510 2785 823 2826 confessarium
847 2787 914 2826 cui
949 2787 1158 2839 Superior
1178 2797 1308 2836 super
1335 2782 1378 2822 id
1411 2781 1602 2821 muneris

142 2858 365 2912 delegarit,
409 2860 784 2913 quemadmodum
827 2874 906 2901 suo
947 2860 1044 2901 loco
1085 2860 1293 2908 dicemus,
1330 2870 1409 2896 nec
1451 2868 1601 2896 eorum
