1903 3197
509 179 578 225 In
611 179 828 241 Regzclczs
863 179 928 225 M
928 179 1121 227 odestz'ae.
1453 184 1481 227 6
1487 196 1513 241 3
1521 197 1548 242 3

88 312 206 352 mitis
235 324 331 352 sum
355 318 399 352 et
425 311 601 352 humilis
624 312 774 352 corde:
798 313 938 353 tollite
956 313 1112 367 jugum
1138 327 1285 353 meum
1308 327 1437 367 super
1457 327 1548 364 vos,

87 391 132 428 et
164 386 392 426 invenietis
425 387 618 439 requiem
660 387 890 427 animabus
924 387 1114 429 vestris.''
1176 388 1237 428 Et
1272 387 1356 428 hoc
1391 388 1550 441 jugum

87 459 348 501 humilitatis
385 461 490 500 dicit
535 475 629 500 esse
670 474 829 501 suave:
876 462 978 514 quia
1019 462 1211 514 quietem
1254 468 1298 502 et
1337 462 1549 515 gaudium

86 535 211 587 parit.
275 535 328 575 In
350 548 481 587 quem
503 534 647 575 locum
669 533 765 587 lege
787 534 1182 588 Theophylactum.

177 609 428 649 Dorotheus
460 610 604 658 etiam,
639 609 728 650 Ser.
759 621 805 649 1:
840 609 964 663 “*Qui
996 610 1180 659 veram,'’
1213 610 1365 662 inquit,
1395 611 1552 664 “cupit

86 684 247 723 animae
284 697 374 723 suae
406 683 629 737 possidere
663 684 867 737 quietem,
903 684 1199 725 humilitatem
1232 685 1443 734 addiscat,
1467 690 1546 725 etc.

86 757 206 797 Nam
244 771 301 797 ex
338 759 542 811 superbia
578 758 812 811 multiplex
850 758 1042 807 afflictio,
1082 765 1125 799 et
1168 772 1377 812 magnum
1421 758 1550 799 mise-

86 831 246 871 riarum
269 832 494 873 examen.”
557 834 617 873 Et
644 833 741 885 jure
752 848 760 883 ;
792 832 1017 874 humilitas
1047 833 1164 873 enim
1190 833 1461 886 procreatrix
1484 839 1550 873 est

84 907 261 958 gaudii:
318 914 361 946 10
414 907 608 948 Humilis
655 922 742 948 non
795 909 928 948 audet
973 908 1191 948 adversari
1235 908 1394 948 divinae
1435 906 1549 960 legi;

84 981 166 1021 scit
195 987 343 1021 autem
366 982 574 1034 quicquid
597 982 657 1022 illi
680 982 888 1024 acciderit
917 984 1061 1022 minus
1083 982 1247 1031 laetum,
1271 983 1315 1021 id
1337 982 1549 1022 accidisse

83 1055 232 1095 divina
264 1056 370 1109 lege,
406 1062 454 1097 ut
487 1057 548 1097 ait
590 1056 758 1098 Seneca
793 1058 873 1110 Ep.
911 1067 976 1109 77.
1013 1057 1201 1109 ideoque
1238 1071 1326 1096 non
1361 1056 1546 1109 angitur.

84 1135 140 1168 20.
179 1130 372 1170 Humilis
393 1131 437 1170 in
460 1131 652 1171 adversis
670 1131 766 1183 jure
788 1145 834 1171 se
856 1131 976 1171 videt
997 1132 1100 1183 angi
1131 1137 1311 1184 propter
1332 1136 1548 1170 anteactae

82 1203 184 1243 vitae
206 1211 398 1256 peccata,
416 1218 515 1244 cum
534 1205 639 1257 quid
662 1212 809 1245 autem
824 1220 838 1258 J
847 1220 921 1245 ure
938 1205 1102 1246 factum
1122 1211 1199 1255 est,
1218 1205 1546 1257 acquiescimus,

83 1284 235 1318 contra
256 1293 357 1319 vero
380 1293 479 1319 cum
503 1281 607 1332 quid
630 1280 787 1332 injuria
809 1281 974 1321 factum
996 1281 1206 1328 videmus,
1223 1280 1547 1329 excruciamur;

84 1353 173 1392 imo
195 1366 295 1393 vere
324 1353 501 1393 humilis
529 1355 585 1394 ab
615 1355 819 1395 omnibus
848 1355 1013 1408 despici
1035 1354 1139 1403 vult,
1163 1360 1206 1394 et
1229 1354 1434 1394 omnibus
1454 1367 1548 1393 esse

82 1426 317 1478 subjectus,
342 1441 399 1467 ex
421 1428 674 1481 cognitione
696 1428 860 1469 scilicet
882 1442 1015 1481 quam
1045 1428 1179 1469 habet
1200 1430 1277 1468 sui.
1341 1434 1396 1479 30.
1432 1427 1548 1480 Quia

82 1500 259 1541 humilis
292 1502 398 1542 nihil
431 1502 570 1543 altum
604 1504 786 1555 quaerit:
818 1504 1004 1543 ambitio
1038 1509 1198 1552 autem,
1228 1509 1272 1543 et
1300 1502 1411 1542 velle
1444 1516 1546 1542 con-

83 1575 202 1628 spici,
225 1589 434 1629 magnam
457 1577 605 1617 animo
628 1577 951 1618 solicitudinem
973 1584 1101 1618 creat.

172 1649 435 1700 Climachus,
473 1650 603 1691 Grad.
644 1663 683 1702 4.
725 1666 764 1705 p.
809 1653 889 1702 84:
938 1652 1062 1705 “Qui
1104 1652 1160 1692 ad
1202 1651 1546 1705 placidissimam

86 1725 220 1764 animi
244 1726 437 1777 quietem
462 1726 605 1775 currit,
629 1726 700 1765 die
726 1728 846 1766 omni
870 1740 956 1779 quo
987 1726 1223 1766 maledicta
1252 1740 1339 1765 non
1362 1727 1548 1766 sustinet

86 1799 241 1852 ingens
264 1799 577 1840 detrimentum
601 1814 647 1840 se
670 1801 926 1841 sustinuisse
947 1801 1216 1841 arbitratur.”

172 1873 232 1913 Et
272 1874 390 1926 apud
429 1875 629 1923 eundem,
668 1888 708 1927 p.
747 1875 810 1925 58,
849 1875 985 1915 habes
1032 1889 1107 1914 cur
1155 1875 1444 1914 Macedonius
1475 1873 1547 1914 ille

83 1948 309 1988 Diaconus
340 1948 384 1987 in
415 1947 662 1989 humilitate
695 1949 768 1989 illa
799 1949 928 2002 primi
960 1950 1124 1989 ordinis
1150 1963 1327 1989 manere
1349 1949 1545 1989 voluerit.

86 2021 203 2075 Quia
245 2022 540 2076 “nunqua1n‚''
576 2024 729 2076 inquit,
765 2025 863 2064 “ita
896 2037 966 2064 me
1002 2024 1117 2064 bello
1151 2025 1272 2064 omni
1306 2024 1544 2076 levigatum

86 2098 211 2146 sensi,
235 2098 457 2150 divinique
478 2097 655 2138 luminis
678 2098 953 2139 dulcedinem
977 2100 1020 2139 in
1044 2113 1114 2139 me
1135 2099 1231 2151 ipso
1252 2098 1403 2138 sensi.”

174 2172 226 2211 In
279 2172 529 2212 obedientia
580 2178 728 2212 autem
771 2174 854 2213 sita
895 2179 960 2213 est
1001 2173 1133 2213 etiam
1176 2173 1309 2212 animi
1358 2186 1459 2225 pax,
1501 2178 1547 2213 et

81 2246 245 2295 laetitia,
298 2247 402 2299 quia
451 2246 745 2287 humilitatem
792 2247 926 2287 habet
967 2247 1233 2299 adjunctam,
1276 2261 1375 2299 quae
1425 2247 1547 2299 pacis

81 2327 215 2373 atque
248 2322 468 2373 aequitatis
502 2328 568 2361 est
608 2322 890 2374 procreatrix.
966 2322 1079 2362 Haec
1113 2328 1262 2362 autem
1294 2321 1546 2362 obedientia

81 2394 249 2448 duplex
286 2409 380 2435 esse
420 2401 576 2448 potest.
653 2395 820 2445 Altera,
858 2410 957 2436 cum
997 2397 1080 2437 Dei
1117 2411 1250 2437 causa
1285 2396 1428 2436 alieno
1464 2410 1544 2437 nos

84 2469 295 2509 arbitratu
324 2470 577 2524 judicioque
611 2471 865 2511 formandos
901 2477 945 2512 et
981 2472 1196 2523 regendos
1236 2470 1540 2524 permittimus.

81 2543 238 2583 Altera
271 2558 370 2584 cum
404 2551 564 2598 praeter
596 2546 904 2595 obedientiam,
940 2560 1074 2599 quam
1107 2545 1273 2586 homini
1305 2546 1541 2585 deferimus

81 2623 261 2670 propter
298 2618 455 2668 Deum,
485 2619 583 2659 Deo
617 2620 698 2672 ipsi
733 2621 776 2659 in
810 2621 937 2661 rebus
970 2621 1173 2661 omnibus
1206 2627 1340 2673 atque
1374 2619 1541 2660 eventis

83 2692 216 2731 etiam
256 2692 446 2732 minimis
483 2695 811 2746 acquiescimus,
849 2696 1085 2748 omniaque
1121 2709 1209 2735 non
1251 2701 1299 2735 ut
1340 2709 1452 2743 casu,
1490 2709 1542 2735 ac

80 2765 257 2805 fortuna
278 2767 460 2817 invecta,
477 2768 553 2807 sed
577 2774 624 2807 ut
642 2782 667 2808 a
685 2769 782 2808 Deo
800 2769 933 2810 missa
950 2770 1187 2822 accipimus
1205 2784 1255 2810 ac
1272 2769 1538 2822 perferimus.

172 2840 298 2880 Haec
343 2841 519 2893 gemina
565 2841 817 2883 obedientia
864 2857 1073 2897 magnam
1115 2844 1266 2897 utique
1306 2845 1351 2884 in
1393 2845 1541 2884 animo

75 2914 267 2967 quietem
299 2915 423 2967 parit.
486 2915 643 2956 Prioris
670 2916 847 2969 quidem
879 2917 1043 2957 fructus
1071 2924 1261 2970 quantus
1289 2918 1354 2968 sit,
1378 2917 1542 2959 indicat
