1903 3197
547 173 628 219 De
659 178 787 219 recta
822 173 1088 219 intentione.
1456 189 1478 219 2
1488 188 1548 234 39

95 305 406 354 “Generatio,’'
444 305 596 357 inquit,
636 306 659 324 “
675 317 888 356 perversa,
928 309 971 343 et
1013 303 1210 343 infideles
1247 304 1357 344 filii.''
1422 305 1552 346 Ideo-

94 394 178 432 que
221 379 407 420 Basilius
443 379 523 426 hic,
562 378 635 417 ubi
677 378 836 417 dicitur
873 379 952 416 “et
989 390 1075 415 non
1119 383 1184 416 est
1221 378 1408 417 creditus
1450 392 1550 418 cum

94 467 147 493 eo
183 453 358 506 spiritus
400 451 527 504 ejus‚''
561 451 676 503 legit,
710 456 752 490 et
789 463 875 489 non
913 450 995 489 fuit
1031 449 1172 488 fidelis
1215 450 1390 502 spiritus
1427 451 1551 502 ejus;

93 526 233 566 fidelis
270 531 417 566 autem
455 524 620 572 dicitur,
659 524 732 575 qui
770 537 856 563 non
894 536 992 574 quae
1027 536 1105 562 sua
1140 528 1242 561 sunt
1276 525 1443 574 quaerit,
1473 523 1550 564 sed

94 586 193 651 quffe
228 599 321 638 Dei.

183 671 419 712 Sciendum
449 677 594 710 autem
627 675 815 721 quatuor
845 669 1123 721 potissimum
1146 668 1369 708 fidelitatis
1392 681 1553 721 genera

94 745 279 796 reperiri,
333 744 417 783 alio
469 743 587 782 aliud
639 742 881 795 perfectius.
966 742 1117 781 Unum
1170 747 1236 781 est
1287 742 1396 781 servi
1449 755 1552 794 erga

94 818 333 866 dominum,
357 817 412 856 de
441 830 527 869 qua
559 816 798 856 fidelitate:
833 819 855 835 “
874 816 920 856 Si
952 822 1016 855 est
1048 815 1161 863 tibi,''
1186 816 1339 867 inquit,
1365 817 1555 855 “servus

90 890 243 937 fidelis,
282 891 337 930 sit
377 890 456 930 tibi
494 890 617 942 quasi
654 890 801 929 anima
838 895 924 937 tua,
963 890 1086 941 quasi
1125 889 1302 928 fratrem
1345 890 1406 928 sic
1449 902 1549 928 eum

93 962 292 1004 tracta.’'1
355 962 501 1014 Hujus
539 969 685 1002 autem
723 961 947 1002 fidelitatis
990 963 1032 1001 in
1070 975 1121 1001 eo
1158 963 1243 1002 sita
1279 968 1344 1001 est
1381 968 1429 1002 ut
1463 975 1553 1002 rem

95 1037 261 1077 domini
299 1037 362 1075 sui
402 1036 513 1075 bene
549 1041 682 1088 gerat,
721 1049 808 1075 non
845 1036 1068 1088 dilapidet,
1107 1048 1194 1076 non
1232 1036 1275 1074 in
1313 1049 1415 1074 usus
1452 1048 1554 1074 suos

96 1115 321 1149 convertat
351 1114 393 1148 et
423 1109 599 1158 furetur,
629 1114 676 1148 ut
705 1108 903 1148 infideles
933 1110 1072 1158 servi;
1106 1115 1149 1149 et
1180 1109 1236 1149 de
1265 1107 1347 1148 hoc
1377 1108 1556 1148 dicitur:

95 1184 118 1202 “
137 1182 273 1235 Euge,
297 1196 418 1222 serve
439 1182 554 1221 bone
577 1188 619 1222 et
641 1181 792 1229 fidelis,
817 1182 919 1234 quia
942 1196 1071 1234 super
1098 1195 1236 1234 pauca
1255 1172 1379 1221 'fuisti
1402 1180 1555 1229 fidelis,

97 1269 228 1308 supra
265 1254 403 1294 multa
438 1261 482 1294 te
519 1253 843 1294 constituam.''·2
919 1254 1082 1294 Fidelis
1119 1260 1267 1294 autem
1311 1255 1391 1294 suit
1427 1267 1558 1306 super

95 1341 246 1381 pauca,
271 1327 374 1379 quia
406 1327 494 1367 duo
528 1327 694 1366 domini
729 1327 895 1367 talenta
931 1327 1141 1366 lucrando
1177 1327 1556 1379 multiplicaverat.

99 1402 351 1444 Secundum
381 1400 606 1441 fidelitatis
634 1414 772 1453 genus
801 1406 867 1440 est
890 1401 1017 1440 amici
1048 1414 1151 1453 erga
1172 1400 1374 1448 amicum,
1394 1401 1448 1440 de
1470 1413 1558 1452 qua

97 1474 310 1515 fidelitate
341 1474 524 1514 dicitur:
558 1473 748 1514 “Amico
781 1473 898 1513 fideli
934 1473 1054 1513 nulla
1086 1479 1152 1513 θεῖ
1184 1473 1482 1525 comparatio3
1516 1478 1560 1512 et

98 1548 264 1588 amicus
305 1547 457 1596 fidelis,
500 1547 714 1599 protectio
756 1544 937 1587 fortis.''3
1011 1546 1149 1598 Cujus
1190 1545 1379 1586 fidelitas
1421 1547 1464 1585 in
1506 1560 1559 1586 eo

99 1621 242 1674 posita
274 1627 340 1661 θεῖ
373 1626 420 1660 ut
452 1621 656 1660 amicitiae
687 1622 829 1673 gratia
861 1621 1050 1660 amicum
1086 1620 1251 1672 diligat,
1276 1633 1362 1660 non
1392 1619 1559 1672 cupidi-

99 1696 203 1735 tatis
245 1701 320 1735 aut
361 1694 645 1734 emolumenti
687 1707 848 1743 causa;
896 1695 998 1746 quia
1039 1707 1127 1733 non
1173 1694 1440 1733 mercenaria
1480 1694 1558 1733 sed

101 1768 292 1819 gratuita
323 1767 456 1807 debet
488 1781 580 1807 esse
612 1767 815 1815 amicitia,
839 1772 887 1806 ut
919 1767 1077 1806 dicitur
1109 1767 1151 1805 in
1185 1766 1364 1806 Ethicis.

191 1839 435 1880 Fidelitatis
476 1840 653 1880 tertium
695 1853 834 1892 genus
876 1844 942 1878 est
975 1852 1148 1891 sponsae
1190 1852 1293 1891 erga
1335 1851 1557 1891 sponsum,

102 1915 158 1954 de
190 1926 276 1965 qua
307 1913 466 1952 dicitur
497 1913 616 1965 apud
654 1912 795 1952 Osee:
830 1912 1101 1964 “sponsabo
1132 1918 1176 1952 te
1213 1912 1319 1951 mihi
1357 1912 1400 1951 in
1437 1910 1559 1951 fide.''

104 1986 265 2040 Sponsi
303 1991 449 2026 autem
488 1991 532 2026 et
568 1999 741 2038 sponsae
778 1984 967 2025 fidelitas
1004 1985 1047 2024 in
1085 1998 1136 2025 eo
1179 1990 1255 2034 est,
1295 1990 1342 2025 ut
1382 1990 1562 2037 propter

102 2065 318 2108 mutuum,
342 2073 430 2111 quo
458 2072 505 2099 se
534 2058 895 2111 complectuntur,
919 2071 1125 2107 amorem,
1148 2063 1302 2097 neuter
1323 2058 1559 2110 conjugum

103 2133 159 2173 ad
192 2133 382 2173 alienum
415 2132 590 2173 thorum
622 2132 814 2180 accedat,
837 2132 914 2171 sed
947 2137 1146 2171 mutuam
1179 2131 1261 2171 sibi
1293 2131 1427 2171 fidem
1454 2130 1565 2172 alter

102 2206 227 2247 alteri
269 2211 420 2246 servet.
505 2205 697 2245 Adulter
736 2210 884 2245 autem
925 2204 1165 2257 voluptatis
1206 2204 1429 2256 gaudium,
1472 2217 1561 2244 non

104 2278 292 2319 filiorum
325 2279 671 2332 procreationem
703 2278 870 2331 quaerit.
932 2277 1151 2330 Quartum
1177 2277 1402 2317 fidelitatis
1423 2290 1563 2330 genus

104 2358 171 2393 est
204 2352 280 2392 filii
315 2367 418 2406 erga
454 2359 668 2406 parentes,
701 2352 756 2392 de
790 2365 877 2404 qua
913 2357 1043 2392 antea
1078 2351 1171 2391 dixi
1206 2351 1324 2403 quod
1362 2357 1438 2401 est,
1468 2364 1563 2391 esse

104 2425 280 2467 fidelem
312 2426 356 2466 in
387 2425 631 2467 dilectione.
684 2426 755 2466 De
786 2438 900 2478 qua:
924 2424 1135 2464 “Fideles
1163 2424 1207 2464 in
1237 2424 1470 2465 dilectione
1492 2437 1563 2465 ac-

106 2500 332 2553 quiescent
352 2498 473 2540 illi.’'4
525 2499 662 2552 Cujus
691 2498 879 2539 fidelitas
908 2498 951 2538 in
975 2512 1026 2539 eo
1054 2498 1333 2551 potissimum
1362 2498 1562 2546 cernitur,

106 2578 156 2613 ut
191 2579 235 2613 et
270 2575 385 2626 patri
421 2575 581 2615 serviat
614 2573 875 2627 placeatque
911 2571 1030 2613 nulla
1065 2571 1255 2613 utilitate
1291 2572 1487 2624 quaesita,
1519 2576 1565 2612 et

108 2646 314 2699 eumdem
347 2647 503 2700 diligat
535 2653 714 2700 propter
746 2647 903 2700 ipsum,
931 2645 1113 2699 ejusque
1145 2645 1383 2686 dumtaxat
1415 2656 1564 2684 amore

109 2725 154 2761 et
175 2719 395 2761 charitate.
459 2719 591 2773 Quod
612 2718 835 2762 fidelitatis
857 2733 995 2773 genus
1018 2718 1166 2760 omnia
1186 2718 1409 2771 superiora
1429 2716 1564 2768 longo

109 2793 339 2835 intervallo
372 2799 578 2847 superat;
615 2793 734 2847 quod
768 2794 803 2834 si
837 2793 911 2834 illa
944 2792 1050 2833 nihil
1083 2791 1246 2846 proprii
1281 2789 1567 2831 emolumenti

246 2881 258 2902 ¹
284 2883 373 2915 Eccl.
394 2891 446 2924 33.
581 2882 594 2901 ²
617 2882 739 2915 Matth.
757 2888 810 2924 25.
943 2880 957 2901 3
981 2881 1070 2914 Eccl.
1091 2881 1121 2913 6.
1258 2879 1272 2899 ‘²
1296 2880 1375 2921 Sap.
1397 2888 1426 2921 3.
