1903 3197
503 159 571 204 In
605 157 823 220 Regzclas
859 156 1121 203 Modestice.
1457 159 1553 216 609

85 293 378 348 Augustinus)
405 298 552 347 potest
577 291 757 332 celerius
784 291 992 331 inveniri:
1026 296 1074 331 ut
1096 290 1253 330 merito
1277 290 1554 331 resurrectio-

84 368 151 409 nis
188 375 348 409 nostrae
388 367 656 408 celeritatem
698 379 797 405 cum
840 366 1089 418 exprimere
1125 364 1257 404 vellet
1294 364 1554 417 Apostolus,

83 443 128 483 in
150 444 238 483 ictu
261 443 373 483 oculi
396 442 485 482 fieri
508 440 679 481 dixerit.
725 439 837 492 (Lib.
859 450 896 489 4.
924 438 1031 478 Gen.
1057 439 1112 479 ad
1139 438 1197 478 lit.
1222 439 1265 478 in
1289 438 1403 491 fine).
1456 438 1554 479 Alii

82 531 186 558 vero
222 531 385 566 sensus,
423 523 471 557 ut
506 522 609 556 sunt
646 515 786 567 magis
823 514 1026 562 concreti,
1065 528 1115 553 ac
1153 514 1298 563 crassi,
1333 527 1419 554 non
1457 520 1552 554 tam

82 591 279 632 celeriter
300 605 350 632 ea
372 604 470 644 quae
493 590 574 630 sibi
597 588 871 640 objiciuntur,
896 587 1132 639 attingunt.

171 672 226 718 70.
262 665 389 707 Oculi
422 665 590 704 eminus
623 663 768 712 etiam,
798 675 885 702 non
920 661 1061 701 solum
1098 661 1299 701 cominus
1331 674 1552 701 venenum

80 739 297 789 hauriunt,
339 740 483 780 caeteri
525 752 628 779 vero
669 751 822 778 sensus
864 737 1006 789 magis
1042 735 1270 775 cominus:
1319 735 1401 774 nisi
1440 735 1553 776 forte

80 825 207 854 aures
257 819 467 867 putantur
517 813 690 866 longius
741 812 938 864 accipere
990 811 1196 857 sonitum,
1249 823 1382 862 quam
1436 808 1553 849 oculi

80 895 253 942 spectra
283 902 453 929 rerum:
485 888 561 928 sed
594 893 743 927 tamen
775 886 861 926 illae
893 885 1175 938 longinquius
1202 885 1321 924 vocis
1355 884 1551 924 sonitum

78 963 237 1017 potius,
281 977 414 1016 quam
466 962 741 1008 sententiam,
785 974 873 1014 qua
923 965 1275 1013 permoveantur,
1314 958 1551 1011 accipiunt,

80 1037 194 1079 oculi
227 1038 359 1078 etiam
391 1036 576 1089 longius,
599 1050 686 1089 quo
716 1035 957 1088 capiuntur,
981 1034 1227 1087 inspiciunt.
1270 1033 1553 1085 Augustinus

81 1111 126 1152 in
160 1111 269 1152 Psal.
296 1121 373 1163 50:
407 1112 512 1152 “De
544 1111 674 1163 louge
710 1110 820 1150 vidit
859 1108 1003 1149 David
1037 1107 1168 1156 illam,
1197 1108 1240 1147 in
1273 1121 1362 1160 qua
1394 1112 1552 1160 captus

81 1192 174 1235 est;
226 1186 382 1226 mulier
421 1185 563 1237 longe,
605 1184 741 1224 libido
782 1182 955 1237 prope.'’
1019 1182 1079 1222 Et
1122 1181 1309 1221 Basilius
1351 1181 1406 1221 de
1449 1180 1551 1222 Ver.

80 1259 229 1311 Virg.:
277 1258 572 1312 “Aspecttis,’'
606 1258 760 1311 inquit,
799 1256 958 1309 “jactis
990 1256 1205 1295 luminum
1245 1255 1376 1295 radiis
1414 1254 1552 1296 veluti

80 1332 345 1385 quibusdam
408 1333 673 1386 incorporeis
735 1331 949 1379 manibus,
1002 1343 1294 1383 quaecumque
1351 1328 1550 1378 voluerit,

81 1406 251 1446 eminus
291 1407 447 1460 tangit,
489 1414 533 1447 et
574 1421 674 1460 quae
720 1406 938 1459 corporeis
991 1405 1195 1444 manibus
1248 1404 1465 1455 attingere
1506 1404 1550 1444 in

79 1486 301 1534 potestate
342 1495 429 1521 non
470 1481 617 1529 habet,
655 1494 707 1520 ea
738 1479 963 1520 oculorum
995 1478 1187 1531 jactibus
1225 1478 1398 1530 passive
1431 1490 1551 1518 com-

78 1553 287 1608 plectens,
325 1568 403 1608 per
443 1568 516 1595 eas
557 1568 666 1608 quas
708 1553 929 1607 impressit
971 1553 1131 1592 animae
1174 1552 1349 1601 formas,
1392 1565 1551 1605 corpus

81 1641 213 1668 omne
259 1629 314 1669 ad
366 1629 561 1669 invectas
612 1628 825 1681 imagines
865 1626 1106 1679 voluptatis
1151 1626 1332 1666 aestibus
1374 1624 1551 1678 jactat.''

80 1700 127 1741 A
149 1703 376 1755 posteriori
398 1716 500 1743 vero
522 1702 747 1742 oculorum
774 1700 1015 1755 periculum
1044 1700 1339 1754 intelligimus.
1392 1700 1550 1750 Primo,

82 1776 187 1827 quia
223 1782 379 1816 natura
419 1776 590 1816 duabus
636 1775 755 1815 hisce
804 1775 1005 1815 fenestris
1047 1774 1357 1827 palpebrarum
1400 1779 1552 1827 portas

83 1849 217 1897 dedit,
241 1864 340 1903 quae
363 1849 584 1890 celerrime
613 1856 657 1890 et
685 1849 1001 1898 clauderentur,
1025 1855 1068 1889 et
1094 1849 1375 1902 aperirentur.
1446 1848 1550 1889 Non

83 1924 218 1964 modo
255 1930 304 1964 ut
339 1925 374 1964 si
412 1924 516 1976 quid
555 1924 739 1964 noxium
777 1937 996 1977 corporeze
1033 1923 1212 1976 pupillae
1252 1924 1473 1972 incideret,
1506 1923 1551 1964 id

83 2004 310 2038 momento
361 1998 654 2051 repellerent;
714 2012 866 2038 verum
920 1998 1052 2038 etiam
1110 2004 1158 2038 ut
1218 1998 1358 2038 multo
1410 1997 1554 2050 magis

83 2071 311 2124 rejicerent
362 2087 424 2122 ea,
466 2087 564 2126 quae
616 2074 814 2113 nocitura
856 2078 1001 2112 essent
1043 2072 1203 2121 animo,
1243 2078 1286 2112 et
1337 2079 1552 2124 tanquam

80 2144 281 2186 hostibus
313 2146 356 2186 in
389 2146 582 2186 animam
615 2146 958 2199 irrumpentibus
990 2147 1159 2186 aditum
1199 2146 1550 2187 intercluderent.

82 2220 317 2273 Propterea
360 2220 597 2274 Gregorius
629 2220 651 2260 1.
678 2232 742 2261 21.
767 2221 907 2261 Mon:
951 2220 1139 2261 “Sancti
1170 2221 1303 2274 igitur
1334 2220 1413 2260 viri
1447 2233 1547 2260 cum

81 2294 257 2335 sinistra
306 2295 469 2348 pulsari
517 2294 808 2335 delectatione
851 2308 897 2335 se
938 2295 1143 2342 sentiunt,
1193 2295 1288 2347 ipsa
1329 2308 1407 2347 per
1447 2307 1548 2347 quae

81 2368 233 2409 formae
256 2371 422 2423 species
450 2370 505 2410 ad
530 2376 723 2410 mentem
754 2369 996 2422 ingreditur
1022 2369 1265 2422 disciplinae
1296 2369 1550 2421 magisterio

80 2441 247 2483 lumina
278 2445 564 2497 restinguunt,
600 2458 654 2484 ne
687 2458 832 2497 pravae
872 2444 1128 2497 cogitationi
1160 2444 1267 2484 vitio
1299 2443 1549 2484 lenocinata

80 2515 349 2557 famuletur.'’
424 2518 658 2559 Secundo:
712 2518 829 2571 Quia
869 2519 947 2558 viri
1000 2519 1234 2558 sanctitate
1285 2523 1548 2571 praestantes

80 2591 326 2631 maximum
345 2606 435 2632 suae
457 2592 609 2632 salutis
635 2593 781 2632 adiere
804 2593 1037 2632 discrimen
1065 2607 1122 2633 ex
1150 2594 1326 2632 incauto
1353 2597 1544 2644 aspectu.

80 2664 199 2705 Nam
233 2665 378 2706 David
410 2680 468 2706 ex
501 2665 636 2706 oculis
668 2673 822 2707 notum
855 2673 921 2707 est
952 2667 1173 2715 cecidisse,
1206 2667 1260 2707 de
1292 2666 1416 2718 cujus
1445 2679 1548 2705 casu

80 2739 142 2779 sic
164 2738 441 2793 Augustinus
474 2741 516 2780 in
550 2740 659 2780 Psal.
687 2749 750 2791 50.
773 2755 780 2781 :
815 2740 1145 2794 “Proponunt,''
1170 2741 1323 2793 inquit,
1348 2740 1549 2781 “scilicet

79 2815 218 2853 sancti
250 2815 328 2854 viri
354 2828 502 2855 casum
536 2814 693 2864 David,
728 2821 771 2856 et
802 2816 857 2855 ad
889 2815 972 2855 hoc
1001 2815 1123 2854 illum
1152 2815 1303 2855 vident
1335 2826 1546 2868 magnum

79 2888 299 2938 cecidisse,
343 2895 391 2930 ut
430 2890 553 2943 parvi
586 2888 727 2930 nolint
767 2890 914 2930 videre
956 2889 1072 2929 unde
1113 2890 1284 2942 possint
1326 2887 1546 2940 cadere;'’

252 2964 325 2995 NN
