1903 3197
472 154 540 201 In
573 154 791 216 Regzclas
824 154 1084 203 Modestzae.
1417 160 1513 218 605

55 288 289 328 necessitas
325 288 440 328 enim
477 288 594 341 cogit
629 294 762 342 caput
794 296 972 339 vertere,
1009 303 1109 330 cum
1152 303 1204 330 ea
1246 303 1346 343 quae
1382 291 1450 331 vel
1486 305 1513 332 a

54 361 200 410 latere,
236 361 305 402 vel
344 376 371 402 a
405 368 529 415 tergo
559 368 778 415 geruntur,
816 364 1060 417 inspectas:
1098 378 1148 404 ac
1186 371 1417 417 propterea
1459 379 1514 406 ne

54 435 161 475 levis
196 436 252 477 sit
287 442 433 476 motus
469 436 633 489 capitis,
668 437 959 477 continendus
996 444 1062 477 est
1102 439 1221 491 prius
1259 439 1420 488 oculus,
1458 453 1513 480 ne

53 514 228 559 temere,
246 524 295 551 ac
317 510 409 550 sine
430 524 560 550 causa
580 517 772 563 vagetur.
832 518 903 562 4¹¹¹.
927 525 1026 551 cum
1050 511 1234 552 alterurn
1257 512 1510 565 loquentem

51 584 196 634 audis;
219 590 321 624 sunt
343 585 457 624 enim
480 585 553 637 qui
576 585 687 625 inter
707 585 975 625 audiendum
997 586 1101 625 totis
1124 586 1339 639 capitibus
1357 587 1513 627 crebro-

54 665 276 708 annuunt;
309 659 427 711 quod
458 659 764 699 assentationis
796 659 1043 712 suspicione
1076 673 1164 700 non
1196 667 1324 700 caret.

215 857 276 893 IN
315 857 575 895 TERTIAM
624 858 695 895 ET
734 857 1019 906 QUARTAM
1058 858 1349 895 REGULAM.

55 950 291 993 “OCULOS
341 953 554 994 demissos
612 961 660 995 ut
709 954 944 1007 plurimum
988 953 1200 994 teneant.''
1260 953 1376 993 Nam
1429 953 1512 994 hoc

56 1026 354 1078 religiosorum
387 1029 582 1068 maxime
611 1030 834 1081 proprium
866 1035 942 1078 est,
975 1034 1018 1068 et
1049 1027 1131 1068 hoc
1163 1034 1316 1068 curant
1347 1041 1515 1068 omnes.

55 1099 187 1151 Quod
230 1100 355 1141 facile
395 1102 651 1154 intelligitur
692 1116 748 1142 ex
792 1102 973 1155 Regulis
1016 1103 1061 1142 B.
1094 1102 1333 1149 Benedicti,
1369 1108 1412 1142 et
1455 1116 1512 1142 ex

54 1174 105 1214 iis
142 1188 239 1227 quae
276 1175 425 1216 scribit
457 1176 763 1217 Bonaventura
795 1177 838 1216 in
871 1177 985 1230 Spec
1021 1177 1122 1216 disc.
1187 1175 1388 1228 Quatuor
1429 1176 1511 1217 hac

55 1249 342 1302 sequentique
363 1250 512 1303 regula
532 1251 852 1304 praecipiuntur.
902 1251 1094 1291 Primum
1113 1265 1121 1290 :
1154 1256 1202 1290 ut
1224 1250 1513 1290 demittantur

54 1322 194 1372 oculi;
229 1323 358 1376 quod,
392 1330 439 1364 ut
471 1325 577 1373 dixi,
610 1325 653 1365 id
681 1326 981 1377 religiosorum
1010 1326 1180 1378 insigne
1211 1325 1277 1373 sit,
1312 1331 1355 1365 et
1386 1325 1429 1364 in
1461 1339 1512 1365 eo

56 1396 252 1436 maxime
273 1399 414 1438 omnis
436 1399 500 1438 vis
523 1400 750 1439 modestice
774 1399 951 1439 eluceat.

143 1470 421 1512 Secundum:
473 1478 521 1512 ut
571 1486 658 1513 non
709 1473 998 1512 immoderate
1048 1471 1267 1520 tollantur,
1311 1473 1414 1524 quia
1465 1472 1510 1511 id

55 1546 314 1598 arrogantiae
345 1545 473 1598 culpa
504 1560 591 1586 non
612 1553 748 1587 vacat.
798 1547 1118 1596 Bonaventura,
1142 1557 1222 1585 21:
1258 1545 1511 1586 “Dilatatio

55 1618 196 1658 cordis
227 1624 293 1659 est
324 1619 538 1660 exaltatio
559 1619 819 1660 oculorum.''
881 1620 1055 1660 Deinde
1077 1620 1179 1672 quia
1202 1619 1309 1661 fatui
1333 1627 1398 1660 est
1421 1621 1513 1660 sine

57 1693 189 1732 modo
240 1693 388 1733 oculos
438 1693 599 1734 tollere.
682 1695 803 1734 Prov.
849 1705 928 1734 21:
982 1693 1147 1735 “Oculi
1195 1694 1428 1735 stultorum
1470 1695 1513 1734 in

58 1765 217 1806 finibus
247 1767 408 1807 terrae.''

143 1840 368 1882 Tertium:
414 1848 463 1882 ut
499 1855 584 1883 non
622 1843 665 1882 in
701 1842 824 1891 hanc,
859 1842 928 1882 vel
964 1841 1083 1882 illam
1121 1849 1291 1895 partem
1330 1844 1513 1882 circum-

58 1913 320 1964 flectantur;
367 1916 469 1968 quia
514 1917 669 1956 curiosi
711 1923 787 1964 est,
830 1922 874 1956 et
914 1916 1106 1969 seipsum
1150 1915 1421 1969 negligentis,
1466 1922 1513 1956 ut

58 1989 251 2028 dicemus
272 1996 437 2042 postea,
461 1996 504 2030 et
526 1990 632 2030 levis
654 1990 942 2043 dissolutique
964 1990 1095 2030 animi
1120 1990 1304 2042 signum.

144 2062 362 2115 Quartum
381 2079 388 2105 :
422 2070 469 2104 ut
491 2078 578 2104 non
600 2063 848 2116 defigantur
872 2064 915 2103 in
945 2063 1122 2104 alterius
1144 2077 1220 2103 ora
1241 2077 1340 2103 cum
1363 2077 1513 2116 quem-

56 2137 174 2189 piam
203 2138 459 2190 (praesertim
493 2139 752 2178 auctoritate
783 2138 1016 2191 praeditum
1048 2136 1204 2189 virum)
1238 2137 1511 2190 alloquimur.

58 2210 189 2264 Quod
212 2213 345 2252 etiam
372 2213 554 2253 damnat
577 2212 882 2252 Bonaventura
909 2212 952 2251 in
976 2211 1099 2264 Spec.
1124 2209 1246 2251 dis:1
1280 2211 1512 2260 “Videre,‘'

59 2286 208 2338 inquit,
254 2290 388 2327 “cum
431 2287 654 2327 oculorum
697 2285 954 2326 defixione.’'
1018 2285 1144 2325 Idem
1186 2285 1288 2325 alibi
1330 2285 1512 2338 planius.

60 2362 192 2402 Ratio
232 2362 360 2414 hujus
403 2369 494 2413 est;
538 2363 640 2415 quia
676 2362 750 2414 qui
793 2361 836 2401 in
873 2360 1051 2400 alterius
1088 2373 1163 2400 ora
1199 2373 1327 2400 suurn
1364 2359 1517 2413 defigit

59 2442 295 2488 aspectum,
325 2436 644 2490 impudentiam
681 2434 1002 2488 apertissimam
1038 2433 1256 2474 declarat:
1301 2447 1403 2474 nam
1441 2435 1515 2486 qui

59 2509 244 2549 alterum
275 2516 503 2550 veneratur
534 2525 584 2551 ac
615 2509 729 2559 colit,
751 2509 896 2563 potius
927 2509 1009 2548 sub
1040 2507 1189 2548 oculos
1221 2507 1313 2560 ejus
1345 2514 1515 2561 spectat

60 2584 164 2624 dum
216 2598 316 2624 eum
367 2585 612 2638 alloquitur,
665 2598 797 2637 quam
840 2590 888 2624 ut
929 2583 1079 2624 oculos
1121 2584 1164 2622 in
1207 2583 1354 2623 oculos
1396 2582 1514 2635 figat.

59 2658 243 2707 Deinde,
276 2660 379 2712 quia
414 2659 513 2700 talis
550 2660 729 2700 obtutus
769 2657 986 2712 probabili
1023 2657 1214 2711 periculo
1252 2671 1338 2697 non
1375 2663 1513 2705 vacat,

57 2734 299 2786 praesertim
351 2733 385 2773 si
439 2747 538 2774 cum
590 2732 792 2782 foeminis,
835 2737 879 2772 et
930 2731 1131 2772 formosis
1182 2731 1402 2785 agendum
1445 2731 1512 2770 sit.

57 2807 291 2861 Propterea
314 2807 507 2862 Ephrem
538 2808 580 2848 in
605 2807 763 2850 Consil.
791 2807 846 2847 de
866 2806 972 2848 Vita
997 2805 1105 2860 Spir.
1126 2821 1134 2847 :
1168 2805 1278 2846 “Ad
1302 2805 1514 2847 novitium

663 2895 675 2916 ¹
699 2898 770 2930 Par.
789 2905 817 2938 3.
835 2907 863 2930 c.
880 2904 909 2929 2.
