<?xml version="1.0" encoding="UTF-8"?>
<!DOCTYPE html PUBLIC "-//W3C//DTD XHTML 1.0 Transitional//EN"
    "http://www.w3.org/TR/xhtml1/DTD/xhtml1-transitional.dtd">
<html xmlns="http://www.w3.org/1999/xhtml" xml:lang="en" lang="en">
 <head>
  <title>
</title>
<meta http-equiv="Content-Type" content="text/html;charset=utf-8" />
  <meta name='ocr-system' content='tesseract 3.04.00' />
  <meta name='ocr-capabilities' content='ocr_page ocr_carea ocr_par ocr_line ocrx_word'/>
</head>
<body>
  <div class='ocr_page' id='page_1' title='image "./nicolaiorlandini00orla/nicolaiorlandini00orla_0492.png"; bbox 0 0 1903 3197; ppageno 0'>
   <div class='ocr_carea' id='block_1_1' title="bbox 254 153 1402 220">
    <p class='ocr_par' dir='ltr' id='par_1_1' title="bbox 254 153 1402 220">
     <span class='ocr_line' id='line_1_1' title="bbox 254 153 1402 220; baseline -0.005 -15"><span class='ocrx_word' id='word_1_1' title='bbox 254 172 348 220; x_wconf 89' lang='lat'>472</span> <span class='ocrx_word' id='word_1_2' title='bbox 577 157 656 203; x_wconf 75' lang='lat' dir='ltr'>De</span> <span class='ocrx_word' id='word_1_3' title='bbox 691 156 881 202; x_wconf 64' lang='lat' dir='ltr'>ratione</span> <span class='ocrx_word' id='word_1_4' title='bbox 913 154 1104 201; x_wconf 76' lang='lat' dir='ltr'>vivendi</span> <span class='ocrx_word' id='word_1_5' title='bbox 1138 153 1402 201; x_wconf 70' lang='lat' dir='ltr'>societatis.</span> 
     </span>
    </p>
   </div>
   <div class='ocr_carea' id='block_1_2' title="bbox 254 285 1765 2857">
    <p class='ocr_par' dir='ltr' id='par_1_2' title="bbox 254 285 1745 1451">
     <span class='ocr_line' id='line_1_2' title="bbox 341 285 1732 344; baseline -0.004 -13"><span class='ocrx_word' id='word_1_6' title='bbox 341 291 494 344; x_wconf 81' lang='lat' dir='ltr'><strong>Atque</strong></span> <span class='ocrx_word' id='word_1_7' title='bbox 545 290 640 330; x_wconf 70' lang='lat' dir='ltr'>haec</span> <span class='ocrx_word' id='word_1_8' title='bbox 681 290 736 329; x_wconf 92' lang='lat' dir='ltr'>de</span> <span class='ocrx_word' id='word_1_9' title='bbox 788 289 955 329; x_wconf 86' lang='lat' dir='ltr'>ratione</span> <span class='ocrx_word' id='word_1_10' title='bbox 996 287 1216 341; x_wconf 89' lang='lat' dir='ltr'>temporis.</span> <span class='ocrx_word' id='word_1_11' title='bbox 1303 286 1355 325; x_wconf 88' lang='lat' dir='ltr'>In</span> <span class='ocrx_word' id='word_1_12' title='bbox 1397 285 1504 325; x_wconf 85' lang='lat' dir='ltr'>cibis</span> <span class='ocrx_word' id='word_1_13' title='bbox 1548 298 1732 338; x_wconf 75' lang='lat' dir='ltr'>quoque</span> 
     </span>
     <span class='ocr_line' id='line_1_3' title="bbox 254 360 1722 417; baseline -0.005 -10"><span class='ocrx_word' id='word_1_14' title='bbox 254 372 421 408; x_wconf 91' lang='lat' dir='ltr'>certum</span> <span class='ocrx_word' id='word_1_15' title='bbox 444 364 596 417; x_wconf 89' lang='lat' dir='ltr'>religio</span> <span class='ocrx_word' id='word_1_16' title='bbox 618 363 861 417; x_wconf 79' lang='lat' dir='ltr'>praescribit</span> <span class='ocrx_word' id='word_1_17' title='bbox 882 362 1080 403; x_wconf 76' lang='lat' dir='ltr'>ordinem</span> <span class='ocrx_word' id='word_1_18' title='bbox 1097 360 1338 401; x_wconf 86' lang='lat' dir='ltr'>valetudini</span> <span class='ocrx_word' id='word_1_19' title='bbox 1366 365 1722 400; x_wconf 88' lang='lat' dir='ltr'>consentaneum.</span> 
     </span>
     <span class='ocr_line' id='line_1_4' title="bbox 256 432 1733 490; baseline -0.007 -10"><span class='ocrx_word' id='word_1_20' title='bbox 256 440 379 482; x_wconf 90' lang='lat' dir='ltr'>Ordo</span> <span class='ocrx_word' id='word_1_21' title='bbox 417 444 566 479; x_wconf 86' lang='lat' dir='ltr'>autem</span> <span class='ocrx_word' id='word_1_22' title='bbox 603 437 819 490; x_wconf 87' lang='lat' dir='ltr'>ejusmodi</span> <span class='ocrx_word' id='word_1_23' title='bbox 863 437 905 476; x_wconf 91' lang='lat' dir='ltr'>in</span> <span class='ocrx_word' id='word_1_24' title='bbox 942 436 1079 477; x_wconf 91' lang='lat' dir='ltr'>tribus</span> <span class='ocrx_word' id='word_1_25' title='bbox 1116 435 1244 475; x_wconf 89' lang='lat' dir='ltr'>rebus</span> <span class='ocrx_word' id='word_1_26' title='bbox 1287 433 1468 473; x_wconf 90' lang='lat' dir='ltr'>omnino</span> <span class='ocrx_word' id='word_1_27' title='bbox 1506 432 1696 472; x_wconf 91' lang='lat' dir='ltr'>cernitur</span> <span class='ocrx_word' id='word_1_28' title='bbox 1715 446 1733 472; x_wconf 75' lang='grc' dir='ltr'>ε.</span> 
     </span>
     <span class='ocr_line' id='line_1_5' title="bbox 259 507 1726 571; baseline -0.006 -17"><span class='ocrx_word' id='word_1_29' title='bbox 259 521 314 565; x_wconf 92' lang='lat'>10,</span> <span class='ocrx_word' id='word_1_30' title='bbox 337 515 381 571; x_wconf 81' lang='lat' dir='ltr'>in</span> <span class='ocrx_word' id='word_1_31' title='bbox 417 526 575 566; x_wconf 79' lang='lat' dir='ltr'><strong>genere</strong></span> <span class='ocrx_word' id='word_1_32' title='bbox 612 527 689 553; x_wconf 91' lang='lat' dir='ltr'>seu</span> <span class='ocrx_word' id='word_1_33' title='bbox 726 512 971 552; x_wconf 87' lang='lat' dir='ltr'>substantia</span> <span class='ocrx_word' id='word_1_34' title='bbox 1007 511 1234 559; x_wconf 80' lang='lat' dir='ltr'>ciborum3</span> <span class='ocrx_word' id='word_1_35' title='bbox 1279 514 1336 556; x_wconf 87' lang='lat'>20,</span> <span class='ocrx_word' id='word_1_36' title='bbox 1365 508 1409 547; x_wconf 93' lang='lat' dir='ltr'>in</span> <span class='ocrx_word' id='word_1_37' title='bbox 1447 507 1726 559; x_wconf 83' lang='lat' dir='ltr'>quantitate;</span> 
     </span>
     <span class='ocr_line' id='line_1_6' title="bbox 257 582 1728 640; baseline -0.006 -12"><span class='ocrx_word' id='word_1_38' title='bbox 257 594 313 640; x_wconf 84' lang='lat'>30,</span> <span class='ocrx_word' id='word_1_39' title='bbox 338 589 381 628; x_wconf 90' lang='lat' dir='ltr'>in</span> <span class='ocrx_word' id='word_1_40' title='bbox 403 587 626 640; x_wconf 78' lang='lat' dir='ltr'>qualitate.</span> <span class='ocrx_word' id='word_1_41' title='bbox 681 587 733 626; x_wconf 90' lang='lat' dir='ltr'>In</span> <span class='ocrx_word' id='word_1_42' title='bbox 755 586 1002 626; x_wconf 84' lang='lat' dir='ltr'>substantia</span> <span class='ocrx_word' id='word_1_43' title='bbox 1024 585 1215 637; x_wconf 86' lang='lat' dir='ltr'>quidem,</span> <span class='ocrx_word' id='word_1_44' title='bbox 1231 582 1441 635; x_wconf 84' lang='lat' dir='ltr'>quoniam</span> <span class='ocrx_word' id='word_1_45' title='bbox 1465 593 1728 620; x_wconf 86' lang='lat' dir='ltr'>communes</span> 
     </span>
     <span class='ocr_line' id='line_1_7' title="bbox 254 653 1731 713; baseline -0.007 -11"><span class='ocrx_word' id='word_1_46' title='bbox 254 662 376 703; x_wconf 94' lang='lat' dir='ltr'>cibos</span> <span class='ocrx_word' id='word_1_47' title='bbox 408 661 588 701; x_wconf 78' lang='lat' dir='ltr'>adhibet</span> <span class='ocrx_word' id='word_1_48' title='bbox 620 665 664 700; x_wconf 87' lang='lat' dir='ltr'>et</span> <span class='ocrx_word' id='word_1_49' title='bbox 684 660 897 713; x_wconf 78' lang='lat' dir='ltr'>vulgares,</span> <span class='ocrx_word' id='word_1_50' title='bbox 926 672 1014 699; x_wconf 89' lang='lat' dir='ltr'>non</span> <span class='ocrx_word' id='word_1_51' title='bbox 1046 657 1291 710; x_wconf 82' lang='lat' dir='ltr'>exquisitos</span> <span class='ocrx_word' id='word_1_52' title='bbox 1323 669 1373 695; x_wconf 91' lang='lat' dir='ltr'>ac</span> <span class='ocrx_word' id='word_1_53' title='bbox 1406 654 1648 694; x_wconf 88' lang='lat' dir='ltr'>delicatos:</span> <span class='ocrx_word' id='word_1_54' title='bbox 1679 653 1731 693; x_wconf 88' lang='lat' dir='ltr'>in-</span> 
     </span>
     <span class='ocr_line' id='line_1_8' title="bbox 255 728 1720 790; baseline -0.007 -13"><span class='ocrx_word' id='word_1_55' title='bbox 255 751 344 790; x_wconf 92' lang='lat' dir='ltr'>quo</span> <span class='ocrx_word' id='word_1_56' title='bbox 377 742 419 776; x_wconf 88' lang='lat' dir='ltr'>et</span> <span class='ocrx_word' id='word_1_57' title='bbox 440 735 704 776; x_wconf 87' lang='lat' dir='ltr'>valetudinis</span> <span class='ocrx_word' id='word_1_58' title='bbox 735 735 950 774; x_wconf 87' lang='lat' dir='ltr'>rationem</span> <span class='ocrx_word' id='word_1_59' title='bbox 983 732 1127 781; x_wconf 89' lang='lat' dir='ltr'>habet,</span> <span class='ocrx_word' id='word_1_60' title='bbox 1155 738 1198 772; x_wconf 91' lang='lat' dir='ltr'>et</span> <span class='ocrx_word' id='word_1_61' title='bbox 1230 731 1442 783; x_wconf 75' lang='lat' dir='ltr'>religiosae</span> <span class='ocrx_word' id='word_1_62' title='bbox 1476 728 1720 768; x_wconf 79' lang='lat' dir='ltr'>modestiae.</span> 
     </span>
     <span class='ocr_line' id='line_1_9' title="bbox 255 803 1740 861; baseline -0.004 -11"><span class='ocrx_word' id='word_1_63' title='bbox 255 809 535 851; x_wconf 90' lang='lat' dir='ltr'>Valetudinis</span> <span class='ocrx_word' id='word_1_64' title='bbox 577 809 768 861; x_wconf 91' lang='lat' dir='ltr'>quidem,</span> <span class='ocrx_word' id='word_1_65' title='bbox 811 809 914 860; x_wconf 87' lang='lat' dir='ltr'>quia</span> <span class='ocrx_word' id='word_1_66' title='bbox 964 811 1188 858; x_wconf 89' lang='lat' dir='ltr'>receptum</span> <span class='ocrx_word' id='word_1_67' title='bbox 1240 806 1354 844; x_wconf 87' lang='lat' dir='ltr'>inter</span> <span class='ocrx_word' id='word_1_68' title='bbox 1405 803 1600 843; x_wconf 92' lang='lat' dir='ltr'>medicos</span> <span class='ocrx_word' id='word_1_69' title='bbox 1647 807 1740 850; x_wconf 65' lang='lat' dir='ltr'>est„</span> 
     </span>
     <span class='ocr_line' id='line_1_10' title="bbox 258 877 1723 932; baseline -0.006 -9"><span class='ocrx_word' id='word_1_70' title='bbox 258 882 637 924; x_wconf 88' lang='lat' dir='ltr'>assuefaciendum</span> <span class='ocrx_word' id='word_1_71' title='bbox 681 894 776 920; x_wconf 88' lang='lat' dir='ltr'>esse</span> <span class='ocrx_word' id='word_1_72' title='bbox 813 894 969 932; x_wconf 88' lang='lat' dir='ltr'>corpus</span> <span class='ocrx_word' id='word_1_73' title='bbox 1011 879 1118 918; x_wconf 82' lang='lat' dir='ltr'>cibis</span> <span class='ocrx_word' id='word_1_74' title='bbox 1151 877 1404 930; x_wconf 82' lang='lat' dir='ltr'>vulgaribus</span> <span class='ocrx_word' id='word_1_75' title='bbox 1446 883 1490 916; x_wconf 90' lang='lat' dir='ltr'>et</span> <span class='ocrx_word' id='word_1_76' title='bbox 1527 888 1723 916; x_wconf 89' lang='lat' dir='ltr'>commu-</span> 
     </span>
     <span class='ocr_line' id='line_1_11' title="bbox 257 949 1725 1006; baseline -0.005 -10"><span class='ocrx_word' id='word_1_77' title='bbox 257 958 397 1006; x_wconf 83' lang='lat' dir='ltr'>nibus,</span> <span class='ocrx_word' id='word_1_78' title='bbox 421 962 468 995; x_wconf 92' lang='lat' dir='ltr'>ut</span> <span class='ocrx_word' id='word_1_79' title='bbox 490 956 533 994; x_wconf 91' lang='lat' dir='ltr'>id</span> <span class='ocrx_word' id='word_1_80' title='bbox 567 955 786 994; x_wconf 84' lang='lat' dir='ltr'>robustius</span> <span class='ocrx_word' id='word_1_81' title='bbox 809 953 911 1002; x_wconf 87' lang='lat' dir='ltr'>fiat;</span> <span class='ocrx_word' id='word_1_82' title='bbox 944 952 1108 992; x_wconf 89' lang='lat' dir='ltr'>deliciis</span> <span class='ocrx_word' id='word_1_83' title='bbox 1131 952 1248 991; x_wconf 89' lang='lat' dir='ltr'>enim</span> <span class='ocrx_word' id='word_1_84' title='bbox 1279 951 1472 990; x_wconf 89' lang='lat' dir='ltr'>enervari</span> <span class='ocrx_word' id='word_1_85' title='bbox 1506 949 1725 1001; x_wconf 89' lang='lat' dir='ltr'>molleque</span> 
     </span>
     <span class='ocr_line' id='line_1_12' title="bbox 257 1023 1730 1075; baseline -0.006 -5"><span class='ocrx_word' id='word_1_86' title='bbox 257 1030 391 1071; x_wconf 89' lang='lat' dir='ltr'>reddi.</span> <span class='ocrx_word' id='word_1_87' title='bbox 456 1029 620 1068; x_wconf 84' lang='lat' dir='ltr'>Probat</span> <span class='ocrx_word' id='word_1_88' title='bbox 652 1029 695 1067; x_wconf 89' lang='lat' dir='ltr'>id</span> <span class='ocrx_word' id='word_1_89' title='bbox 731 1027 936 1068; x_wconf 87' lang='lat' dir='ltr'>Clemens</span> <span class='ocrx_word' id='word_1_90' title='bbox 958 1023 1314 1066; x_wconf 79' lang='lat' dir='ltr'>Alexandrinus1</span> <span class='ocrx_word' id='word_1_91' title='bbox 1336 1036 1560 1064; x_wconf 88' lang='lat' dir='ltr'>servorum</span> <span class='ocrx_word' id='word_1_92' title='bbox 1591 1028 1730 1075; x_wconf 86' lang='lat' dir='ltr'>atque</span> 
     </span>
     <span class='ocr_line' id='line_1_13' title="bbox 258 1097 1725 1156; baseline -0.005 -13"><span class='ocrx_word' id='word_1_93' title='bbox 258 1103 548 1156; x_wconf 82' lang='lat' dir='ltr'>agricolarum</span> <span class='ocrx_word' id='word_1_94' title='bbox 582 1102 899 1155; x_wconf 78' lang='lat' dir='ltr'>experimento,</span> <span class='ocrx_word' id='word_1_95' title='bbox 924 1102 998 1154; x_wconf 91' lang='lat' dir='ltr'>qui</span> <span class='ocrx_word' id='word_1_96' title='bbox 1030 1114 1130 1140; x_wconf 89' lang='lat' dir='ltr'>cum</span> <span class='ocrx_word' id='word_1_97' title='bbox 1152 1099 1373 1140; x_wconf 85' lang='lat' dir='ltr'>vilissimis</span> <span class='ocrx_word' id='word_1_98' title='bbox 1404 1103 1583 1138; x_wconf 87' lang='lat' dir='ltr'>utantur</span> <span class='ocrx_word' id='word_1_99' title='bbox 1604 1097 1725 1145; x_wconf 90' lang='lat' dir='ltr'>escis,</span> 
     </span>
     <span class='ocr_line' id='line_1_14' title="bbox 258 1172 1730 1221; baseline -0.005 -4"><span class='ocrx_word' id='word_1_100' title='bbox 258 1183 361 1218; x_wconf 91' lang='lat' dir='ltr'>sunt</span> <span class='ocrx_word' id='word_1_101' title='bbox 389 1183 539 1217; x_wconf 91' lang='lat' dir='ltr'>tamen</span> <span class='ocrx_word' id='word_1_102' title='bbox 577 1176 666 1215; x_wconf 91' lang='lat' dir='ltr'>suis</span> <span class='ocrx_word' id='word_1_103' title='bbox 698 1175 812 1214; x_wconf 89' lang='lat' dir='ltr'>heris</span> <span class='ocrx_word' id='word_1_104' title='bbox 844 1189 895 1215; x_wconf 90' lang='lat' dir='ltr'>ac</span> <span class='ocrx_word' id='word_1_105' title='bbox 924 1174 1116 1214; x_wconf 89' lang='lat' dir='ltr'>dominis</span> <span class='ocrx_word' id='word_1_106' title='bbox 1147 1173 1423 1221; x_wconf 85' lang='lat' dir='ltr'>robustiores,</span> <span class='ocrx_word' id='word_1_107' title='bbox 1458 1172 1653 1211; x_wconf 88' lang='lat' dir='ltr'>saniores</span> <span class='ocrx_word' id='word_1_108' title='bbox 1685 1176 1730 1211; x_wconf 89' lang='lat' dir='ltr'>et</span> 
     </span>
     <span class='ocr_line' id='line_1_15' title="bbox 261 1244 1732 1304; baseline -0.005 -13"><span class='ocrx_word' id='word_1_109' title='bbox 261 1252 572 1304; x_wconf 81' lang='lat' dir='ltr'>generosiores,</span> <span class='ocrx_word' id='word_1_110' title='bbox 620 1250 718 1289; x_wconf 91' lang='lat' dir='ltr'>Imo</span> <span class='ocrx_word' id='word_1_111' title='bbox 742 1255 785 1289; x_wconf 92' lang='lat' dir='ltr'>et</span> <span class='ocrx_word' id='word_1_112' title='bbox 807 1250 919 1288; x_wconf 89' lang='lat' dir='ltr'>inter</span> <span class='ocrx_word' id='word_1_113' title='bbox 940 1248 1110 1288; x_wconf 90' lang='lat' dir='ltr'>nobiles</span> <span class='ocrx_word' id='word_1_114' title='bbox 1132 1247 1269 1295; x_wconf 90' lang='lat' dir='ltr'>multi,</span> <span class='ocrx_word' id='word_1_115' title='bbox 1294 1259 1393 1286; x_wconf 90' lang='lat' dir='ltr'>cum</span> <span class='ocrx_word' id='word_1_116' title='bbox 1416 1245 1588 1298; x_wconf 89' lang='lat' dir='ltr'>possint</span> <span class='ocrx_word' id='word_1_117' title='bbox 1609 1244 1732 1285; x_wconf 93' lang='lat' dir='ltr'>cibos</span> 
     </span>
     <span class='ocr_line' id='line_1_16' title="bbox 262 1319 1745 1377; baseline -0.005 -12"><span class='ocrx_word' id='word_1_118' title='bbox 262 1325 510 1377; x_wconf 81' lang='lat' dir='ltr'>exquisitos</span> <span class='ocrx_word' id='word_1_119' title='bbox 540 1337 590 1363; x_wconf 92' lang='lat' dir='ltr'>ac</span> <span class='ocrx_word' id='word_1_120' title='bbox 618 1323 833 1376; x_wconf 86' lang='lat' dir='ltr'>pretiosos</span> <span class='ocrx_word' id='word_1_121' title='bbox 856 1323 944 1362; x_wconf 92' lang='lat' dir='ltr'>suis</span> <span class='ocrx_word' id='word_1_122' title='bbox 967 1322 1114 1362; x_wconf 90' lang='lat' dir='ltr'>liberis</span> <span class='ocrx_word' id='word_1_123' title='bbox 1135 1321 1355 1368; x_wconf 89' lang='lat' dir='ltr'>adhibere,</span> <span class='ocrx_word' id='word_1_124' title='bbox 1381 1319 1551 1359; x_wconf 90' lang='lat' dir='ltr'>malunt</span> <span class='ocrx_word' id='word_1_125' title='bbox 1583 1325 1745 1359; x_wconf 48' lang='lat' dir='ltr'>tamen&lt;</span> 
     </span>
     <span class='ocr_line' id='line_1_17' title="bbox 266 1393 1729 1451; baseline -0.003 -12"><span class='ocrx_word' id='word_1_126' title='bbox 266 1413 341 1440; x_wconf 92' lang='lat' dir='ltr'>eos</span> <span class='ocrx_word' id='word_1_127' title='bbox 363 1398 617 1451; x_wconf 85' lang='lat' dir='ltr'>vulgaribus</span> <span class='ocrx_word' id='word_1_128' title='bbox 640 1403 684 1437; x_wconf 90' lang='lat' dir='ltr'>et</span> <span class='ocrx_word' id='word_1_129' title='bbox 705 1397 1013 1437; x_wconf 90' lang='lat' dir='ltr'>communibus</span> <span class='ocrx_word' id='word_1_130' title='bbox 1030 1396 1155 1445; x_wconf 89' lang='lat' dir='ltr'>alere,</span> <span class='ocrx_word' id='word_1_131' title='bbox 1175 1402 1223 1436; x_wconf 89' lang='lat' dir='ltr'>ut</span> <span class='ocrx_word' id='word_1_132' title='bbox 1241 1395 1506 1435; x_wconf 87' lang='lat' dir='ltr'>robustiores</span> <span class='ocrx_word' id='word_1_133' title='bbox 1529 1393 1729 1434; x_wconf 85' lang='lat' dir='ltr'>evadant.</span> 
     </span>
    </p>

    <p class='ocr_par' dir='ltr' id='par_1_3' title="bbox 264 1466 1765 2857">
     <span class='ocr_line' id='line_1_18' title="bbox 353 1466 1750 1523; baseline -0.003 -11"><span class='ocrx_word' id='word_1_134' title='bbox 353 1472 588 1512; x_wconf 75' lang='lat' dir='ltr'>Modestiae</span> <span class='ocrx_word' id='word_1_135' title='bbox 617 1477 765 1511; x_wconf 91' lang='lat' dir='ltr'>autem</span> <span class='ocrx_word' id='word_1_136' title='bbox 795 1470 1008 1523; x_wconf 77' lang='lat' dir='ltr'>religiosae</span> <span class='ocrx_word' id='word_1_137' title='bbox 1037 1470 1251 1509; x_wconf 85' lang='lat' dir='ltr'>rationem</span> <span class='ocrx_word' id='word_1_138' title='bbox 1280 1468 1417 1508; x_wconf 91' lang='lat' dir='ltr'>habet</span> <span class='ocrx_word' id='word_1_139' title='bbox 1443 1468 1538 1520; x_wconf 91' lang='lat' dir='ltr'>ipsa</span> <span class='ocrx_word' id='word_1_140' title='bbox 1567 1466 1750 1519; x_wconf 87' lang='lat' dir='ltr'>religio,.</span> 
     </span>
     <span class='ocr_line' id='line_1_19' title="bbox 264 1542 1736 1600; baseline -0.005 -14"><span class='ocrx_word' id='word_1_141' title='bbox 264 1547 368 1600; x_wconf 85' lang='lat' dir='ltr'>quia</span> <span class='ocrx_word' id='word_1_142' title='bbox 410 1545 634 1597; x_wconf 90' lang='lat' dir='ltr'>religiosos</span> <span class='ocrx_word' id='word_1_143' title='bbox 676 1545 805 1584; x_wconf 91' lang='lat' dir='ltr'>docet</span> <span class='ocrx_word' id='word_1_144' title='bbox 841 1544 1062 1597; x_wconf 87' lang='lat' dir='ltr'>aspernari</span> <span class='ocrx_word' id='word_1_145' title='bbox 1105 1542 1296 1590; x_wconf 84' lang='lat' dir='ltr'>delicias,</span> <span class='ocrx_word' id='word_1_146' title='bbox 1332 1547 1375 1581; x_wconf 93' lang='lat' dir='ltr'>et</span> <span class='ocrx_word' id='word_1_147' title='bbox 1408 1554 1600 1594; x_wconf 84' lang='lat' dir='ltr'>paupere</span> <span class='ocrx_word' id='word_1_148' title='bbox 1643 1553 1736 1580; x_wconf 91' lang='lat' dir='ltr'>non</span> 
     </span>
     <span class='ocr_line' id='line_1_20' title="bbox 264 1615 1736 1676; baseline -0.005 -15"><span class='ocrx_word' id='word_1_149' title='bbox 264 1621 460 1676; x_wconf 91' lang='lat' dir='ltr'>pretioso</span> <span class='ocrx_word' id='word_1_150' title='bbox 488 1620 605 1660; x_wconf 87' lang='lat' dir='ltr'>victu</span> <span class='ocrx_word' id='word_1_151' title='bbox 638 1618 856 1667; x_wconf 87' lang='lat' dir='ltr'>delectari,</span> <span class='ocrx_word' id='word_1_152' title='bbox 886 1631 985 1658; x_wconf 90' lang='lat' dir='ltr'>cum</span> <span class='ocrx_word' id='word_1_153' title='bbox 1020 1622 1327 1670; x_wconf 84' lang='lat' dir='ltr'>paupertatem</span> <span class='ocrx_word' id='word_1_154' title='bbox 1361 1615 1660 1668; x_wconf 88' lang='lat' dir='ltr'>profiteantur,</span> <span class='ocrx_word' id='word_1_155' title='bbox 1692 1619 1736 1655; x_wconf 92' lang='lat' dir='ltr'>et</span> 
     </span>
     <span class='ocr_line' id='line_1_21' title="bbox 266 1685 1754 1738; baseline -0.005 -3"><span class='ocrx_word' id='word_1_156' title='bbox 266 1708 440 1736; x_wconf 89' lang='lat' dir='ltr'>crucem</span> <span class='ocrx_word' id='word_1_157' title='bbox 477 1693 639 1734; x_wconf 86' lang='lat' dir='ltr'>Christi</span> <span class='ocrx_word' id='word_1_158' title='bbox 681 1692 791 1732; x_wconf 86' lang='lat' dir='ltr'>ferre</span> <span class='ocrx_word' id='word_1_159' title='bbox 828 1692 1094 1731; x_wconf 85' lang='lat' dir='ltr'>condiscant.</span> <span class='ocrx_word' id='word_1_160' title='bbox 1157 1688 1369 1738; x_wconf 73' lang='lat' dir='ltr'>“Decet,&#39;’</span> <span class='ocrx_word' id='word_1_161' title='bbox 1404 1685 1754 1728; x_wconf 72' lang='lat' dir='ltr'>Bonaventura2v</span> 
     </span>
     <span class='ocr_line' id='line_1_22' title="bbox 266 1761 1735 1822; baseline -0.006 -12"><span class='ocrx_word' id='word_1_162' title='bbox 266 1770 421 1822; x_wconf 88' lang='lat' dir='ltr'>inquit,</span> <span class='ocrx_word' id='word_1_163' title='bbox 445 1771 558 1808; x_wconf 86' lang='lat' dir='ltr'>“vas</span> <span class='ocrx_word' id='word_1_164' title='bbox 587 1766 754 1806; x_wconf 89' lang='lat' dir='ltr'>coelesti</span> <span class='ocrx_word' id='word_1_165' title='bbox 785 1765 938 1818; x_wconf 81' lang='lat' dir='ltr'>gratiae</span> <span class='ocrx_word' id='word_1_166' title='bbox 972 1764 1271 1817; x_wconf 89' lang='lat' dir='ltr'>mancipatum</span> <span class='ocrx_word' id='word_1_167' title='bbox 1294 1777 1320 1803; x_wconf 91' lang='lat' dir='ltr'>a</span> <span class='ocrx_word' id='word_1_168' title='bbox 1342 1762 1488 1803; x_wconf 74' lang='lat' dir='ltr'>saeculi</span> <span class='ocrx_word' id='word_1_169' title='bbox 1521 1761 1735 1802; x_wconf 87' lang='lat' dir='ltr'>illecebris</span> 
     </span>
     <span class='ocr_line' id='line_1_23' title="bbox 268 1835 1736 1892; baseline -0.007 -8"><span class='ocrx_word' id='word_1_170' title='bbox 268 1840 523 1884; x_wconf 79' lang='lat' dir='ltr'>abstinere.”</span> <span class='ocrx_word' id='word_1_171' title='bbox 580 1841 808 1892; x_wconf 85' lang='lat' dir='ltr'>Idemque,</span> <span class='ocrx_word' id='word_1_172' title='bbox 833 1837 1018 1891; x_wconf 75' lang='lat' dir='ltr'>“Quam</span> <span class='ocrx_word' id='word_1_173' title='bbox 1049 1843 1178 1890; x_wconf 90' lang='lat' dir='ltr'>turpe</span> <span class='ocrx_word' id='word_1_174' title='bbox 1209 1835 1298 1886; x_wconf 87' lang='lat' dir='ltr'>sit,&#39;&#39;</span> <span class='ocrx_word' id='word_1_175' title='bbox 1322 1836 1473 1889; x_wconf 85' lang='lat' dir='ltr'>inquit,</span> <span class='ocrx_word' id='word_1_176' title='bbox 1498 1835 1736 1888; x_wconf 88' lang='lat' dir='ltr'>“pauperi-</span> 
     </span>
     <span class='ocr_line' id='line_1_24' title="bbox 268 1909 1737 1965; baseline -0.006 -8"><span class='ocrx_word' id='word_1_177' title='bbox 268 1918 351 1958; x_wconf 92' lang='lat' dir='ltr'>bus</span> <span class='ocrx_word' id='word_1_178' title='bbox 380 1914 633 1956; x_wconf 90' lang='lat' dir='ltr'>hominibus</span> <span class='ocrx_word' id='word_1_179' title='bbox 665 1913 827 1954; x_wconf 88' lang='lat' dir='ltr'>cibaria</span> <span class='ocrx_word' id='word_1_180' title='bbox 856 1925 1051 1965; x_wconf 81' lang='lat' dir='ltr'>quaerere</span> <span class='ocrx_word' id='word_1_181' title='bbox 1082 1911 1279 1958; x_wconf 89' lang='lat' dir='ltr'>lautiora,</span> <span class='ocrx_word' id='word_1_182' title='bbox 1303 1916 1379 1950; x_wconf 88' lang='lat' dir='ltr'>aut</span> <span class='ocrx_word' id='word_1_183' title='bbox 1407 1909 1621 1962; x_wconf 89' lang='lat' dir='ltr'>appositis</span> <span class='ocrx_word' id='word_1_184' title='bbox 1650 1921 1737 1949; x_wconf 91' lang='lat' dir='ltr'>non</span> 
     </span>
     <span class='ocr_line' id='line_1_25' title="bbox 270 1984 1740 2041; baseline -0.007 -8"><span class='ocrx_word' id='word_1_185' title='bbox 270 2006 366 2033; x_wconf 88' lang='lat' dir='ltr'>esse</span> <span class='ocrx_word' id='word_1_186' title='bbox 389 1995 631 2039; x_wconf 87' lang='lat' dir='ltr'>contentos,</span> <span class='ocrx_word' id='word_1_187' title='bbox 650 1989 748 2041; x_wconf 92' lang='lat' dir='ltr'>quis</span> <span class='ocrx_word' id='word_1_188' title='bbox 773 2000 893 2027; x_wconf 64' lang='lat' dir='ltr'>sanae</span> <span class='ocrx_word' id='word_1_189' title='bbox 919 1987 1078 2026; x_wconf 90' lang='lat' dir='ltr'>mentis</span> <span class='ocrx_word' id='word_1_190' title='bbox 1101 1987 1272 2038; x_wconf 91' lang='lat' dir='ltr'>ignorat</span> <span class='ocrx_word' id='word_1_191' title='bbox 1288 1984 1302 2024; x_wconf 90' lang='lat'>?</span> <span class='ocrx_word' id='word_1_192' title='bbox 1318 1984 1337 1999; x_wconf 88' lang='lat'>&#39;&#39;</span> <span class='ocrx_word' id='word_1_193' title='bbox 1382 1984 1599 2036; x_wconf 77' lang='lat' dir='ltr'>Quocirca</span> <span class='ocrx_word' id='word_1_194' title='bbox 1624 1988 1740 2024; x_wconf 87' lang='lat' dir='ltr'>recte</span> 
     </span>
     <span class='ocr_line' id='line_1_26' title="bbox 270 2056 1758 2120; baseline -0.007 -14"><span class='ocrx_word' id='word_1_195' title='bbox 270 2065 535 2120; x_wconf 79' lang='lat' dir='ltr'>praecipiunt</span> <span class='ocrx_word' id='word_1_196' title='bbox 577 2061 782 2115; x_wconf 88' lang='lat' dir='ltr'>spiritalis</span> <span class='ocrx_word' id='word_1_197' title='bbox 815 2061 917 2101; x_wconf 75' lang='lat' dir='ltr'>vitae</span> <span class='ocrx_word' id='word_1_198' title='bbox 960 2060 1168 2112; x_wconf 89' lang='lat' dir='ltr'>magistri,</span> <span class='ocrx_word' id='word_1_199' title='bbox 1204 2064 1252 2098; x_wconf 93' lang='lat' dir='ltr'>ut</span> <span class='ocrx_word' id='word_1_200' title='bbox 1293 2058 1344 2098; x_wconf 89' lang='lat' dir='ltr'>iis</span> <span class='ocrx_word' id='word_1_201' title='bbox 1389 2057 1580 2109; x_wconf 84' lang='lat' dir='ltr'>religiosi</span> <span class='ocrx_word' id='word_1_202' title='bbox 1632 2056 1758 2096; x_wconf 89' lang='lat' dir='ltr'>cibis.</span> 
     </span>
     <span class='ocr_line' id='line_1_27' title="bbox 272 2130 1740 2190; baseline -0.006 -10"><span class='ocrx_word' id='word_1_203' title='bbox 272 2145 462 2187; x_wconf 87' lang='lat' dir='ltr'>utantur,</span> <span class='ocrx_word' id='word_1_204' title='bbox 488 2138 562 2190; x_wconf 89' lang='lat' dir='ltr'>qui</span> <span class='ocrx_word' id='word_1_205' title='bbox 584 2136 692 2177; x_wconf 92' lang='lat' dir='ltr'>viles</span> <span class='ocrx_word' id='word_1_206' title='bbox 714 2149 764 2175; x_wconf 88' lang='lat' dir='ltr'>ac</span> <span class='ocrx_word' id='word_1_207' title='bbox 785 2134 1002 2188; x_wconf 87' lang='lat' dir='ltr'>parabiles</span> <span class='ocrx_word' id='word_1_208' title='bbox 1024 2134 1120 2174; x_wconf 87' lang='lat' dir='ltr'>sint.</span> <span class='ocrx_word' id='word_1_209' title='bbox 1185 2132 1398 2172; x_wconf 85' lang='lat' dir='ltr'>Basilius:</span> <span class='ocrx_word' id='word_1_210' title='bbox 1423 2130 1740 2183; x_wconf 75' lang='lat' dir='ltr'>“Quicumque</span> 
     </span>
     <span class='ocr_line' id='line_1_28' title="bbox 273 2204 1741 2260; baseline -0.006 -8"><span class='ocrx_word' id='word_1_211' title='bbox 273 2213 397 2253; x_wconf 91' lang='lat' dir='ltr'>cibus</span> <span class='ocrx_word' id='word_1_212' title='bbox 444 2212 614 2251; x_wconf 87' lang='lat' dir='ltr'>minore</span> <span class='ocrx_word' id='word_1_213' title='bbox 662 2223 742 2249; x_wconf 89' lang='lat' dir='ltr'>nos</span> <span class='ocrx_word' id='word_1_214' title='bbox 788 2214 966 2260; x_wconf 89' lang='lat' dir='ltr'>sumptu</span> <span class='ocrx_word' id='word_1_215' title='bbox 1010 2221 1033 2247; x_wconf 89' lang='lat' dir='ltr'>c</span> <span class='ocrx_word' id='word_1_216' title='bbox 1074 2207 1334 2247; x_wconf 89' lang='lat' dir='ltr'>necessitate</span> <span class='ocrx_word' id='word_1_217' title='bbox 1384 2204 1550 2253; x_wconf 89' lang='lat' dir='ltr'>liberat,</span> <span class='ocrx_word' id='word_1_218' title='bbox 1594 2204 1630 2243; x_wconf 92' lang='lat' dir='ltr'>is</span> <span class='ocrx_word' id='word_1_219' title='bbox 1674 2208 1741 2243; x_wconf 85' lang='lat' dir='ltr'>est</span> 
     </span>
     <span class='ocr_line' id='line_1_29' title="bbox 274 2276 1741 2337; baseline -0.006 -12"><span class='ocrx_word' id='word_1_220' title='bbox 274 2284 581 2337; x_wconf 89' lang='lat' dir='ltr'>usurpandus:</span> <span class='ocrx_word' id='word_1_221' title='bbox 636 2283 830 2323; x_wconf 89' lang='lat' dir='ltr'>ostendit</span> <span class='ocrx_word' id='word_1_222' title='bbox 866 2287 1013 2322; x_wconf 88' lang='lat' dir='ltr'>autem</span> <span class='ocrx_word' id='word_1_223' title='bbox 1056 2280 1139 2320; x_wconf 90' lang='lat' dir='ltr'>hoc</span> <span class='ocrx_word' id='word_1_224' title='bbox 1180 2285 1224 2319; x_wconf 90' lang='lat' dir='ltr'>et</span> <span class='ocrx_word' id='word_1_225' title='bbox 1265 2280 1358 2332; x_wconf 92' lang='lat' dir='ltr'>ipse</span> <span class='ocrx_word' id='word_1_226' title='bbox 1401 2278 1632 2326; x_wconf 90' lang='lat' dir='ltr'>Dominus,</span> <span class='ocrx_word' id='word_1_227' title='bbox 1667 2276 1741 2317; x_wconf 89' lang='lat' dir='ltr'>ubi</span> 
     </span>
     <span class='ocr_line' id='line_1_30' title="bbox 272 2351 1761 2412; baseline -0.005 -12"><span class='ocrx_word' id='word_1_228' title='bbox 272 2360 506 2412; x_wconf 87' lang='lat' dir='ltr'>fatigatam</span> <span class='ocrx_word' id='word_1_229' title='bbox 558 2357 710 2410; x_wconf 88' lang='lat' dir='ltr'>populi</span> <span class='ocrx_word' id='word_1_230' title='bbox 762 2355 1102 2403; x_wconf 87' lang='lat' dir='ltr'>multitudinem,</span> <span class='ocrx_word' id='word_1_231' title='bbox 1145 2367 1200 2393; x_wconf 90' lang='lat' dir='ltr'>ne</span> <span class='ocrx_word' id='word_1_232' title='bbox 1241 2353 1284 2392; x_wconf 91' lang='lat' dir='ltr'>in</span> <span class='ocrx_word' id='word_1_233' title='bbox 1331 2353 1483 2393; x_wconf 89' lang='lat' dir='ltr'>itinere</span> <span class='ocrx_word' id='word_1_234' title='bbox 1524 2351 1761 2399; x_wconf 84' lang='lat' dir='ltr'>deficeret,.</span> 
     </span>
     <span class='ocr_line' id='line_1_31' title="bbox 275 2425 1743 2482; baseline -0.006 -9"><span class='ocrx_word' id='word_1_235' title='bbox 275 2433 525 2480; x_wconf 87' lang='lat' dir='ltr'>refectione,</span> <span class='ocrx_word' id='word_1_236' title='bbox 549 2431 660 2471; x_wconf 89' lang='lat' dir='ltr'>sicut</span> <span class='ocrx_word' id='word_1_237' title='bbox 691 2430 901 2482; x_wconf 89' lang='lat' dir='ltr'>scriptum</span> <span class='ocrx_word' id='word_1_238' title='bbox 935 2433 1011 2477; x_wconf 89' lang='lat' dir='ltr'>est,</span> <span class='ocrx_word' id='word_1_239' title='bbox 1036 2427 1238 2480; x_wconf 83' lang='lat' dir='ltr'>excepit:</span> <span class='ocrx_word' id='word_1_240' title='bbox 1276 2439 1375 2466; x_wconf 89' lang='lat' dir='ltr'>cum</span> <span class='ocrx_word' id='word_1_241' title='bbox 1408 2426 1524 2466; x_wconf 89' lang='lat' dir='ltr'>enim</span> <span class='ocrx_word' id='word_1_242' title='bbox 1556 2425 1743 2464; x_wconf 88' lang='lat' dir='ltr'>miracu·</span> 
     </span>
     <span class='ocr_line' id='line_1_32' title="bbox 273 2501 1742 2554; baseline -0.007 -6"><span class='ocrx_word' id='word_1_243' title='bbox 273 2507 415 2548; x_wconf 89' lang='lat' dir='ltr'>losam</span> <span class='ocrx_word' id='word_1_244' title='bbox 439 2519 537 2546; x_wconf 88' lang='lat' dir='ltr'>eam</span> <span class='ocrx_word' id='word_1_245' title='bbox 567 2505 848 2545; x_wconf 89' lang='lat' dir='ltr'>refectionem</span> <span class='ocrx_word' id='word_1_246' title='bbox 879 2503 922 2542; x_wconf 92' lang='lat' dir='ltr'>in</span> <span class='ocrx_word' id='word_1_247' title='bbox 951 2501 1185 2542; x_wconf 90' lang='lat' dir='ltr'>solitudine</span> <span class='ocrx_word' id='word_1_248' title='bbox 1213 2506 1363 2554; x_wconf 90' lang='lat' dir='ltr'>posset</span> <span class='ocrx_word' id='word_1_249' title='bbox 1384 2505 1742 2552; x_wconf 86' lang='lat' dir='ltr'>sumptuosorum</span> 
     </span>
     <span class='ocr_line' id='line_1_33' title="bbox 278 2572 1746 2631; baseline -0.007 -9"><span class='ocrx_word' id='word_1_250' title='bbox 278 2581 524 2623; x_wconf 89' lang='lat' dir='ltr'>eduliorum</span> <span class='ocrx_word' id='word_1_251' title='bbox 549 2578 876 2631; x_wconf 83' lang='lat' dir='ltr'>excogitatione</span> <span class='ocrx_word' id='word_1_252' title='bbox 899 2576 1149 2623; x_wconf 83' lang='lat' dir='ltr'>extendere,</span> <span class='ocrx_word' id='word_1_253' title='bbox 1169 2581 1212 2615; x_wconf 92' lang='lat' dir='ltr'>et</span> <span class='ocrx_word' id='word_1_254' title='bbox 1229 2574 1526 2627; x_wconf 88' lang='lat' dir='ltr'>augustiorem</span> <span class='ocrx_word' id='word_1_255' title='bbox 1549 2572 1746 2620; x_wconf 76' lang='lat' dir='ltr'>reddere,</span> 
     </span>
     <span class='ocr_line' id='line_1_34' title="bbox 278 2645 1765 2704; baseline -0.005 -7"><span class='ocrx_word' id='word_1_256' title='bbox 278 2655 392 2697; x_wconf 87' lang='lat' dir='ltr'>adeo</span> <span class='ocrx_word' id='word_1_257' title='bbox 428 2655 619 2696; x_wconf 91' lang='lat' dir='ltr'>tenuiter</span> <span class='ocrx_word' id='word_1_258' title='bbox 655 2666 728 2693; x_wconf 91' lang='lat' dir='ltr'>eos</span> <span class='ocrx_word' id='word_1_259' title='bbox 766 2658 809 2692; x_wconf 92' lang='lat' dir='ltr'>et</span> <span class='ocrx_word' id='word_1_260' title='bbox 843 2651 1078 2704; x_wconf 85' lang='lat' dir='ltr'>frugaliter,</span> <span class='ocrx_word' id='word_1_261' title='bbox 1109 2649 1272 2702; x_wconf 87' lang='lat' dir='ltr'>rejecto</span> <span class='ocrx_word' id='word_1_262' title='bbox 1308 2648 1540 2702; x_wconf 90' lang='lat' dir='ltr'>superfluo,</span> <span class='ocrx_word' id='word_1_263' title='bbox 1572 2645 1765 2696; x_wconf 78' lang='lat' dir='ltr'>cibavit„</span> 
     </span>
     <span class='ocr_line' id='line_1_35' title="bbox 278 2721 1747 2783; baseline -0.007 -12"><span class='ocrx_word' id='word_1_264' title='bbox 278 2737 328 2771; x_wconf 87' lang='lat' dir='ltr'>ut</span> <span class='ocrx_word' id='word_1_265' title='bbox 369 2743 506 2783; x_wconf 88' lang='lat' dir='ltr'>panes</span> <span class='ocrx_word' id='word_1_266' title='bbox 547 2727 814 2769; x_wconf 90' lang='lat' dir='ltr'>hordeaceos</span> <span class='ocrx_word' id='word_1_267' title='bbox 863 2731 906 2766; x_wconf 89' lang='lat' dir='ltr'>et</span> <span class='ocrx_word' id='word_1_268' title='bbox 952 2730 1122 2778; x_wconf 88' lang='lat' dir='ltr'>partem</span> <span class='ocrx_word' id='word_1_269' title='bbox 1164 2724 1294 2777; x_wconf 89' lang='lat' dir='ltr'>piscis</span> <span class='ocrx_word' id='word_1_270' title='bbox 1335 2723 1438 2776; x_wconf 89' lang='lat' dir='ltr'>pani</span> <span class='ocrx_word' id='word_1_271' title='bbox 1490 2721 1747 2774; x_wconf 88' lang='lat' dir='ltr'>adjunctam</span> 
     </span>
     <span class='ocr_line' id='line_1_36' title="bbox 276 2800 613 2857; baseline -0.003 -13"><span class='ocrx_word' id='word_1_272' title='bbox 276 2800 613 2857; x_wconf 77' lang='lat' dir='ltr'>proposuerit.’&#39;3</span> 
     </span>
    </p>
   </div>
   <div class='ocr_carea' id='block_1_3' title="bbox 306 2893 1726 2940">
    <p class='ocr_par' dir='ltr' id='par_1_4' title="bbox 306 2893 1726 2940">
     <span class='ocr_line' id='line_1_37' title="bbox 306 2893 1726 2940; baseline -0.007 -7"><span class='ocrx_word' id='word_1_273' title='bbox 306 2899 319 2920; x_wconf 77' lang='lat'>¹</span> <span class='ocrx_word' id='word_1_274' title='bbox 336 2901 375 2932; x_wconf 92' lang='lat' dir='ltr'>L.</span> <span class='ocrx_word' id='word_1_275' title='bbox 391 2909 420 2933; x_wconf 90' lang='lat'>2.</span> <span class='ocrx_word' id='word_1_276' title='bbox 438 2900 526 2933; x_wconf 80' lang='lat' dir='ltr'>Paed.</span> <span class='ocrx_word' id='word_1_277' title='bbox 542 2910 569 2932; x_wconf 85' lang='lat' dir='ltr'>c.</span> <span class='ocrx_word' id='word_1_278' title='bbox 580 2909 606 2931; x_wconf 93' lang='lat'>1.</span> <span class='ocrx_word' id='word_1_279' title='bbox 688 2897 702 2917; x_wconf 75' lang='lat'><strong>²</strong></span> <span class='ocrx_word' id='word_1_280' title='bbox 722 2899 815 2940; x_wconf 88' lang='lat' dir='ltr'>Spec.</span> <span class='ocrx_word' id='word_1_281' title='bbox 831 2896 970 2939; x_wconf 84' lang='lat' dir='ltr'>Discipl.</span> <span class='ocrx_word' id='word_1_282' title='bbox 985 2907 1018 2938; x_wconf 87' lang='lat' dir='ltr'>p.</span> <span class='ocrx_word' id='word_1_283' title='bbox 1034 2905 1064 2937; x_wconf 94' lang='lat'>4.</span> <span class='ocrx_word' id='word_1_284' title='bbox 1081 2906 1107 2928; x_wconf 96' lang='lat' dir='ltr'>c.</span> <span class='ocrx_word' id='word_1_285' title='bbox 1123 2895 1153 2928; x_wconf 87' lang='lat'>6.</span> <span class='ocrx_word' id='word_1_286' title='bbox 1168 2899 1206 2928; x_wconf 84' lang='lat' dir='ltr'>tr.</span> <span class='ocrx_word' id='word_1_287' title='bbox 1222 2903 1252 2936; x_wconf 90' lang='lat'>9.</span> <span class='ocrx_word' id='word_1_288' title='bbox 1331 2894 1344 2913; x_wconf 77' lang='lat'>3</span> <span class='ocrx_word' id='word_1_289' title='bbox 1362 2895 1403 2926; x_wconf 88' lang='lat' dir='ltr'>In</span> <span class='ocrx_word' id='word_1_290' title='bbox 1416 2893 1580 2932; x_wconf 67' lang='lat' dir='ltr'>Ascefico,</span> <span class='ocrx_word' id='word_1_291' title='bbox 1595 2902 1666 2934; x_wconf 86' lang='lat' dir='ltr'>cap.</span> <span class='ocrx_word' id='word_1_292' title='bbox 1677 2899 1726 2932; x_wconf 88' lang='lat'>19.</span> 
     </span>
    </p>
   </div>
  </div>
 </body>
</html>
