1903 3197
657 180 738 226 De
773 181 1018 228 castitate.
1474 197 1536 241 34
1543 194 1566 241 5

107 315 322 354 servanda
352 318 419 354 est
455 313 672 353 munditia
702 313 927 361 castitatis,
955 314 990 352 si
1026 314 1141 353 enim
1175 314 1246 366 pie
1278 315 1454 367 spiritus
1485 315 1569 356 sub

109 388 207 427 Deo
248 388 468 440 premitur,
507 400 606 426 caro
648 385 797 425 illicite
834 399 964 438 super
1004 387 1203 438 spiritum
1247 401 1333 427 non
1377 388 1572 438 levatur;

106 461 241 502 habet
277 462 440 514 quippe
481 461 656 513 spiritus
698 460 981 499 commissum
1019 460 1099 499 sibi
1137 461 1380 501 dominium
1418 463 1571 511 carnis,

105 536 140 575 si
183 541 332 575 tamen
374 534 455 575 sub
497 535 595 574 Deo
636 535 907 586 recognoscit
955 533 1054 585 jura
1089 533 1299 586 legitimae
1341 536 1570 577 servitutis.

106 609 224 649 Nam
256 609 291 648 si
323 614 545 648 auctorem
578 621 705 647 suum
738 607 1031 660 superbiendo
1064 609 1316 657 contemnit,
1342 608 1438 660 jure
1471 616 1514 649 et
1546 624 1571 650 a

105 683 305 734 subjecta
336 694 464 721 carne
496 681 698 733 proelium
729 680 945 733 suscipit.''
1000 681 1059 720 Et
1077 682 1140 721 “si
1173 681 1434 734 plerumque
1455 683 1571 722 virus

106 757 297 797 libidinis
328 756 384 795 de
415 756 560 796 radice
593 756 785 796 nascitur
816 756 1028 803 elationis,
1058 762 1163 796 tunc
1194 770 1295 796 caro
1326 757 1441 804 vicit,
1470 770 1569 796 cum

106 832 282 884 spiritus
304 830 490 870 latenter
522 831 740 870 intumuit.
801 830 902 882 Jam
934 836 1039 870 tunc
1071 830 1219 870 anima
1250 844 1328 882 per
1358 831 1570 883 originem

106 903 247 957 culpae
298 905 340 943 in
392 903 682 956 petulantiam
734 904 1035 956 jumentorum
1088 905 1257 953 cecidit,
1306 918 1406 944 cum
1449 905 1572 945 effer-

107 979 221 1018 endo
272 992 328 1027 se,
373 991 493 1017 more
538 978 776 1025 volucrum,
820 978 931 1018 ultra
978 992 1111 1030 quam
1164 978 1327 1027 debuit,
1372 979 1570 1020 evolavit.

111 1052 243 1091 Hinc
265 1057 331 1091 est
368 1053 496 1101 enim,
526 1053 645 1104 quod
688 1051 819 1104 longa
857 1053 1126 1092 continentia
1167 1059 1346 1104 repente
1380 1053 1573 1101 solvitur,

106 1125 208 1166 hinc
259 1126 376 1178 quod
429 1126 686 1178 plerumque
737 1132 780 1165 et
832 1139 970 1178 usque
1022 1126 1077 1166 ad
1130 1127 1299 1166 senium
1346 1127 1573 1179 virginitas

105 1205 276 1240 servata
312 1200 499 1239 vitiatur.
563 1199 677 1251 Quia
720 1200 836 1239 enim
880 1200 1114 1252 negligitur
1149 1199 1375 1240 humilitas
1417 1201 1573 1247 cordis,

107 1280 249 1313 rectus
277 1273 418 1325 judex
456 1273 642 1325 despicit
678 1273 977 1325 integritatem
1008 1273 1259 1326 CO1·p01-is.‘'1
1324 1275 1492 1314 Idcirco
1527 1275 1574 1322 is,

107 1361 238 1400 quem
271 1353 401 1386 antea
433 1347 667 1395 nominavi,
693 1347 940 1387 Climacus:
968 1350 987 1366 ‘⁴
1006 1347 1225 1395 Praestat,’'
1259 1349 1410 1400 inquit,
1438 1352 1573 1388 “cum

107 1421 410 1473 inquinatione
451 1422 603 1468 carnis,
643 1434 776 1472 quam
824 1435 923 1460 cum
972 1421 1162 1460 elatione
1204 1423 1375 1469 mentis,
1411 1422 1575 1461 habere

107 1494 395 1534 conflictum.''
459 1495 524 1549 Et
557 1495 602 1534 B.
632 1494 756 1534 Isaac
797 1494 933 1547 Syrus
968 1494 1084 1543 dicit,
1113 1495 1232 1547 prius
1266 1495 1443 1535 solitum
1482 1509 1577 1535 esse

108 1567 333 1608 diabolum
366 1569 546 1621 aggredi
580 1568 881 1621 religiosorum
915 1575 1085 1608 mentes
1114 1582 1264 1609 amore
1295 1569 1576 1609 coenodoxia}

110 1648 242 1696 atque
294 1643 521 1695 superbiae,
565 1643 724 1682 deinde
767 1643 827 1682 eis
869 1656 1093 1682 occurrere
1145 1644 1289 1696 specie
1331 1643 1576 1696 habituque

111 1716 417 1757 fornicationis.
519 1716 675 1756 Altera
731 1723 797 1756 est
850 1716 1090 1769 Augustini
1145 1718 1267 1766 ratio,
1322 1718 1424 1769 quia
1481 1719 1576 1770 ipsa

112 1791 393 1832 continentiae
434 1790 528 1830 laus
570 1791 785 1843 superbiae
829 1797 952 1843 patet
994 1791 1171 1839 insidiis,
1214 1804 1313 1830 cum
1363 1804 1575 1843 magnum

110 1864 335 1917 quoddam
358 1864 704 1916 praeclarumque
727 1865 782 1903 sit
804 1865 978 1903 bonum.
1045 1865 1189 1904 “Ideo
1220 1864 1396 1912 audeo‚’'
1421 1865 1573 1916 inquit,

110 1939 290 1978 “dicere
327 1938 524 1990 superbis
561 1938 885 1977 continentibus
929 1938 1110 1990 expedit
1152 1938 1317 1987 cadere,
1353 1945 1399 1978 ut
1439 1940 1480 1978 in
1524 1952 1576 1978 eo

111 2012 218 2064 ipso,
242 2013 283 2051 in
307 2025 394 2063 quo
416 2026 462 2051 se
485 2011 717 2060 extollunt,
740 2010 1081 2051 Immilientur.”2
1128 2012 1237 2052 “Da
1259 2012 1400 2060 mihi‚''
1421 2013 1575 2064 inquit,

107 2085 425 2138 “profitentem
482 2092 741 2138 perpetuam
795 2086 1123 2135 continentiam,
1172 2086 1272 2125 huic
1323 2087 1573 2139 superbiam

109 2161 256 2208 timeo,
309 2159 410 2199 huic
460 2165 552 2199 tam
620 2173 783 2212 magno
846 2160 963 2199 bono
1027 2174 1084 2199 ex
1151 2160 1351 2200 elationis
1404 2167 1577 2201 tumore

109 2234 308 2275 formido.
382 2233 483 2286 Quo
526 2234 666 2286 magis
707 2234 820 2274 inest
857 2235 972 2274 unde
1009 2234 1092 2274 sibi
1134 2234 1317 2287 placeat,
1349 2249 1400 2274 eo
1437 2236 1579 2288 magis

109 2321 261 2348 vereor
306 2321 372 2356 ne,
412 2307 493 2347 sibi
544 2307 770 2360 placendo,
822 2307 882 2347 illi
941 2308 1171 2360 displiceat
1215 2309 1289 2361 qui
1344 2308 1579 2361 ‘Superbis

109 2382 280 2430 resistit,
312 2380 549 2421 humilibus
590 2388 738 2421 autem
781 2381 859 2422 dat
891 2381 1156 2434 gratiam.”’3
1220 2382 1463 2423 Confirmat
1495 2382 1579 2423 hoc

110 2454 370 2495 Cassianus:
413 2456 566 2496 “Sunt
600 2456 817 2507 quidam,''
861 2456 1014 2508 inquit,
1051 2457 1245 2508 “quibus
1287 2471 1386 2496 cum
1429 2457 1578 2509 aliqua

110 2528 323 2580 particula
357 2528 571 2568 castitatis
605 2529 806 2578 arriserit,
844 2531 1053 2569 continuo
1090 2530 1132 2569 in
1171 2531 1449 2570 conscientiae
1488 2544 1578 2570 suae

109 2602 298 2649 secretis,
359 2602 551 2653 quadam
609 2601 798 2642 elatione
855 2603 1073 2643 subtiliter
1129 2603 1349 2651 illabente,
1402 2604 1578 2643 sibimet

108 2674 453 2716 blandiuntur.”4
514 2676 639 2715 Idem
670 2677 901 2717 confirmat
930 2677 996 2717 his
1023 2678 1166 2717 verbis
1198 2678 1444 2718 Climacus:
1480 2677 1578 2717 “Et

110 2747 326 2801 quide1n,''
351 2750 503 2801 inquit,
528 2751 607 2788 “in
633 2751 797 2790 somnis
827 2752 1032 2804 quaedam
1063 2752 1238 2791 emissio
1268 2751 1445 2790 seminis
1478 2763 1577 2802 quae

286 2861 298 2880 ¹
324 2863 442 2893 Moral.
464 2863 485 2894 l.
506 2862 558 2894 26.
578 2874 605 2894 c.
629 2869 677 2903 17.
929 2864 942 2883 2
968 2866 1036 2897 Ser.
1057 2871 1107 2904 53.
1127 2865 1169 2896 de
1180 2864 1280 2895 Verb.
1302 2865 1407 2895 Dom.

368 2912 381 2932 '⁵
405 2914 459 2946 De
484 2914 593 2946 Sanct.
609 2915 738 2956 Virgin.
759 2926 785 2947 c.
807 2924 858 2956 34.
994 2916 1008 2934 ⁴
1032 2916 1117 2947 Con.
1142 2924 1190 2956 13.
1211 2926 1239 2947 c.
1265 2915 1313 2946 16.
