1903 3197
454 171 534 216 De
564 170 858 216 Necessitate
894 171 939 216 C
935 171 1322 218 onslz‘lutz'onum.
1594 186 1620 231 3

151 301 464 351 “Confidens,”
487 303 639 355 inquit,
664 302 786 342 “hoc
817 303 974 355 ipsum,
1007 303 1111 355 quia
1144 304 1218 355 qui
1251 305 1387 356 coepit
1418 304 1461 343 in
1494 304 1621 344 nobis

151 392 261 431 opus
293 378 469 424 bonum,
493 376 689 429 perficiet
711 390 849 429 usque
875 377 917 416 in
940 377 1059 416 diem
1085 376 1245 417 Christi
1268 377 1409 429 Jesu.''
1475 377 1623 419 Simil-

151 452 280 491 limus
304 451 617 492 Constitutioni
640 456 801 490 nostrae
825 450 955 491 locus.

241 526 504 574 Secundum,
539 525 657 577 quod
699 525 753 564 ad
798 525 1177 565 conservationem
1217 531 1260 565 et
1302 525 1619 566 incrementum

154 600 387 642 Societatis
408 600 534 648 valet,
559 606 626 639 est
659 599 733 639 leX
763 599 924 639 amoris
952 606 995 639 et
1024 598 1261 647 charitatis,
1282 613 1369 651 qua
1391 601 1622 652 unusquis—

150 689 235 727 que
266 674 461 726 privatus
493 674 548 713 ad
578 673 790 713 virtutem
825 674 1197 725 sanctitatemque
1234 673 1439 726 progredi
1476 673 1620 723 debet,

150 748 265 788 unde
296 747 432 787 oritur
453 747 620 786 bonum
646 746 782 786 totius
808 746 1053 787 Societatis.
1119 747 1251 787 Hanc
1283 753 1431 787 autem
1461 747 1622 787 amoris

149 822 292 874 legem
334 821 431 874 plus
474 821 528 861 ad
572 821 615 860 id
659 820 803 860 valere
846 820 1065 873 significat
1108 826 1257 861 noster
1309 821 1448 869 Pater,
1487 835 1620 873 quam

149 895 367 948 quaslibet
388 895 727 935 constitutiones
751 901 794 934 et
818 895 990 946 regulas
1009 909 1017 944 ;
1054 894 1187 946 idque
1209 895 1347 934 tribus
1371 895 1426 934 de
1449 896 1600 935 causis.

243 975 295 1017 10,
348 968 465 1021 Quia
513 968 587 1008 lex
631 968 793 1008 amoris
836 967 910 1007 lex
958 974 1023 1007 est
1073 968 1262 1020 Spiritus
1297 968 1476 1009 Sancti:
1519 969 1622 1021 quia

149 1048 198 1082 ut
226 1043 332 1082 dicit
364 1040 554 1091 Paulus,1
578 1046 703 1081 “non
736 1042 859 1081 dedit
889 1042 1017 1081 nobis
1049 1042 1171 1082 Deus
1204 1042 1404 1095 spiritum
1440 1043 1620 1092 timoris,

150 1116 227 1156 sed
249 1116 420 1156 virtutis
452 1121 495 1156 et
519 1114 765 1155 dilectionis
786 1114 817 1165 ;''
852 1121 895 1155 et
918 1115 1018 1155 ideo
1041 1116 1200 1155 dicitur
1222 1116 1265 1155 in
1291 1115 1622 1157 Constitutione

152 1194 316 1242 “quam
340 1189 528 1230 Sanctus
553 1188 742 1241 Spiritus
761 1189 982 1237 scribere,”
1002 1195 1093 1237 etc„
1114 1190 1451 1230 constitutiones
1473 1197 1621 1230 autem

150 1270 252 1304 sunt
294 1263 412 1315 leges
464 1262 703 1302 hominum.
789 1262 899 1314 Quis
942 1268 1090 1302 autem
1142 1264 1307 1303 nesciat
1350 1263 1492 1316 legem
1536 1264 1621 1304 Dei

149 1338 330 1390 ejusque
353 1336 504 1378 Sancti
539 1335 728 1388 Spiritus
752 1335 848 1388 plus
871 1336 1016 1375 valere
1049 1350 1184 1388 quam
1218 1337 1337 1389 leges
1369 1337 1621 1378 humanas?

150 1412 345 1451 “Beatus
367 1408 537 1459 homo‚''
563 1410 709 1450 David
733 1408 906 1462 inquit,‘2
926 1414 1087 1462 “quem
1106 1416 1153 1450 tu
1178 1410 1398 1459 erudieris,
1416 1411 1620 1460 Domine,

149 1491 193 1526 et
213 1485 269 1525 de
292 1485 389 1537 lege
411 1490 488 1524 tua
511 1484 709 1525 docueris
733 1483 869 1524 eum.”
929 1484 1130 1537 Opponit
1154 1484 1286 1537 igitur
1308 1485 1450 1537 primo
1472 1491 1621 1525 noster

150 1561 278 1600 Pater
319 1559 461 1611 legem
498 1557 689 1599 Sanctus
733 1558 921 1610 Spiritus
954 1558 1354 1605 constitutionibus,
1385 1572 1484 1610 quae
1517 1566 1620 1599 sunt

149 1633 268 1686 leges
299 1632 515 1672 humanae.

207 1714 264 1756 20,
285 1707 402 1759 Quia
423 1707 496 1746 lex
516 1707 675 1746 amoris
700 1706 772 1746 lex
795 1713 861 1746 est
884 1707 1053 1746 interna
1072 1721 1080 1747 ;
1111 1707 1446 1747 constitutiones
1470 1714 1618 1749 autem

149 1787 381 1830 externae3
433 1786 478 1820 at
523 1779 622 1832 plus
663 1780 820 1819 virium
863 1780 997 1821 habet
1039 1780 1095 1820 ad
1138 1781 1359 1833 agendum
1412 1781 1455 1821 id
1499 1783 1617 1834 quod

150 1855 329 1895 interius
371 1860 448 1902 est,
492 1867 624 1905 quam
668 1854 786 1906 quod
831 1860 896 1893 est
937 1854 1229 1894 adventitium
1273 1861 1316 1895 et
1369 1862 1615 1896 externum.

151 1927 299 1981 Quare
332 1932 498 1979 quanto
530 1933 743 1979 praestant
775 1927 978 1966 inanimis
1021 1927 1228 1975 animata,
1265 1934 1391 1968 tanto
1433 1935 1618 1981 praestat

151 2003 223 2042 lex
246 2001 407 2041 amoris
429 2001 598 2040 interna
621 2000 816 2040 externis
846 2001 1235 2041 constitutionibus
1259 2007 1301 2042 et
1323 2003 1500 2043 statutis
1522 2017 1529 2043 :
1568 2010 1618 2044 ut

150 2076 265 2115 enim
301 2088 399 2127 quae
433 2074 620 2126 praedita
662 2079 765 2113 sunt
800 2075 948 2113 anima
990 2075 1253 2127 principium
1297 2082 1442 2116 motus
1485 2077 1528 2116 in
1569 2091 1617 2118 se

149 2149 253 2202 ipsis
296 2148 461 2189 habent
499 2153 542 2188 et
580 2161 638 2187 ex
675 2161 770 2188 sese
812 2154 1055 2197 moventur,
1094 2149 1290 2189 inanima
1326 2163 1429 2190 vero
1471 2150 1616 2191 alieno

150 2230 272 2263 motu
307 2222 503 2263 cientur:
551 2222 613 2261 sic
646 2222 719 2274 qui
758 2222 855 2274 lege
889 2223 1108 2262 ducuntur
1143 2223 1304 2263 amoris
1346 2230 1504 2276 sponte
1537 2238 1616 2266 sua

151 2303 382 2338 moventur
411 2296 467 2337 ad
499 2295 693 2346 bonum3
725 2296 799 2348 qui
828 2296 925 2348 lege
956 2296 1161 2345 humana,
1184 2297 1226 2337 vi
1258 2297 1406 2350 potius
1428 2303 1472 2338 et
1494 2304 1615 2339 metu

151 2371 375 2425 quodam;
428 2369 614 2423 ideoque
657 2369 730 2410 lex
772 2369 967 2410 humana
1018 2370 1091 2411 lex
1134 2376 1201 2411 est
1242 2371 1423 2420 timoris,
1468 2373 1615 2414 divina

150 2452 298 2487 autem
340 2444 530 2495 amoris;
578 2450 624 2485 et
659 2445 868 2497 quoniam
907 2445 1052 2497 justus
1094 2458 1243 2486 amore
1291 2446 1438 2499 potius
1481 2460 1615 2499 quam

150 2522 307 2562 timore
341 2520 522 2569 ducitur,
549 2519 710 2560 idcirco
737 2519 857 2572 justo
890 2517 1071 2559 dicitur3
1103 2533 1190 2560 non
1222 2533 1317 2560 esse
1348 2519 1423 2560 lex
1455 2521 1614 2573 posita,

150 2595 253 2648 quia
283 2594 401 2647 quod
436 2594 558 2646 impii
593 2599 727 2646 atque
758 2593 906 2646 injusti
939 2593 1097 2634 timore
1130 2593 1238 2646 legis
1273 2593 1397 2634 inviti
1435 2593 1612 2645 faciunt,

151 2668 195 2709 id
233 2668 377 2720 justus
418 2672 576 2721 sponte
609 2667 784 2720 Deique
820 2681 968 2707 amore
1005 2666 1118 2707 facit.
1195 2666 1448 2720 Opponitur
1480 2668 1614 2720 igitur

149 2743 342 2783 secundo
373 2743 417 2782 in
445 2742 527 2783 hac
555 2741 883 2783 Constitutione
916 2741 990 2781 lex
1023 2741 1194 2782 interna
1226 2741 1613 2784 constitutionibus

151 2817 356 2858 externis.

305 2895 317 2915 ¹
342 2905 362 2927 2
378 2897 464 2929 Tim.
490 2906 515 2928 1.
717 2895 730 2915 2
754 2898 807 2929 Ps.
825 2906 878 2938 93.
1080 2895 1094 2916 3
1120 2905 1133 2928 1
1154 2897 1240 2929 Tim.
1266 2904 1292 2927 1.
1343 2897 1406 2927 Ro.
1428 2902 1457 2935 7.

325 2957 352 2988 B
385 2960 408 2988 2
