1903 3197
410 81 666 128 Patientia
701 80 909 142 exemplo
947 79 996 126 S.
1014 80 1116 143 Job
1152 79 1450 126 assmncmz'a.
1572 83 1666 139 569

197 217 379 265 somnia,
434 214 581 267 qualia
637 213 827 267 graviter
880 213 1197 266 {egrotantibus
1248 213 1446 253 accidere
1497 211 1640 253 solent
1658 225 1668 263 ;

195 289 258 331 ita
300 297 347 329 ut
397 302 478 329 nec
521 287 707 341 vigilans
757 299 837 326 nec
880 285 1102 326 dormiens
1155 287 1419 327 levationem
1472 286 1667 339 aliquam

195 362 390 403 invenire
412 375 582 415 queam.
647 361 707 401 Et
732 373 824 413 cap.
851 370 932 410 30:
965 360 1211 400 “Interiora
1243 373 1343 399 mea
1375 358 1670 400 efferbuerunt

197 437 364 490 absque
385 435 475 476 ulla
496 434 679 488 requie.”
731 433 996 474 Vehementi
1020 433 1136 473 enim
1160 428 1490 486 oppugnatione
1513 432 1670 472 defati-

196 516 452 565 gatus-erat,
477 515 524 550 ut
556 510 617 549 ait
650 508 1004 560 Chrysostomus,
1029 521 1109 547 nec
1132 506 1218 547 ulla
1241 512 1333 547 erat
1356 508 1393 547 ei
1425 506 1669 560 respirandi

196 584 391 625 facultas.
457 583 672 635 Perpetua
713 581 846 633 igitur
886 586 979 621 erat
1021 587 1064 620 et
1106 580 1336 620 continens
1378 581 1442 620 vis
1492 580 1667 628 doloris,

198 658 399 700 assiduus
417 656 642 703 cruciatus,
659 660 708 695 ut
730 668 818 694 non
836 655 928 694 sine
951 667 1082 696 causa
1105 659 1291 693 mortem
1316 653 1397 693 sibi
1422 653 1672 705 frequenter

197 737 334 784 optet,
357 736 404 770 ut
426 743 518 783 cap.
543 739 578 781 7.
615 730 636 749 “
653 727 990 781 Quamobrem,⁷’
1015 728 1165 780 inquit,
1191 726 1359 780 “elegit
1382 727 1670 780 suspendium

201 805 351 845 anima
383 817 493 853 mea,
518 810 561 843 et
590 808 777 843 mortem
802 816 901 842 ossa
923 800 1071 851 mea;''
1095 807 1143 841 ut
1170 815 1270 854 quae
1300 801 1464 841 nullam
1498 807 1669 854 partem

200 878 361 931 quietis
392 877 555 918 habere
586 882 792 931 poterant
824 889 903 916 nec
925 876 1093 916 diurnae
1123 888 1265 926 neque
1296 881 1531 915 nocturnae.
1597 875 1671 914 Ex

200 952 270 992 his
312 953 446 1004 igitur
482 956 670 1005 quatuor
709 950 922 1004 perpendi
963 955 1112 1003 potest
1152 950 1345 1002 gravitas
1388 950 1540 998 morbi,
1585 962 1673 1001 quo

195 1026 343 1078 justus
374 1025 445 1066 hic
476 1025 776 1079 affligebatur:
818 1025 895 1064 sed
927 1023 1047 1064 nulla
1078 1024 1316 1077 reperietur
1346 1025 1498 1073 oratio,
1529 1029 1577 1063 ut
1610 1024 1673 1063 ait

203 1100 561 1154 Chrysostomus,
599 1112 698 1151 quae
736 1098 908 1138 illorum
946 1097 1139 1138 ulcerum
1181 1099 1460 1139 atrocitatem
1501 1097 1674 1137 vulner-

202 1186 366 1227 umque
401 1173 685 1214 acerbitatem
723 1173 930 1224 consequi
973 1172 1122 1224 possit.
1206 1172 1385 1211 Etenim
1429 1172 1485 1211 ad
1527 1171 1673 1223 plagae

205 1248 570 1300 magnitudinem,
600 1252 647 1287 ut
679 1246 795 1286 idem
829 1246 902 1295 ait,
935 1245 1246 1286 declarandam
1281 1247 1387 1285 satis
1421 1246 1488 1294 sit,
1521 1250 1674 1285 aucto-

203 1334 307 1369 rem,
363 1321 437 1373 qui
489 1320 608 1360 illam
662 1319 834 1368 inflixit,
883 1319 1065 1372 ejusque
1116 1319 1392 1358 effroenatam
1446 1318 1673 1358 libidinem

200 1395 488 1448 perspexisse.

294 1470 350 1511 II.
408 1468 496 1510 Sed
520 1468 575 1508 de
597 1469 638 1508 vi
663 1482 711 1508 ac
734 1473 890 1507 natura
913 1467 1052 1506 morbi
1076 1466 1192 1506 satis.
1219 1466 1431 1506 Dicamus
1454 1466 1675 1518 deinceps,

206 1550 254 1584 ut
276 1544 551 1597 propositum
576 1548 678 1591 erat,
703 1542 758 1581 de
781 1541 831 1580 iis
854 1554 953 1593 quae
976 1540 1131 1580 morbo
1158 1540 1365 1580 levationi
1389 1553 1483 1580 esse
1506 1539 1676 1580 solent:

208 1632 318 1670 quae,
342 1624 389 1658 ut
412 1617 607 1657 diximus
637 1616 679 1655 in
702 1615 789 1667 Job
812 1614 1059 1655 desiderata
1081 1620 1182 1654 sunt
1205 1614 1362 1653 onmia.
1428 1614 1495 1654 Ea
1527 1620 1677 1653 autem

207 1692 296 1732 sere
333 1697 435 1731 sunt
477 1696 690 1743 quatuor:
744 1695 807 1728 1¹³¹.
842 1687 1113 1728 domicilium
1153 1693 1195 1727 et
1232 1687 1406 1727 salubre
1443 1687 1677 1728 conclave:

209 1772 277 1805 2¹¹¹.
333 1765 475 1805 cultus
525 1764 798 1816 vestitusque
850 1762 986 1802 ratio:
1041 1768 1108 1812 3¹¹¹.
1151 1762 1291 1802 victus
1344 1767 1388 1801 ct
1440 1761 1677 1802 alimenta:

208 1846 279 1891 4¹⁷³.
301 1839 456 1879 solatia
478 1837 752 1892 aegritudinis
774 1851 824 1877 ac
847 1837 1044 1877 tristitiae.
1081 1835 1205 1888 Quae,
1229 1836 1422 1888 inquam,
1446 1837 1538 1876 viro
1556 1836 1679 1889 justo

208 1914 440 1954 abfuerunt
473 1913 631 1953 omnia.
696 1912 848 1953 Caruit
877 1911 992 1951 enim
1016 1910 1222 1959 conclavi,
1248 1911 1350 1963 quia
1384 1924 1437 1950 ne
1469 1910 1678 1963 pusillum

208 1988 386 2041 quidem
423 1989 460 2028 ei
498 1992 664 2027 tectum
698 1986 888 2026 dabatur
919 1986 973 2025 ad
1004 1985 1222 2034 solatium,
1257 1990 1303 2025 ut
1334 1984 1680 2037 Chrysostomus

207 2063 279 2112 ait,
318 2063 394 2103 sed
437 2061 726 2116 pernoctabat
768 2061 848 2101 sub
890 2050 973 2100 dio'.
1038 2060 1310 2112 Depravatio
1353 2060 1468 2099 enim
1520 2058 1594 2099 illa
1636 2063 1682 2099 et

210 2138 388 2178 foeditas
440 2137 676 2190 turpificati
728 2136 931 2189 corporis,
981 2140 1028 2174 ut
1082 2133 1396 2187 Polychronius
1449 2134 1682 2187 episcopus

208 2212 367 2261 scribit,
408 2212 584 2252 civitate
622 2210 811 2263 ejectum
849 2210 951 2250 foris
989 2208 1234 2249 collocarat.
1299 2208 1417 2249 Nam
1461 2209 1535 2261 qui
1579 2221 1681 2248 con-

210 2287 388 2339 tagione
410 2287 542 2339 leprae
569 2285 761 2338 corrupti
792 2289 926 2332 erant,
958 2297 981 2323 e
1010 2289 1268 2324 caeterorum
1299 2283 1500 2323 convictu
1531 2288 1682 2323 extru-

210 2361 438 2401 debantur.
523 2359 826 2413 Apollinarius
868 2358 994 2398 affert
1035 2358 1168 2398 etiam
1211 2357 1342 2397 aliam
1377 2370 1567 2406 causam,
1605 2369 1682 2396 cur

212 2440 340 2474 extra
382 2434 565 2474 domum
609 2447 746 2482 suam,
789 2433 878 2472 imo
921 2438 1048 2472 extra
1091 2431 1241 2472 urbem
1285 2431 1366 2471 sub
1407 2432 1482 2471 dio
1531 2434 1682 2483 ageret

213 2513 389 2547 sanctus
412 2507 520 2558 Job:
554 2508 668 2560 quia,
694 2520 793 2546 cum
817 2507 1017 2555 invisum,
1041 2506 1193 2558 inquit,
1216 2519 1262 2545 se
1285 2505 1451 2545 cunctis
1473 2505 1681 2552 crederet,

212 2580 496 2620 solitudinem
534 2580 698 2634 delegit
736 2581 892 2620 sedens
930 2580 973 2619 in
1011 2579 1313 2632 sterquilini03
1347 2578 1465 2630 quod
1504 2578 1546 2616 in
1580 2590 1682 2616 oon-

213 2660 366 2708 spectu
389 2654 509 2694 urbis
532 2660 636 2694 erat.
701 2654 1045 2706 Chrysostomus
1068 2653 1212 2693 adhuc
1234 2652 1364 2692 aliam
1390 2658 1433 2691 et
1456 2651 1681 2691 meliorem

213 2728 338 2768 affert
358 2743 365 2768 :
401 2728 490 2769 Cur
512 2729 592 2768 sub
614 2728 719 2768 dio?
752 2728 920 2780 inquit3
955 2741 1009 2767 ne
1032 2728 1177 2768 odoris
1199 2726 1414 2779 gravitate
1445 2729 1682 2765 necaretur.

216 2801 348 2854 Quod
382 2801 579 2855 profecto
602 2801 842 2851 accidisset,
867 2803 900 2841 si
931 2802 973 2841 in
1002 2800 1182 2854 aliquod
1212 2799 1462 2841 cubiculum
1496 2797 1686 2838 inclusus
