<?xml version="1.0" encoding="UTF-8"?>
<!DOCTYPE html PUBLIC "-//W3C//DTD XHTML 1.0 Transitional//EN"
    "http://www.w3.org/TR/xhtml1/DTD/xhtml1-transitional.dtd">
<html xmlns="http://www.w3.org/1999/xhtml" xml:lang="en" lang="en">
 <head>
  <title>
</title>
<meta http-equiv="Content-Type" content="text/html;charset=utf-8" />
  <meta name='ocr-system' content='tesseract 3.04.00' />
  <meta name='ocr-capabilities' content='ocr_page ocr_carea ocr_par ocr_line ocrx_word'/>
</head>
<body>
  <div class='ocr_page' id='page_1' title='image "./nicolaiorlandini00orla/nicolaiorlandini00orla_0614.png"; bbox 0 0 1903 3197; ppageno 0'>
   <div class='ocr_carea' id='block_1_1' title="bbox 279 221 1420 282">
    <p class='ocr_par' dir='ltr' id='par_1_1' title="bbox 279 221 1420 282">
     <span class='ocr_line' id='line_1_1' title="bbox 279 221 1420 282; baseline -0.011 0"><span class='ocrx_word' id='word_1_1' title='bbox 279 234 374 282; x_wconf 85' lang='lat'>594</span> <span class='ocrx_word' id='word_1_2' title='bbox 600 221 680 268; x_wconf 78' lang='lat' dir='ltr'>De</span> <span class='ocrx_word' id='word_1_3' title='bbox 712 221 902 268; x_wconf 76' lang='lat' dir='ltr'>ratione</span> <span class='ocrx_word' id='word_1_4' title='bbox 935 222 1129 270; x_wconf 73' lang='lat' dir='ltr'>vivendi</span> <span class='ocrx_word' id='word_1_5' title='bbox 1162 222 1420 271; x_wconf 69' lang='lat' dir='ltr'>societatis.</span> 
     </span>
    </p>
   </div>
   <div class='ocr_carea' id='block_1_2' title="bbox 274 355 1740 862">
    <p class='ocr_par' dir='ltr' id='par_1_2' title="bbox 274 355 1740 862">
     <span class='ocr_line' id='line_1_2' title="bbox 277 355 1739 412; baseline 0.003 -17"><span class='ocrx_word' id='word_1_6' title='bbox 277 355 411 396; x_wconf 89' lang='lat' dir='ltr'>etiarn</span> <span class='ocrx_word' id='word_1_7' title='bbox 448 355 482 395; x_wconf 90' lang='lat' dir='ltr'>si</span> <span class='ocrx_word' id='word_1_8' title='bbox 525 355 630 395; x_wconf 90' lang='lat' dir='ltr'>nihil</span> <span class='ocrx_word' id='word_1_9' title='bbox 672 357 790 397; x_wconf 87' lang='lat' dir='ltr'>aliud</span> <span class='ocrx_word' id='word_1_10' title='bbox 837 358 1093 412; x_wconf 81' lang='lat' dir='ltr'>singillatim</span> <span class='ocrx_word' id='word_1_11' title='bbox 1134 358 1455 411; x_wconf 66' lang='lat' dir='ltr'><strong>praeciperetur.</strong></span> <span class='ocrx_word' id='word_1_12' title='bbox 1548 359 1616 399; x_wconf 90' lang='lat' dir='ltr'>De</span> <span class='ocrx_word' id='word_1_13' title='bbox 1656 359 1739 400; x_wconf 86' lang='lat' dir='ltr'>hac</span> 
     </span>
     <span class='ocr_line' id='line_1_3' title="bbox 276 432 1739 486; baseline 0.003 -17"><span class='ocrx_word' id='word_1_14' title='bbox 276 436 477 470; x_wconf 89' lang='lat' dir='ltr'>motuum</span> <span class='ocrx_word' id='word_1_15' title='bbox 511 432 840 484; x_wconf 79' lang='lat' dir='ltr'>compositione,</span> <span class='ocrx_word' id='word_1_16' title='bbox 866 447 918 474; x_wconf 88' lang='lat' dir='ltr'>ac</span> <span class='ocrx_word' id='word_1_17' title='bbox 946 434 1102 474; x_wconf 88' lang='lat' dir='ltr'>decore</span> <span class='ocrx_word' id='word_1_18' title='bbox 1136 434 1180 473; x_wconf 88' lang='lat' dir='ltr'>in</span> <span class='ocrx_word' id='word_1_19' title='bbox 1214 447 1298 486; x_wconf 86' lang='lat' dir='ltr'>reg.</span> <span class='ocrx_word' id='word_1_20' title='bbox 1323 433 1438 473; x_wconf 84' lang='lat' dir='ltr'>dixit</span> <span class='ocrx_word' id='word_1_21' title='bbox 1460 432 1739 486; x_wconf 82' lang='lat' dir='ltr'>Augustinus</span> 
     </span>
     <span class='ocr_line' id='line_1_4' title="bbox 277 508 1739 561; baseline 0.002 -15"><span class='ocrx_word' id='word_1_22' title='bbox 277 518 313 558; x_wconf 87' lang='lat'>3.</span> <span class='ocrx_word' id='word_1_23' title='bbox 337 521 421 560; x_wconf 87' lang='lat' dir='ltr'>reg.</span> <span class='ocrx_word' id='word_1_24' title='bbox 487 508 570 547; x_wconf 87' lang='lat' dir='ltr'>“In</span> <span class='ocrx_word' id='word_1_25' title='bbox 593 510 797 550; x_wconf 90' lang='lat' dir='ltr'>omnibus</span> <span class='ocrx_word' id='word_1_26' title='bbox 824 511 1016 551; x_wconf 87' lang='lat' dir='ltr'>motibus</span> <span class='ocrx_word' id='word_1_27' title='bbox 1037 510 1192 550; x_wconf 84' lang='lat' dir='ltr'>vestris</span> <span class='ocrx_word' id='word_1_28' title='bbox 1214 509 1321 549; x_wconf 86' lang='lat' dir='ltr'>nihil</span> <span class='ocrx_word' id='word_1_29' title='bbox 1342 508 1430 557; x_wconf 89' lang='lat' dir='ltr'>fiat,</span> <span class='ocrx_word' id='word_1_30' title='bbox 1456 509 1574 561; x_wconf 87' lang='lat' dir='ltr'>quod</span> <span class='ocrx_word' id='word_1_31' title='bbox 1597 509 1739 561; x_wconf 90' lang='lat' dir='ltr'>cujus-</span> 
     </span>
     <span class='ocr_line' id='line_1_5' title="bbox 276 583 1740 638; baseline 0.002 -17"><span class='ocrx_word' id='word_1_32' title='bbox 276 595 410 634; x_wconf 83' lang='lat' dir='ltr'>quam</span> <span class='ocrx_word' id='word_1_33' title='bbox 467 583 663 624; x_wconf 81' lang='lat' dir='ltr'>offendat</span> <span class='ocrx_word' id='word_1_34' title='bbox 725 585 987 638; x_wconf 88' lang='lat' dir='ltr'>aspectum.‘&#39;</span> <span class='ocrx_word' id='word_1_35' title='bbox 1050 584 1318 637; x_wconf 75' lang='lat' dir='ltr'>Quanquam</span> <span class='ocrx_word' id='word_1_36' title='bbox 1380 589 1528 623; x_wconf 89' lang='lat' dir='ltr'>autem</span> <span class='ocrx_word' id='word_1_37' title='bbox 1593 590 1740 624; x_wconf 88' lang='lat' dir='ltr'>motus</span> 
     </span>
     <span class='ocr_line' id='line_1_6' title="bbox 275 657 1739 713; baseline 0.001 -17"><span class='ocrx_word' id='word_1_38' title='bbox 275 657 469 710; x_wconf 87' lang='lat' dir='ltr'>corporis</span> <span class='ocrx_word' id='word_1_39' title='bbox 506 664 572 698; x_wconf 90' lang='lat' dir='ltr'>est</span> <span class='ocrx_word' id='word_1_40' title='bbox 607 673 633 699; x_wconf 89' lang='lat' dir='ltr'>a</span> <span class='ocrx_word' id='word_1_41' title='bbox 670 666 835 709; x_wconf 88' lang='lat' dir='ltr'>natura,</span> <span class='ocrx_word' id='word_1_42' title='bbox 875 668 923 701; x_wconf 88' lang='lat' dir='ltr'>ut</span> <span class='ocrx_word' id='word_1_43' title='bbox 959 660 1189 713; x_wconf 81' lang='lat' dir='ltr'>disciplina</span> <span class='ocrx_word' id='word_1_44' title='bbox 1226 673 1313 699; x_wconf 89' lang='lat' dir='ltr'>non</span> <span class='ocrx_word' id='word_1_45' title='bbox 1350 659 1552 698; x_wconf 86' lang='lat' dir='ltr'>videatur</span> <span class='ocrx_word' id='word_1_46' title='bbox 1585 671 1739 710; x_wconf 83' lang='lat' dir='ltr'>egere:</span> 
     </span>
     <span class='ocr_line' id='line_1_7' title="bbox 275 733 1740 788; baseline 0.001 -17"><span class='ocrx_word' id='word_1_47' title='bbox 275 736 426 772; x_wconf 87' lang='lat' dir='ltr'>tamen</span> <span class='ocrx_word' id='word_1_48' title='bbox 461 734 669 785; x_wconf 85' lang='lat' dir='ltr'>quoniam</span> <span class='ocrx_word' id='word_1_49' title='bbox 705 748 790 774; x_wconf 92' lang='lat' dir='ltr'>non</span> <span class='ocrx_word' id='word_1_50' title='bbox 826 735 974 775; x_wconf 87' lang='lat' dir='ltr'>omnia</span> <span class='ocrx_word' id='word_1_51' title='bbox 1003 750 1101 788; x_wconf 75' lang='lat' dir='ltr'>quae</span> <span class='ocrx_word' id='word_1_52' title='bbox 1136 750 1161 775; x_wconf 89' lang='lat' dir='ltr'>a</span> <span class='ocrx_word' id='word_1_53' title='bbox 1195 740 1350 774; x_wconf 89' lang='lat' dir='ltr'>natura</span> <span class='ocrx_word' id='word_1_54' title='bbox 1384 739 1495 780; x_wconf 87' lang='lat' dir='ltr'>sunt,</span> <span class='ocrx_word' id='word_1_55' title='bbox 1530 733 1740 773; x_wconf 88' lang='lat' dir='ltr'>continuo</span> 
     </span>
     <span class='ocr_line' id='line_1_8' title="bbox 274 805 1740 862; baseline 0.001 -17"><span class='ocrx_word' id='word_1_56' title='bbox 274 805 470 859; x_wconf 88' lang='lat' dir='ltr'>perfecta</span> <span class='ocrx_word' id='word_1_57' title='bbox 503 813 637 860; x_wconf 89' lang='lat' dir='ltr'>atque</span> <span class='ocrx_word' id='word_1_58' title='bbox 673 809 876 850; x_wconf 84' lang='lat' dir='ltr'>absoluta</span> <span class='ocrx_word' id='word_1_59' title='bbox 917 816 1028 859; x_wconf 87' lang='lat' dir='ltr'>sunt,</span> <span class='ocrx_word' id='word_1_60' title='bbox 1066 809 1143 849; x_wconf 91' lang='lat' dir='ltr'>sed</span> <span class='ocrx_word' id='word_1_61' title='bbox 1180 808 1488 862; x_wconf 79' lang='lat' dir='ltr'>progrediente</span> <span class='ocrx_word' id='word_1_62' title='bbox 1530 813 1740 859; x_wconf 89' lang='lat' dir='ltr'>tempore,</span> 
     </span>
    </p>
   </div>
   <div class='ocr_carea' id='block_1_3' title="bbox 213 880 1742 936">
    <p class='ocr_par' dir='ltr' id='par_1_3' title="bbox 213 880 1742 936">
     <span class='ocr_line' id='line_1_9' title="bbox 213 880 1742 936; baseline 0.001 -17"><span class='ocrx_word' id='word_1_63' title='bbox 213 890 215 897; x_wconf 94' lang='grc'><em>·</em></span> <span class='ocrx_word' id='word_1_64' title='bbox 275 886 353 920; x_wconf 90' lang='lat' dir='ltr'>aut</span> <span class='ocrx_word' id='word_1_65' title='bbox 393 880 584 921; x_wconf 87' lang='lat' dir='ltr'>hominis</span> <span class='ocrx_word' id='word_1_66' title='bbox 625 881 852 935; x_wconf 80' lang='lat' dir='ltr'>diligentia</span> <span class='ocrx_word' id='word_1_67' title='bbox 902 883 1194 936; x_wconf 87' lang='lat' dir='ltr'>perficiuntur,</span> <span class='ocrx_word' id='word_1_68' title='bbox 1247 883 1345 922; x_wconf 89' lang='lat' dir='ltr'>ideo</span> <span class='ocrx_word' id='word_1_69' title='bbox 1397 882 1497 921; x_wconf 90' lang='lat' dir='ltr'>licet</span> <span class='ocrx_word' id='word_1_70' title='bbox 1548 882 1742 934; x_wconf 86' lang='lat' dir='ltr'>corporis</span> 
     </span>
    </p>
   </div>
   <div class='ocr_carea' id='block_1_4' title="bbox 274 955 1743 3022">
    <p class='ocr_par' dir='ltr' id='par_1_4' title="bbox 274 955 1742 1528">
     <span class='ocr_line' id='line_1_10' title="bbox 275 955 1738 1010; baseline 0.001 -16"><span class='ocrx_word' id='word_1_71' title='bbox 275 960 422 995; x_wconf 89' lang='lat' dir='ltr'>motus</span> <span class='ocrx_word' id='word_1_72' title='bbox 455 969 480 995; x_wconf 90' lang='lat' dir='ltr'>a</span> <span class='ocrx_word' id='word_1_73' title='bbox 512 961 667 995; x_wconf 88' lang='lat' dir='ltr'>natura</span> <span class='ocrx_word' id='word_1_74' title='bbox 698 957 765 1004; x_wconf 88' lang='lat' dir='ltr'>sit,</span> <span class='ocrx_word' id='word_1_75' title='bbox 789 964 937 997; x_wconf 87' lang='lat' dir='ltr'>tamen</span> <span class='ocrx_word' id='word_1_76' title='bbox 969 957 1252 1010; x_wconf 87' lang='lat' dir='ltr'>corrigendus</span> <span class='ocrx_word' id='word_1_77' title='bbox 1275 970 1374 997; x_wconf 91' lang='lat' dir='ltr'>cum</span> <span class='ocrx_word' id='word_1_78' title='bbox 1406 956 1541 996; x_wconf 84' lang='lat' dir='ltr'>habet</span> <span class='ocrx_word' id='word_1_79' title='bbox 1573 955 1738 1008; x_wconf 88' lang='lat' dir='ltr'>aliquid</span> 
     </span>
     <span class='ocr_line' id='line_1_11' title="bbox 274 1029 1739 1082; baseline 0.001 -14"><span class='ocrx_word' id='word_1_80' title='bbox 274 1029 380 1077; x_wconf 87' lang='lat' dir='ltr'>vitii,</span> <span class='ocrx_word' id='word_1_81' title='bbox 411 1035 455 1069; x_wconf 90' lang='lat' dir='ltr'>et</span> <span class='ocrx_word' id='word_1_82' title='bbox 483 1029 782 1082; x_wconf 88' lang='lat' dir='ltr'>perficiendus.</span> <span class='ocrx_word' id='word_1_83' title='bbox 824 1032 896 1073; x_wconf 81' lang='lat' dir='ltr'>Sic</span> <span class='ocrx_word' id='word_1_84' title='bbox 918 1031 1183 1072; x_wconf 86' lang='lat' dir='ltr'>Ambrosius</span> <span class='ocrx_word' id='word_1_85' title='bbox 1220 1043 1251 1071; x_wconf 91' lang='grc' dir='ltr'>Ι.</span> <span class='ocrx_word' id='word_1_86' title='bbox 1282 1032 1337 1071; x_wconf 92' lang='lat' dir='ltr'>de</span> <span class='ocrx_word' id='word_1_87' title='bbox 1367 1030 1451 1071; x_wconf 85' lang='lat' dir='ltr'><strong>Off.</strong></span> <span class='ocrx_word' id='word_1_88' title='bbox 1489 1029 1739 1077; x_wconf 84' lang='lat' dir='ltr'>“Motum,’&#39;</span> 
     </span>
     <span class='ocr_line' id='line_1_12' title="bbox 274 1103 1738 1159; baseline 0.001 -17"><span class='ocrx_word' id='word_1_89' title='bbox 274 1103 429 1156; x_wconf 85' lang='lat' dir='ltr'>inquit,</span> <span class='ocrx_word' id='word_1_90' title='bbox 465 1106 658 1145; x_wconf 91' lang='lat' dir='ltr'>“natura</span> <span class='ocrx_word' id='word_1_91' title='bbox 690 1105 907 1155; x_wconf 88' lang='lat' dir='ltr'>informat,</span> <span class='ocrx_word' id='word_1_92' title='bbox 933 1107 967 1146; x_wconf 89' lang='lat' dir='ltr'>si</span> <span class='ocrx_word' id='word_1_93' title='bbox 1000 1106 1104 1159; x_wconf 88' lang='lat' dir='ltr'>quid</span> <span class='ocrx_word' id='word_1_94' title='bbox 1137 1120 1242 1146; x_wconf 89' lang='lat' dir='ltr'>sane</span> <span class='ocrx_word' id='word_1_95' title='bbox 1271 1105 1363 1146; x_wconf 82' lang='lat' dir='ltr'>vitii</span> <span class='ocrx_word' id='word_1_96' title='bbox 1397 1111 1463 1144; x_wconf 90' lang='lat' dir='ltr'>est</span> <span class='ocrx_word' id='word_1_97' title='bbox 1497 1105 1539 1144; x_wconf 91' lang='lat' dir='ltr'>in</span> <span class='ocrx_word' id='word_1_98' title='bbox 1573 1110 1738 1151; x_wconf 86' lang='lat' dir='ltr'>natura,</span> 
     </span>
     <span class='ocr_line' id='line_1_13' title="bbox 274 1177 1742 1234; baseline 0.001 -17"><span class='ocrx_word' id='word_1_99' title='bbox 274 1177 490 1218; x_wconf 84' lang='lat' dir='ltr'>industria</span> <span class='ocrx_word' id='word_1_100' title='bbox 527 1178 768 1219; x_wconf 87' lang='lat' dir='ltr'>emendet.”</span> <span class='ocrx_word' id='word_1_101' title='bbox 832 1180 951 1221; x_wconf 88' lang='lat' dir='ltr'>Huic</span> <span class='ocrx_word' id='word_1_102' title='bbox 997 1180 1306 1234; x_wconf 76' lang='lat' dir='ltr'>compositioni</span> <span class='ocrx_word' id='word_1_103' title='bbox 1348 1179 1605 1232; x_wconf 85' lang='lat' dir='ltr'>adjumento</span> <span class='ocrx_word' id='word_1_104' title='bbox 1648 1191 1742 1218; x_wconf 88' lang='lat' dir='ltr'>esse</span> 
     </span>
     <span class='ocr_line' id='line_1_14' title="bbox 274 1253 1740 1308; baseline 0.002 -17"><span class='ocrx_word' id='word_1_105' title='bbox 274 1257 423 1304; x_wconf 90' lang='lat' dir='ltr'>potest</span> <span class='ocrx_word' id='word_1_106' title='bbox 466 1253 638 1294; x_wconf 80' lang='lat' dir='ltr'>Summi</span> <span class='ocrx_word' id='word_1_107' title='bbox 682 1253 931 1295; x_wconf 85' lang='lat' dir='ltr'>Conditoris</span> <span class='ocrx_word' id='word_1_108' title='bbox 973 1254 1241 1308; x_wconf 83' lang='lat' dir='ltr'>exemplum,</span> <span class='ocrx_word' id='word_1_109' title='bbox 1290 1255 1363 1307; x_wconf 85' lang='lat' dir='ltr'>qui</span> <span class='ocrx_word' id='word_1_110' title='bbox 1417 1254 1460 1294; x_wconf 88' lang='lat' dir='ltr'>in</span> <span class='ocrx_word' id='word_1_111' title='bbox 1507 1253 1740 1294; x_wconf 88' lang='lat' dir='ltr'>condendo</span> 
     </span>
     <span class='ocr_line' id='line_1_15' title="bbox 275 1326 1741 1383; baseline 0.001 -17"><span class='ocrx_word' id='word_1_112' title='bbox 275 1327 443 1367; x_wconf 89' lang='lat' dir='ltr'>mundo</span> <span class='ocrx_word' id='word_1_113' title='bbox 475 1326 580 1367; x_wconf 89' lang='lat' dir='ltr'>nihil</span> <span class='ocrx_word' id='word_1_114' title='bbox 613 1327 787 1381; x_wconf 87' lang='lat' dir='ltr'>reliquit</span> <span class='ocrx_word' id='word_1_115' title='bbox 809 1330 1162 1383; x_wconf 86' lang='lat' dir='ltr'>incompositum,</span> <span class='ocrx_word' id='word_1_116' title='bbox 1186 1329 1292 1369; x_wconf 91' lang='lat' dir='ltr'>nihil</span> <span class='ocrx_word' id='word_1_117' title='bbox 1325 1329 1610 1377; x_wconf 87' lang='lat' dir='ltr'>inconditum,</span> <span class='ocrx_word' id='word_1_118' title='bbox 1635 1327 1741 1368; x_wconf 89' lang='lat' dir='ltr'>nihil</span> 
     </span>
     <span class='ocr_line' id='line_1_16' title="bbox 275 1400 1742 1457; baseline 0.001 -17"><span class='ocrx_word' id='word_1_119' title='bbox 275 1400 601 1452; x_wconf 81' lang='lat' dir='ltr'>inordinatum3</span> <span class='ocrx_word' id='word_1_120' title='bbox 652 1403 729 1442; x_wconf 89' lang='lat' dir='ltr'>sed</span> <span class='ocrx_word' id='word_1_121' title='bbox 773 1409 821 1443; x_wconf 89' lang='lat' dir='ltr'>ut</span> <span class='ocrx_word' id='word_1_122' title='bbox 855 1404 1012 1444; x_wconf 89' lang='lat' dir='ltr'>dicitur</span> <span class='ocrx_word' id='word_1_123' title='bbox 1047 1404 1148 1457; x_wconf 83' lang='lat' dir='ltr'>Sap.</span> <span class='ocrx_word' id='word_1_124' title='bbox 1186 1405 1244 1444; x_wconf 81' lang='lat' dir='ltr'>xi.</span> <span class='ocrx_word' id='word_1_125' title='bbox 1329 1403 1528 1444; x_wconf 85' lang='lat' dir='ltr'>“Omnia</span> <span class='ocrx_word' id='word_1_126' title='bbox 1562 1402 1664 1442; x_wconf 88' lang='lat' dir='ltr'>fecit</span> <span class='ocrx_word' id='word_1_127' title='bbox 1698 1403 1742 1442; x_wconf 89' lang='lat' dir='ltr'>in</span> 
     </span>
     <span class='ocr_line' id='line_1_17' title="bbox 276 1476 1029 1528; baseline 0.004 -13"><span class='ocrx_word' id='word_1_128' title='bbox 276 1476 482 1528; x_wconf 85' lang='lat' dir='ltr'>pondere,</span> <span class='ocrx_word' id='word_1_129' title='bbox 507 1490 699 1527; x_wconf 88' lang='lat' dir='ltr'>numero,</span> <span class='ocrx_word' id='word_1_130' title='bbox 723 1484 767 1517; x_wconf 91' lang='lat' dir='ltr'>et</span> <span class='ocrx_word' id='word_1_131' title='bbox 789 1478 1029 1518; x_wconf 87' lang='lat' dir='ltr'>mensura.&#39;’</span> 
     </span>
    </p>

    <p class='ocr_par' dir='ltr' id='par_1_5' title="bbox 275 1552 1743 3022">
     <span class='ocr_line' id='line_1_18' title="bbox 366 1552 1740 1604; baseline 0.001 -13"><span class='ocrx_word' id='word_1_132' title='bbox 366 1557 434 1592; x_wconf 72' lang='lat' dir='ltr'>2m.</span> <span class='ocrx_word' id='word_1_133' title='bbox 470 1552 718 1604; x_wconf 87' lang='lat' dir='ltr'>Requirunt</span> <span class='ocrx_word' id='word_1_134' title='bbox 759 1552 1080 1593; x_wconf 83' lang='lat' dir='ltr'>humilitatem:</span> <span class='ocrx_word' id='word_1_135' title='bbox 1132 1567 1246 1604; x_wconf 87' lang='lat' dir='ltr'>nam,</span> <span class='ocrx_word' id='word_1_136' title='bbox 1290 1559 1338 1593; x_wconf 89' lang='lat' dir='ltr'>ut</span> <span class='ocrx_word' id='word_1_137' title='bbox 1379 1553 1585 1602; x_wconf 83' lang='lat' dir='ltr'>diximus,</span> <span class='ocrx_word' id='word_1_138' title='bbox 1628 1553 1740 1593; x_wconf 87' lang='lat' dir='ltr'>hanc</span> 
     </span>
     <span class='ocr_line' id='line_1_19' title="bbox 278 1626 1741 1681; baseline 0.002 -16"><span class='ocrx_word' id='word_1_139' title='bbox 278 1626 507 1665; x_wconf 60' lang='lat' dir='ltr'>modestiae</span> <span class='ocrx_word' id='word_1_140' title='bbox 530 1632 700 1679; x_wconf 86' lang='lat' dir='ltr'>partem</span> <span class='ocrx_word' id='word_1_141' title='bbox 724 1626 828 1666; x_wconf 84' lang='lat' dir='ltr'>facit</span> <span class='ocrx_word' id='word_1_142' title='bbox 851 1627 903 1667; x_wconf 93' lang='lat' dir='ltr'>D.</span> <span class='ocrx_word' id='word_1_143' title='bbox 921 1627 1077 1668; x_wconf 88' lang='lat' dir='ltr'>Thom.</span> <span class='ocrx_word' id='word_1_144' title='bbox 1102 1643 1140 1681; x_wconf 87' lang='lat' dir='ltr'>q.</span> <span class='ocrx_word' id='word_1_145' title='bbox 1166 1629 1252 1668; x_wconf 85' lang='lat'>161.</span> <span class='ocrx_word' id='word_1_146' title='bbox 1289 1627 1415 1681; x_wconf 75' lang='lat' dir='ltr'>Quia,</span> <span class='ocrx_word' id='word_1_147' title='bbox 1440 1634 1487 1668; x_wconf 91' lang='lat' dir='ltr'>ut</span> <span class='ocrx_word' id='word_1_148' title='bbox 1511 1627 1741 1675; x_wconf 88' lang='lat' dir='ltr'>modestia,</span> 
     </span>
     <span class='ocr_line' id='line_1_20' title="bbox 277 1701 1741 1755; baseline 0.001 -16"><span class='ocrx_word' id='word_1_149' title='bbox 277 1713 377 1752; x_wconf 81' lang='lat' dir='ltr'>quae</span> <span class='ocrx_word' id='word_1_150' title='bbox 410 1706 475 1739; x_wconf 87' lang='lat' dir='ltr'>est</span> <span class='ocrx_word' id='word_1_151' title='bbox 506 1701 683 1753; x_wconf 79' lang='lat' dir='ltr'>species,</span> <span class='ocrx_word' id='word_1_152' title='bbox 720 1702 974 1742; x_wconf 80' lang='lat' dir='ltr'>moderatur</span> <span class='ocrx_word' id='word_1_153' title='bbox 1004 1703 1196 1755; x_wconf 89' lang='lat' dir='ltr'>corporis</span> <span class='ocrx_word' id='word_1_154' title='bbox 1234 1709 1391 1751; x_wconf 88' lang='lat' dir='ltr'>motus,</span> <span class='ocrx_word' id='word_1_155' title='bbox 1425 1703 1486 1742; x_wconf 86' lang='lat' dir='ltr'>ita</span> <span class='ocrx_word' id='word_1_156' title='bbox 1517 1701 1741 1742; x_wconf 86' lang='lat' dir='ltr'>humilitas</span> 
     </span>
     <span class='ocr_line' id='line_1_21' title="bbox 278 1774 1743 1830; baseline 0.002 -17"><span class='ocrx_word' id='word_1_157' title='bbox 278 1774 531 1814; x_wconf 88' lang='lat' dir='ltr'>moderatur</span> <span class='ocrx_word' id='word_1_158' title='bbox 562 1781 605 1814; x_wconf 92' lang='lat' dir='ltr'>et</span> <span class='ocrx_word' id='word_1_159' title='bbox 637 1775 792 1815; x_wconf 61' lang='lat' dir='ltr'>fraenat</span> <span class='ocrx_word' id='word_1_160' title='bbox 825 1776 958 1816; x_wconf 86' lang='lat' dir='ltr'>animi</span> <span class='ocrx_word' id='word_1_161' title='bbox 992 1783 1148 1826; x_wconf 87' lang='lat' dir='ltr'>motus,</span> <span class='ocrx_word' id='word_1_162' title='bbox 1173 1778 1247 1830; x_wconf 87' lang='lat' dir='ltr'>qui</span> <span class='ocrx_word' id='word_1_163' title='bbox 1281 1776 1478 1817; x_wconf 86' lang='lat' dir='ltr'>feruntur</span> <span class='ocrx_word' id='word_1_164' title='bbox 1509 1777 1565 1816; x_wconf 85' lang='lat' dir='ltr'>ad</span> <span class='ocrx_word' id='word_1_165' title='bbox 1597 1776 1743 1817; x_wconf 81' lang='lat' dir='ltr'>excel-</span> 
     </span>
     <span class='ocr_line' id='line_1_22' title="bbox 275 1847 1743 1901; baseline 0.001 -13"><span class='ocrx_word' id='word_1_166' title='bbox 275 1847 470 1889; x_wconf 78' lang='lat' dir='ltr'>lentiam.</span> <span class='ocrx_word' id='word_1_167' title='bbox 548 1848 769 1901; x_wconf 74' lang='lat' dir='ltr'>Quoniam</span> <span class='ocrx_word' id='word_1_168' title='bbox 811 1857 960 1890; x_wconf 85' lang='lat' dir='ltr'>autem</span> <span class='ocrx_word' id='word_1_169' title='bbox 1001 1850 1097 1891; x_wconf 77' lang='lat' dir='ltr'>haec</span> <span class='ocrx_word' id='word_1_170' title='bbox 1139 1851 1280 1892; x_wconf 85' lang='lat' dir='ltr'>elucet</span> <span class='ocrx_word' id='word_1_171' title='bbox 1317 1852 1449 1891; x_wconf 91' lang='lat' dir='ltr'>etiam</span> <span class='ocrx_word' id='word_1_172' title='bbox 1494 1851 1537 1890; x_wconf 92' lang='lat' dir='ltr'>in</span> <span class='ocrx_word' id='word_1_173' title='bbox 1572 1850 1743 1891; x_wconf 86' lang='lat' dir='ltr'>actibus</span> 
     </span>
     <span class='ocr_line' id='line_1_23' title="bbox 279 1924 1739 1979; baseline 0.002 -16"><span class='ocrx_word' id='word_1_174' title='bbox 279 1924 581 1972; x_wconf 56' lang='lat' dir='ltr'>exterioribus</span> <span class='ocrx_word' id='word_1_175' title='bbox 605 1931 836 1977; x_wconf 89' lang='lat' dir='ltr'>propterea</span> <span class='ocrx_word' id='word_1_176' title='bbox 867 1925 980 1965; x_wconf 88' lang='lat' dir='ltr'>hanc</span> <span class='ocrx_word' id='word_1_177' title='bbox 1010 1926 1141 1966; x_wconf 88' lang='lat' dir='ltr'>etiam</span> <span class='ocrx_word' id='word_1_178' title='bbox 1172 1926 1291 1979; x_wconf 83' lang='lat' dir='ltr'>leges</span> <span class='ocrx_word' id='word_1_179' title='bbox 1321 1931 1482 1966; x_wconf 79' lang='lat' dir='ltr'>nostrae</span> <span class='ocrx_word' id='word_1_180' title='bbox 1506 1926 1739 1978; x_wconf 87' lang='lat' dir='ltr'>requirunt.</span> 
     </span>
     <span class='ocr_line' id='line_1_24' title="bbox 278 1998 1740 2052; baseline 0.001 -15"><span class='ocrx_word' id='word_1_181' title='bbox 278 1998 417 2051; x_wconf 88' lang='lat' dir='ltr'>Apud</span> <span class='ocrx_word' id='word_1_182' title='bbox 447 1998 644 2038; x_wconf 89' lang='lat' dir='ltr'>ethnicos</span> <span class='ocrx_word' id='word_1_183' title='bbox 666 2000 844 2051; x_wconf 84' lang='lat' dir='ltr'>quidem</span> <span class='ocrx_word' id='word_1_184' title='bbox 875 1999 1100 2040; x_wconf 87' lang='lat' dir='ltr'>humilitas</span> <span class='ocrx_word' id='word_1_185' title='bbox 1126 2001 1354 2041; x_wconf 75' lang='lat' dir='ltr'>modestiae</span> <span class='ocrx_word' id='word_1_186' title='bbox 1379 2000 1555 2040; x_wconf 91' lang='lat' dir='ltr'>nomine</span> <span class='ocrx_word' id='word_1_187' title='bbox 1578 1999 1740 2052; x_wconf 85' lang='lat' dir='ltr'>signifi-</span> 
     </span>
     <span class='ocr_line' id='line_1_25' title="bbox 279 2073 1736 2128; baseline 0.001 -16"><span class='ocrx_word' id='word_1_188' title='bbox 279 2079 412 2121; x_wconf 86' lang='lat' dir='ltr'>catur,</span> <span class='ocrx_word' id='word_1_189' title='bbox 437 2073 555 2126; x_wconf 88' lang='lat' dir='ltr'>quod</span> <span class='ocrx_word' id='word_1_190' title='bbox 589 2074 770 2113; x_wconf 89' lang='lat' dir='ltr'>modum</span> <span class='ocrx_word' id='word_1_191' title='bbox 804 2080 848 2114; x_wconf 90' lang='lat' dir='ltr'>et</span> <span class='ocrx_word' id='word_1_192' title='bbox 871 2073 1053 2114; x_wconf 80' lang='lat' dir='ltr'>fraenum</span> <span class='ocrx_word' id='word_1_193' title='bbox 1086 2076 1234 2115; x_wconf 88' lang='lat' dir='ltr'>animo</span> <span class='ocrx_word' id='word_1_194' title='bbox 1266 2081 1413 2128; x_wconf 86' lang='lat' dir='ltr'>ponat,</span> <span class='ocrx_word' id='word_1_195' title='bbox 1438 2088 1491 2114; x_wconf 92' lang='lat' dir='ltr'>ne</span> <span class='ocrx_word' id='word_1_196' title='bbox 1523 2074 1736 2114; x_wconf 83' lang='lat' dir='ltr'>efferatur.</span> 
     </span>
     <span class='ocr_line' id='line_1_26' title="bbox 281 2146 1740 2201; baseline 0 -14"><span class='ocrx_word' id='word_1_197' title='bbox 281 2146 428 2200; x_wconf 78' lang='lat' dir='ltr'>Quare</span> <span class='ocrx_word' id='word_1_198' title='bbox 461 2147 675 2201; x_wconf 85' lang='lat' dir='ltr'>Origenes</span> <span class='ocrx_word' id='word_1_199' title='bbox 718 2149 752 2188; x_wconf 82' lang='lat'>8.</span> <span class='ocrx_word' id='word_1_200' title='bbox 778 2149 821 2188; x_wconf 91' lang='lat' dir='ltr'>in</span> <span class='ocrx_word' id='word_1_201' title='bbox 864 2149 1043 2198; x_wconf 86' lang='lat' dir='ltr'>Lucam,</span> <span class='ocrx_word' id='word_1_202' title='bbox 1080 2163 1178 2189; x_wconf 91' lang='lat' dir='ltr'>cum</span> <span class='ocrx_word' id='word_1_203' title='bbox 1216 2150 1272 2189; x_wconf 92' lang='lat' dir='ltr'>de</span> <span class='ocrx_word' id='word_1_204' title='bbox 1313 2149 1560 2189; x_wconf 88' lang='lat' dir='ltr'>humilitate</span> <span class='ocrx_word' id='word_1_205' title='bbox 1591 2148 1740 2201; x_wconf 91' lang='lat' dir='ltr'>loque-</span> 
     </span>
     <span class='ocr_line' id='line_1_27' title="bbox 280 2222 1741 2278; baseline -0.001 -15"><span class='ocrx_word' id='word_1_206' title='bbox 280 2228 407 2270; x_wconf 88' lang='lat' dir='ltr'>retur,</span> <span class='ocrx_word' id='word_1_207' title='bbox 444 2222 528 2264; x_wconf 82' lang='lat' dir='ltr'>“Si</span> <span class='ocrx_word' id='word_1_208' title='bbox 558 2222 658 2271; x_wconf 86' lang='lat' dir='ltr'>vis,&#39;’</span> <span class='ocrx_word' id='word_1_209' title='bbox 692 2223 843 2275; x_wconf 88' lang='lat' dir='ltr'>inquit,</span> <span class='ocrx_word' id='word_1_210' title='bbox 870 2226 1065 2278; x_wconf 79' lang='lat' dir='ltr'>“nomen</span> <span class='ocrx_word' id='word_1_211' title='bbox 1098 2224 1226 2276; x_wconf 89' lang='lat' dir='ltr'>hujus</span> <span class='ocrx_word' id='word_1_212' title='bbox 1258 2225 1408 2264; x_wconf 83' lang='lat' dir='ltr'>audire</span> <span class='ocrx_word' id='word_1_213' title='bbox 1439 2223 1621 2272; x_wconf 87' lang='lat' dir='ltr'>virtutis,</span> <span class='ocrx_word' id='word_1_214' title='bbox 1654 2236 1741 2275; x_wconf 87' lang='lat' dir='ltr'>quo</span> 
     </span>
     <span class='ocr_line' id='line_1_28' title="bbox 280 2296 1739 2352; baseline 0 -16"><span class='ocrx_word' id='word_1_215' title='bbox 280 2298 414 2337; x_wconf 88' lang='lat' dir='ltr'>modo</span> <span class='ocrx_word' id='word_1_216' title='bbox 449 2311 475 2337; x_wconf 87' lang='lat' dir='ltr'>a</span> <span class='ocrx_word' id='word_1_217' title='bbox 507 2296 781 2350; x_wconf 86' lang='lat' dir='ltr'>philosophis</span> <span class='ocrx_word' id='word_1_218' title='bbox 822 2298 954 2338; x_wconf 85' lang='lat' dir='ltr'>etiam</span> <span class='ocrx_word' id='word_1_219' title='bbox 998 2299 1251 2352; x_wconf 85' lang='lat' dir='ltr'>appelletur,</span> <span class='ocrx_word' id='word_1_220' title='bbox 1286 2298 1511 2347; x_wconf 86' lang='lat' dir='ltr'>ausculta;</span> <span class='ocrx_word' id='word_1_221' title='bbox 1555 2297 1739 2337; x_wconf 88' lang='lat' dir='ltr'>eandem</span> 
     </span>
     <span class='ocr_line' id='line_1_29' title="bbox 280 2371 1741 2426; baseline -0.002 -15"><span class='ocrx_word' id='word_1_222' title='bbox 280 2385 375 2412; x_wconf 85' lang='lat' dir='ltr'>esse</span> <span class='ocrx_word' id='word_1_223' title='bbox 397 2371 705 2421; x_wconf 81' lang='lat' dir='ltr'>humilitatem,</span> <span class='ocrx_word' id='word_1_224' title='bbox 728 2386 861 2424; x_wconf 85' lang='lat' dir='ltr'>quam</span> <span class='ocrx_word' id='word_1_225' title='bbox 885 2373 1060 2426; x_wconf 86' lang='lat' dir='ltr'>respicit</span> <span class='ocrx_word' id='word_1_226' title='bbox 1093 2374 1226 2421; x_wconf 82' lang='lat' dir='ltr'>Deus,</span> <span class='ocrx_word' id='word_1_227' title='bbox 1251 2387 1350 2426; x_wconf 72' lang='lat' dir='ltr'>quae</span> <span class='ocrx_word' id='word_1_228' title='bbox 1371 2374 1428 2413; x_wconf 89' lang='lat' dir='ltr'>ab</span> <span class='ocrx_word' id='word_1_229' title='bbox 1450 2372 1533 2412; x_wconf 89' lang='lat' dir='ltr'>illis</span> <span class='ocrx_word' id='word_1_230' title='bbox 1553 2375 1741 2420; x_wconf 64' lang='grc' dir='ltr'><em>μετριότης</em></span> 
     </span>
     <span class='ocr_line' id='line_1_30' title="bbox 281 2446 1743 2496; baseline 0 -10"><span class='ocrx_word' id='word_1_231' title='bbox 281 2446 450 2495; x_wconf 88' lang='lat' dir='ltr'>dicitur,</span> <span class='ocrx_word' id='word_1_232' title='bbox 494 2446 536 2485; x_wconf 85' lang='lat' dir='ltr'>id</span> <span class='ocrx_word' id='word_1_233' title='bbox 580 2452 645 2486; x_wconf 88' lang='lat' dir='ltr'>est</span> <span class='ocrx_word' id='word_1_234' title='bbox 688 2448 967 2496; x_wconf 84' lang='lat' dir='ltr'>mensuratio,</span> <span class='ocrx_word' id='word_1_235' title='bbox 1009 2447 1076 2486; x_wconf 83' lang='lat' dir='ltr'>vel</span> <span class='ocrx_word' id='word_1_236' title='bbox 1121 2448 1302 2487; x_wconf 86' lang='lat' dir='ltr'>modus:</span> <span class='ocrx_word' id='word_1_237' title='bbox 1355 2461 1456 2487; x_wconf 88' lang='lat' dir='ltr'>nam</span> <span class='ocrx_word' id='word_1_238' title='bbox 1500 2446 1657 2486; x_wconf 86' lang='lat' dir='ltr'>modus</span> <span class='ocrx_word' id='word_1_239' title='bbox 1698 2453 1743 2486; x_wconf 91' lang='lat' dir='ltr'>et</span> 
     </span>
     <span class='ocr_line' id='line_1_31' title="bbox 280 2520 1738 2570; baseline 0 -10"><span class='ocrx_word' id='word_1_240' title='bbox 280 2534 486 2560; x_wconf 86' lang='lat' dir='ltr'>mensura</span> <span class='ocrx_word' id='word_1_241' title='bbox 517 2521 633 2560; x_wconf 91' lang='lat' dir='ltr'>idem</span> <span class='ocrx_word' id='word_1_242' title='bbox 658 2528 734 2570; x_wconf 86' lang='lat' dir='ltr'>est,</span> <span class='ocrx_word' id='word_1_243' title='bbox 758 2536 783 2561; x_wconf 86' lang='lat' dir='ltr'>a</span> <span class='ocrx_word' id='word_1_244' title='bbox 805 2523 938 2561; x_wconf 90' lang='lat' dir='ltr'>modo</span> <span class='ocrx_word' id='word_1_245' title='bbox 968 2527 1115 2561; x_wconf 84' lang='lat' dir='ltr'>autem</span> <span class='ocrx_word' id='word_1_246' title='bbox 1140 2522 1367 2562; x_wconf 72' lang='lat' dir='ltr'>modestiae</span> <span class='ocrx_word' id='word_1_247' title='bbox 1390 2535 1550 2561; x_wconf 88' lang='lat' dir='ltr'>nomen</span> <span class='ocrx_word' id='word_1_248' title='bbox 1574 2520 1738 2561; x_wconf 81' lang='lat' dir='ltr'>fluxit.&#39;&#39;</span> 
     </span>
     <span class='ocr_line' id='line_1_32' title="bbox 281 2595 1742 2650; baseline 0.001 -15"><span class='ocrx_word' id='word_1_249' title='bbox 281 2595 434 2636; x_wconf 87' lang='lat' dir='ltr'>Cicero</span> <span class='ocrx_word' id='word_1_250' title='bbox 457 2609 632 2648; x_wconf 85' lang='lat' dir='ltr'>quoque</span> <span class='ocrx_word' id='word_1_251' title='bbox 654 2596 883 2636; x_wconf 74' lang='lat' dir='ltr'>modestiae</span> <span class='ocrx_word' id='word_1_252' title='bbox 907 2597 1083 2636; x_wconf 87' lang='lat' dir='ltr'>nominc</span> <span class='ocrx_word' id='word_1_253' title='bbox 1105 2611 1183 2650; x_wconf 90' lang='lat' dir='ltr'>pro</span> <span class='ocrx_word' id='word_1_254' title='bbox 1205 2596 1452 2637; x_wconf 88' lang='lat' dir='ltr'>humilitate</span> <span class='ocrx_word' id='word_1_255' title='bbox 1475 2596 1611 2636; x_wconf 89' lang='lat' dir='ltr'>utitur</span> <span class='ocrx_word' id='word_1_256' title='bbox 1634 2607 1668 2647; x_wconf 82' lang='grc'>3.</span> <span class='ocrx_word' id='word_1_257' title='bbox 1686 2596 1742 2636; x_wconf 93' lang='lat' dir='ltr'>de</span> 
     </span>
     <span class='ocr_line' id='line_1_33' title="bbox 280 2669 1743 2724; baseline 0.001 -14"><span class='ocrx_word' id='word_1_258' title='bbox 280 2670 385 2723; x_wconf 87' lang='lat' dir='ltr'>Leg.</span> <span class='ocrx_word' id='word_1_259' title='bbox 405 2685 414 2711; x_wconf 74' lang='lat'>2</span> <span class='ocrx_word' id='word_1_260' title='bbox 450 2674 470 2690; x_wconf 73' lang='lat'>‘⁶</span> <span class='ocrx_word' id='word_1_261' title='bbox 487 2669 573 2723; x_wconf 75' lang='lat' dir='ltr'>Qui</span> <span class='ocrx_word' id='word_1_262' title='bbox 596 2671 706 2710; x_wconf 87' lang='lat' dir='ltr'>bene</span> <span class='ocrx_word' id='word_1_263' title='bbox 729 2671 925 2724; x_wconf 82' lang='lat' dir='ltr'>imperat,</span> <span class='ocrx_word' id='word_1_264' title='bbox 945 2672 1136 2724; x_wconf 87' lang='lat' dir='ltr'>paruerit</span> <span class='ocrx_word' id='word_1_265' title='bbox 1153 2671 1391 2724; x_wconf 83' lang='lat' dir='ltr'>aliquando</span> <span class='ocrx_word' id='word_1_266' title='bbox 1410 2685 1585 2711; x_wconf 88' lang='lat' dir='ltr'>necesse</span> <span class='ocrx_word' id='word_1_267' title='bbox 1607 2677 1683 2720; x_wconf 81' lang='lat' dir='ltr'>est,</span> <span class='ocrx_word' id='word_1_268' title='bbox 1700 2677 1743 2711; x_wconf 91' lang='lat' dir='ltr'>et</span> 
     </span>
     <span class='ocr_line' id='line_1_34' title="bbox 279 2744 1742 2799; baseline 0 -15"><span class='ocrx_word' id='word_1_269' title='bbox 279 2745 354 2798; x_wconf 90' lang='lat' dir='ltr'>qui</span> <span class='ocrx_word' id='word_1_270' title='bbox 388 2744 588 2785; x_wconf 87' lang='lat' dir='ltr'>modeste</span> <span class='ocrx_word' id='word_1_271' title='bbox 619 2751 753 2799; x_wconf 86' lang='lat' dir='ltr'>paret,</span> <span class='ocrx_word' id='word_1_272' title='bbox 786 2745 959 2785; x_wconf 82' lang='lat' dir='ltr'>videtur</span> <span class='ocrx_word' id='word_1_273' title='bbox 989 2747 1062 2798; x_wconf 84' lang='lat' dir='ltr'>qui</span> <span class='ocrx_word' id='word_1_274' title='bbox 1095 2745 1334 2799; x_wconf 82' lang='lat' dir='ltr'>aliquando</span> <span class='ocrx_word' id='word_1_275' title='bbox 1366 2747 1551 2798; x_wconf 89' lang='lat' dir='ltr'>imperet</span> <span class='ocrx_word' id='word_1_276' title='bbox 1582 2745 1742 2798; x_wconf 85' lang='lat' dir='ltr'>dignus</span> 
     </span>
     <span class='ocr_line' id='line_1_35' title="bbox 279 2819 1741 2873; baseline 0 -14"><span class='ocrx_word' id='word_1_277' title='bbox 279 2819 409 2860; x_wconf 87' lang='lat' dir='ltr'>esse.&#39;’</span> <span class='ocrx_word' id='word_1_278' title='bbox 473 2820 532 2860; x_wconf 87' lang='lat' dir='ltr'>Et</span> <span class='ocrx_word' id='word_1_279' title='bbox 569 2819 611 2859; x_wconf 91' lang='lat' dir='ltr'>in</span> <span class='ocrx_word' id='word_1_280' title='bbox 648 2819 822 2860; x_wconf 84' lang='lat' dir='ltr'>Sallust.</span> <span class='ocrx_word' id='word_1_281' title='bbox 876 2820 966 2860; x_wconf 90' lang='lat' dir='ltr'>“In</span> <span class='ocrx_word' id='word_1_282' title='bbox 994 2826 1184 2873; x_wconf 61' lang='lat' dir='ltr'>praetura</span> <span class='ocrx_word' id='word_1_283' title='bbox 1213 2819 1411 2860; x_wconf 86' lang='lat' dir='ltr'>modeste</span> <span class='ocrx_word' id='word_1_284' title='bbox 1440 2833 1486 2859; x_wconf 91' lang='lat' dir='ltr'>se</span> <span class='ocrx_word' id='word_1_285' title='bbox 1517 2820 1662 2872; x_wconf 85' lang='lat' dir='ltr'>gessit,</span> <span class='ocrx_word' id='word_1_286' title='bbox 1698 2825 1741 2859; x_wconf 88' lang='lat' dir='ltr'>et</span> 
     </span>
     <span class='ocr_line' id='line_1_36' title="bbox 279 2893 1737 2944; baseline -0.001 -10"><span class='ocrx_word' id='word_1_287' title='bbox 279 2893 551 2934; x_wconf 84' lang='lat' dir='ltr'>abstinenter</span> <span class='ocrx_word' id='word_1_288' title='bbox 568 2893 606 2944; x_wconf 88' lang='lat'>;&#39;’</span> <span class='ocrx_word' id='word_1_289' title='bbox 631 2894 841 2944; x_wconf 78' lang='lat' dir='ltr'>modeste,</span> <span class='ocrx_word' id='word_1_290' title='bbox 865 2895 908 2934; x_wconf 87' lang='lat' dir='ltr'>id</span> <span class='ocrx_word' id='word_1_291' title='bbox 932 2900 997 2934; x_wconf 89' lang='lat' dir='ltr'>est</span> <span class='ocrx_word' id='word_1_292' title='bbox 1018 2893 1248 2934; x_wconf 85' lang='lat' dir='ltr'>humiliter.</span> <span class='ocrx_word' id='word_1_293' title='bbox 1304 2895 1362 2934; x_wconf 86' lang='lat' dir='ltr'>Et</span> <span class='ocrx_word' id='word_1_294' title='bbox 1386 2894 1547 2934; x_wconf 87' lang='lat' dir='ltr'>Beatus</span> <span class='ocrx_word' id='word_1_295' title='bbox 1572 2893 1737 2938; x_wconf 88' lang='lat' dir='ltr'>Petrus,</span> 
     </span>
     <span class='ocr_line' id='line_1_37' title="bbox 279 2967 1741 3022; baseline -0.001 -13"><span class='ocrx_word' id='word_1_296' title='bbox 279 2968 361 3022; x_wconf 88' lang='lat' dir='ltr'>Ep.</span> <span class='ocrx_word' id='word_1_297' title='bbox 393 2979 422 3009; x_wconf 83' lang='grc' dir='ltr'>Ι.</span> <span class='ocrx_word' id='word_1_298' title='bbox 456 2983 489 3010; x_wconf 88' lang='lat' dir='ltr'>c.</span> <span class='ocrx_word' id='word_1_299' title='bbox 514 2969 535 3010; x_wconf 89' lang='lat' dir='ltr'>i.</span> <span class='ocrx_word' id='word_1_300' title='bbox 563 2979 613 3020; x_wconf 83' lang='lat'>3:</span> <span class='ocrx_word' id='word_1_301' title='bbox 646 2968 775 3009; x_wconf 83' lang='lat' dir='ltr'>simul</span> <span class='ocrx_word' id='word_1_302' title='bbox 807 2969 939 3010; x_wconf 85' lang='lat' dir='ltr'>etiam</span> <span class='ocrx_word' id='word_1_303' title='bbox 973 2969 1068 3010; x_wconf 78' lang='lat' dir='ltr'>haec</span> <span class='ocrx_word' id='word_1_304' title='bbox 1098 2969 1186 3010; x_wconf 89' lang='lat' dir='ltr'>duo</span> <span class='ocrx_word' id='word_1_305' title='bbox 1218 2968 1476 3022; x_wconf 78' lang='lat' dir='ltr'>conjunxit:</span> <span class='ocrx_word' id='word_1_306' title='bbox 1501 2967 1741 3012; x_wconf 87' lang='lat' dir='ltr'>“Modesti.</span> 
     </span>
    </p>
   </div>
  </div>
 </body>
</html>
