1903 3197
329 181 421 214 100
645 169 727 213 De
759 168 949 215 ratione
981 168 1175 216 vivendi
1208 169 1467 217 Socz'elalzssr.

322 301 627 352 irrogarentur,
660 300 742 341 hac
774 303 917 354 inquit
949 302 1267 343 exercitatione
1299 303 1440 355 parati
1484 303 1792 353 invenirentur,

320 379 534 426 tanquam
558 377 720 416 assueti
743 390 830 416 non
853 377 956 430 angi
979 376 1268 431 ignominiiS.’'
1311 378 1370 416 Et
1392 376 1475 416 hoc
1496 376 1634 417 voluit
1657 379 1788 418 etiam

322 448 449 489 Nilus
482 464 581 490 cum
616 450 785 491 dixit:l
820 452 1123 492 “Patientiam
1157 453 1302 499 etiam,
1337 457 1579 503 antequam
1612 465 1790 492 11666556

321 530 397 572 651,
432 538 600 574 exerce,
637 533 684 566 ut
713 526 849 579 ipsius
878 531 1147 566 armaturam
1181 532 1383 578 paratam
1419 526 1617 566 invenias
1652 527 1785 566 etiam

321 597 364 636 in
387 599 683 639 necessitate.'’

409 672 706 725 Quotidianus
748 679 896 713 autem
933 674 1064 714 docet
1101 688 1215 722 usus,
1257 675 1330 726 qui
1374 674 1665 726 deposcendis
1708 674 1789 714 sibi

320 745 433 787 ultro
456 749 599 799 pcenis
622 754 723 788 sunt
746 748 1098 800 negligentiores,
1123 762 1197 787 eos
1228 761 1315 787 non
1343 748 1470 787 facile
1498 747 1606 787 ferre
1637 747 1790 788 solitos

318 834 417 873 quse
454 835 480 861 a
518 822 769 874 Praepositis
812 823 1109 875 imponuntur,
1150 822 1252 873 quia
1296 822 1477 861 minime
1521 822 1661 874 parati
1704 821 1788 862 1136

320 896 637 936 exercitatione
672 897 972 949 reperiuntur3
1011 901 1163 935 contra
1192 910 1306 943 vero,
1339 896 1412 947 qui
1450 896 1493 935 in
1526 896 1609 935 1106
1640 897 1787 936 51116110

320 970 637 1010 exercitatione
670 976 910 1018 versantur,
949 970 1083 1009 modo
1126 970 1330 1008 interiore
1368 970 1411 1008 id
1449 976 1585 1021 agant
1621 971 1786 1022 spiritu,

320 1045 550 1084 moderato
583 1059 656 1084 605
689 1045 963 1091 31111110,11110
997 1044 1130 1083 etiam
1163 1043 1386 1094 gaudenti,
1414 1043 1630 1095 quidquid
1662 1045 1730 1084 vel
1763 1059 1789 1085 a

321 1119 573 1171 Praepositis
615 1119 875 1170 injunctum,
911 1117 981 1157 vel
1015 1131 1041 1157 a
1078 1117 1175 1157 Deo
1219 1117 1465 1157 immissum
1508 1117 1636 1158 fuerit
1679 1110 1789 1159 ferre

319 1192 481 1232 solitos.
546 1192 714 1244 (2113111
748 1206 791 1232 re
825 1191 1027 1232 imitandi
1059 1197 1161 1231 sunt
1193 1191 1321 1230 nobis
1355 1191 1516 1231 milites
1545 1192 1690 1242 seculi,
1715 1195 1789 1246 qui

321 1267 441 1319 pacis
476 1272 678 1319 tempore
721 1266 933 1306 militares
972 1266 1311 1306 exercitationes
1355 1279 1443 1305 non
1482 1267 1789 1317 intermittunt,

319 1341 395 1381 sed
428 1355 576 1381 secum
610 1341 690 1394 ipsi
724 1340 1025 1392 digladiantur
1058 1346 1101 1380 61
1133 1346 1313 1388 certant,
1342 1354 1429 1392 quo
1463 1341 1674 1393 majorem
1708 1342 1789 1382 sibi

321 1421 365 1455 et
386 1416 582 1454 animum
616 1421 659 1454 et
682 1428 809 1454 usum
842 1419 1101 1467 comparent
1124 1414 1363 1453 dimicandi
1397 1428 1495 1453 611111
1528 1415 1666 1465 110516,
1690 1430 1787 1456 cum

318 1490 525 1529 cecinerit
550 1489 768 1530 bellicum.

807 1632 862 1658 DE
892 1632 1086 1659 SECUNDO
1119 1630 1297 1658 ERRORE.

408 1709 539 1749 Alter
561 1710 693 1749 etiam
718 1722 835 1749 error
857 1722 1020 1757 eorum,
1039 1709 1113 1761 qui
1133 1709 1417 1762 poenitentias
1435 1710 1527 1748 51116
1546 1708 1792 1762 Superioris

319 1783 642 1836 approbatione
671 1783 927 1835 suscipiunt,
953 1782 1121 1823 tollitur
1150 1783 1211 1832 iis,
1236 1796 1334 1834 quae
1365 1783 1599 1831 adduntur,
1622 1784 1792 1825 verbis:

322 1860 342 1876 “
358 1870 458 1897 cum
488 1857 812 1910 approbatione
837 1855 1121 1909 Superioris.'’
1176 1856 1265 1909 Qui
1289 1856 1468 1908 quidem
1492 1870 1618 1907 error,
1643 1857 1711 1897 vel
1734 1872 1792 1898 ex

321 1932 495 1971 inscitia
527 1930 721 1983 quadam
754 1931 901 1979 oritur,
926 1931 1047 1983 quod
1080 1931 1178 1983 quis
1216 1931 1413 1971 nondum
1452 1946 1611 1973 munus
1644 1934 1795 1974 obedi-

323 2005 435 2046 entis
459 2006 580 2045 novit
605 2006 679 2057 qui
713 2004 820 2044 nihil
853 2010 1002 2058 potest
1029 2005 1071 2044 in
1102 2019 1261 2057 corpus
1293 2019 1448 2056 suum;
1480 2006 1548 2046 vel
1579 2021 1636 2047 ex
1660 2009 1795 2049 tacita

323 2079 517 2132 quadam
545 2079 761 2132 superbia,
785 2093 872 2131 qua
904 2080 1044 2131 pudet
1065 2080 1238 2119 veniam
1272 2093 1297 2118 a
1328 2080 1549 2132 superiore
1579 2088 1793 2134 perpetuo

323 2159 500 2206 petere3
544 2152 612 2191 vel
647 2166 703 2191 ex
747 2152 849 2192 ficta
886 2153 1080 2204 quadam
1122 2152 1383 2202 humilitate,
1419 2159 1468 2194 ut
1505 2169 1637 2208 supra
1678 2157 1794 2198 dice-

324 2227 493 2275 bamus,
529 2239 583 2264 ne
615 2225 895 2265 coenodoxiae
930 2226 1092 2266 crimen
1126 2226 1317 2266 incurras
1352 2228 1386 2266 si
1419 2228 1537 2280 quod
1571 2230 1794 2273 subiturus

325 2314 372 2341 65
412 2300 687 2353 poenitentiae
730 2299 817 2339 tuis
864 2300 1115 2353 Praepositis
1167 2301 1343 2349 indices,
1386 2302 1455 2341 vel
1497 2303 1689 2357 denique
1735 2321 1793 2348 ex

325 2374 492 2415 incuria
523 2374 717 2426 quadam
750 2380 794 2414 et
826 2374 1109 2428 negligentia.
1172 2374 1317 2415 Multa
1348 2381 1496 2416 autem
1529 2380 1716 2421 suadent
1746 2382 1791 2422 in

324 2448 614 2501 suscipiendis
657 2447 739 2488 sibi
782 2448 897 2488 ultro
948 2448 1092 2501 poenis
1135 2449 1369 2501 superioris
1412 2457 1647 2503 expectare
1689 2468 1790 2495 con-

324 2535 512 2563 sensum.
577 2521 666 2562 Sed
690 2522 909 2575 praecipue
931 2528 1128 2575 quatuor.

413 2596 560 2636 Prima
593 2596 704 2635 ratio
742 2610 800 2636 ex
844 2595 1058 2649 religiosae
1101 2596 1366 2636 obedientiae
1408 2603 1564 2639 natura
1614 2601 1790 2653 petitur,

324 2671 428 2724 quia
460 2683 559 2710 cum
592 2669 795 2710 subditus
827 2671 892 2710 sui
920 2670 1031 2723 juris
1062 2670 1317 2723 arbitriique
1354 2685 1441 2712 non
1474 2673 1540 2723 sit,
1570 2688 1714 2728 neque
1743 2678 1790 2718 in

322 2758 483 2798 corpus
515 2757 642 2784 suum
672 2743 839 2796 aliquid
870 2745 1021 2797 possit,
1052 2743 1214 2796 injuste
1246 2751 1379 2797 atque
1412 2746 1559 2799 inique
1591 2748 1724 2791 faciat
1754 2751 1791 2792 51

323 2818 492 2872 absque
511 2817 757 2873 Superioris
773 2832 965 2870 assensu,
985 2818 1054 2859 cui
1072 2832 1119 2859 se
1134 2823 1278 2859 totum
1294 2819 1490 2870 credidit,
1506 2823 1791 2875 poenitentias

927 2907 940 2952 ἦ
965 2909 1007 2942 In
1020 2909 1182 2943 Paraenes.
