1903 3197
265 222 323 269 52
688 209 770 255 De
804 209 1057 258 Soczletatis
1090 209 1225 258 Fine.

259 348 426 383 rectam
461 348 656 383 mentem
690 356 777 383 non
810 349 970 396 potest,
1006 344 1162 384 saltem
1202 345 1328 385 nobis
1362 358 1507 385 creare
1541 346 1733 398 pericula

260 430 318 457 ex
357 417 573 470 frequenti
614 416 844 457 hominum
888 419 1218 468 consuetudine,
1262 425 1305 459 et
1347 419 1562 459 libertatis
1605 433 1730 459 occa-

262 492 396 541 sione,
430 497 478 531 ut
510 491 617 531 dum
653 491 749 531 aliis
787 492 997 544 prodesse
1031 493 1245 542 volumus,
1280 493 1405 533 nobis
1443 493 1548 546 ipsis
1585 494 1732 545 potius

260 579 507 606 noceamus.
572 565 750 618 Duplici
785 580 977 618 namque
1007 581 1064 606 ex
1097 567 1241 620 capite
1274 567 1467 620 periCula
1499 567 1732 608 imminent

261 655 361 681 cum
418 642 536 681 varia
593 641 689 680 loca
751 654 1070 693 peragramus3
1154 648 1206 690 10,
1266 642 1445 694 quidem
1508 655 1565 681 ex
1629 642 1731 682 vitae

263 716 466 755 libertate
499 729 549 755 ac
593 714 842 763 solitudine,
888 729 986 754 cum
1030 721 1158 755 extra
1208 716 1397 756 coenobii
1441 716 1731 768 disciplinam,

262 788 534 840 fratrumque
568 793 733 828 coetum
766 789 950 841 agimus,
986 803 1173 841 quorum
1207 790 1418 830 societate
1455 796 1498 830 et
1536 804 1732 830 commu-

259 863 390 903 nione
417 863 634 914 juvamur,
668 869 716 902 ut
749 863 864 902 enim
898 863 1057 902 dicitur
1090 863 1205 903 Eccl.
1236 876 1290 914 4:
1330 864 1446 903 “Vae
1480 863 1587 913 soli;
1630 864 1733 916 quia

261 951 361 978 cum
404 937 619 986 ceciderit,
663 950 750 976 non
793 936 927 976 habet
970 937 1276 977 sublevantem
1319 936 1398 977 se.''
1464 937 1733 990 Quanquam

263 1012 380 1051 enim
408 1024 556 1051 comes
585 1010 744 1063 aliquis
775 1024 949 1063 semper
979 1011 1245 1063 adjungitur,
1279 1011 1378 1063 plus
1410 1017 1559 1051 tamen
1593 1012 1736 1061 multi,

263 1099 395 1137 quam
440 1099 552 1125 unus
594 1090 751 1137 potest.
817 1085 1063 1123 Praesertim
1107 1085 1226 1135 quod
1264 1098 1382 1137 saepe
1420 1086 1590 1134 accidit,
1628 1093 1676 1126 ut
1710 1100 1736 1126 a

261 1160 423 1200 comite
455 1159 501 1207 is,
527 1160 600 1211 qui
635 1159 834 1206 mittitur,
869 1157 1159 1210 disjungatur,
1190 1159 1388 1198 maxime
1419 1159 1538 1212 apud
1573 1159 1738 1210 Indos3

263 1246 405 1285 neque
447 1232 563 1272 enim
607 1237 821 1284 perpetuo
863 1231 992 1271 simul
1036 1245 1130 1271 esse
1174 1239 1369 1284 possunt.
1454 1233 1551 1272 Imo
1595 1238 1638 1272 et
1679 1234 1737 1273 ob

261 1306 375 1347 hanc
417 1320 596 1346 causam
640 1319 788 1346 comes
832 1306 1019 1355 additur,
1058 1311 1106 1344 ut
1148 1319 1235 1346 non
1279 1306 1413 1347 modo
1451 1306 1620 1356 solatio,
1659 1308 1736 1348 sed

260 1383 394 1422 ctiam
427 1380 595 1421 auxilio
631 1380 669 1420 ei
709 1380 879 1420 futurus
912 1381 980 1427 sit,
1015 1379 1337 1433 Apostolorum
1367 1381 1572 1421 videlicet
1603 1395 1736 1431 more,

261 1470 373 1508 quos
396 1456 557 1495 scimus
580 1469 605 1495 a
630 1454 806 1495 Christo
829 1455 956 1494 binos
980 1454 1035 1494 ad
1058 1455 1387 1507 praedicandam
1412 1455 1543 1495 fuisse
1566 1456 1736 1505 missos,

264 1544 363 1570 cum
407 1535 588 1582 possent
630 1528 789 1581 singuli
834 1528 981 1581 plures
1015 1529 1204 1581 populos
1237 1529 1384 1578 obire;
1428 1529 1547 1581 quod
1590 1530 1738 1569 obser-

262 1611 412 1644 vatum
457 1604 676 1656 deinceps,
711 1604 859 1655 quoad
900 1603 990 1642 fieri
1028 1603 1183 1655 potuit,
1220 1603 1276 1643 ab
1314 1603 1514 1643 Ecclesia
1551 1603 1738 1656 legimus

264 1679 382 1731 apud
406 1679 574 1718 Lucam
600 1678 642 1717 in
667 1678 807 1726 Actis,
832 1691 891 1717 cc.
917 1679 953 1725 8,
983 1689 1043 1728 14,
1065 1686 1132 1728 ‚15.

350 1760 407 1801 20,
444 1751 641 1792 Pericula
665 1752 899 1791 imminent
923 1766 980 1791 ex
1008 1753 1242 1800 sexcentis,
1269 1757 1316 1791 ut
1338 1751 1635 1804 significatum
1659 1760 1737 1801 est,

263 1827 568 1868 occasionibus
603 1826 810 1866 secularis
852 1839 1122 1878 congressus.
1189 1825 1337 1878 “Quis
1380 1826 1496 1865 enim
1539 1826 1739 1867 ambulat

264 1915 395 1954 super
417 1914 579 1953 prunas
601 1906 649 1940 ut
672 1913 759 1939 non
784 1900 1101 1940 comburantur
1122 1900 1287 1953 plantae
1311 1900 1403 1953 ejus
1421 1899 1486 1940 ?”1
1543 1901 1672 1950 Nam,
1697 1901 1739 1940 in

264 1975 590 2016 Collationibus
624 1981 812 2027 patrum,
838 1974 996 2014 Abbas
1028 1975 1261 2015 Abraham
1300 1976 1459 2015 rectius
1492 1989 1586 2015 esse
1618 1974 1740 2016 ducit

268 2050 438 2090 “eremi
482 2049 790 2089 tenuissimum
834 2049 1024 2088 fructum
1068 2050 1292 2102 indirupta
1328 2049 1522 2102 jugitate
1568 2049 1737 2096 sectari,

267 2138 400 2177 quem
433 2123 564 2163 nullae
597 2122 828 2162 saeculares
860 2136 986 2170 curae,
1012 2123 1132 2162 nulla
1164 2123 1425 2162 cenodoxiae
1454 2137 1503 2162 ac
1530 2123 1737 2163 vanitatis

267 2198 446 2238 arrodat
492 2197 635 2245 elatio,
680 2209 813 2248 quam
862 2196 1068 2235 affectare
1120 2197 1238 2236 lucra
1290 2196 1363 2236 illa
1416 2197 1595 2249 majora,
1638 2211 1737 2249 quae

265 2273 398 2312 etiam
437 2271 472 2310 si
509 2276 664 2323 parata
699 2270 859 2310 fuerint
895 2270 1272 2322 quaestuosissima
1306 2272 1589 2311 conversione
1627 2271 1738 2311 mul-

268 2354 427 2393 torum,
481 2344 744 2385 necessitate
796 2350 946 2384 tamen
1010 2344 1246 2384 mundanae
1298 2345 1643 2385 conversationis
1695 2351 1739 2386 et

267 2419 537 2472 quotidianis
561 2418 879 2459 distentionum
903 2418 1269 2458 diminutionibus
1292 2416 1636 2458 absumentur.''2
1674 2418 1739 2459 Ut

273 2507 361 2533 non
396 2495 490 2533 sine
524 2506 656 2532 causa
684 2492 874 2532 vetuisse
903 2492 1105 2532 videatur
1137 2493 1226 2532 suis
1260 2491 1484 2545 discipulis
1519 2492 1738 2532 Dominus

272 2567 416 2607 adhuc
442 2566 733 2606 imbecillibus
757 2573 800 2607 et
823 2566 1017 2616 infirmis,
1041 2581 1094 2607 ne
1122 2567 1165 2606 in
1187 2567 1304 2607 viam
1331 2567 1529 2619 gentium
1556 2567 1740 2617 abirent,

271 2648 346 2682 aut
376 2642 417 2680 in
451 2641 650 2681 civitates
684 2640 1066 2682 Samaritanorum
1101 2642 1314 2681 intrarent
1333 2639 1366 2690 ;3
1388 2647 1431 2681 et
1454 2646 1556 2693 post
1579 2641 1740 2681 Resur-

271 2715 514 2755 rectionem
548 2727 687 2763 suam,
721 2727 775 2753 ne
817 2715 871 2754 ad
918 2714 1209 2767 Evangelium
1248 2714 1578 2766 praedicandum
1620 2715 1740 2767 prius

273 2789 509 2839 prodirent,
533 2801 667 2841 quam
700 2787 983 2827 induerentur
1004 2789 1164 2828 virtute
1196 2802 1253 2827 ex
1286 2787 1406 2828 alto.4

364 2864 450 2905 Hae
487 2868 589 2903 sunt
621 2862 752 2915 igitur
789 2862 1023 2915 praecipuae
1061 2862 1236 2902 fraudes
1274 2869 1407 2915 atque
1436 2863 1552 2912 vitia,
1583 2862 1741 2915 quibus

359 2951 372 2972 1
398 2953 493 2985 Prov.
514 2952 544 2985 6.
666 2951 680 2970 ²
704 2951 788 2984 Con.
811 2960 863 2992 24.
884 2963 911 2984 c.
936 2959 983 2992 13.
1109 2950 1123 2971 3
1147 2952 1269 2984 Matth.
1294 2961 1342 2985 10.
1465 2951 1479 2972 ⁴
1503 2953 1583 2985 Luc.
1600 2960 1652 2993 24.
