1903 3197
295 184 318 231 5
327 185 390 230 34
617 169 698 215 De
730 169 919 215 rczlz'one
954 169 1146 216 vivendi
1179 168 1441 215 Societatz's.

294 303 513 342 Minorem
536 302 771 342 duodecim
793 302 920 342 annis
938 302 1112 343 cuidam
1136 303 1179 342 in
1203 301 1357 342 morbo
1375 301 1466 341 seni
1485 288 1772 350 famulatum„

292 390 370 418 nec
412 390 607 429 unquam
650 376 874 429 placidum
915 376 972 417 ab
1014 391 1066 417 eo
1107 376 1291 417 verbum
1344 374 1585 415 abstulisse.
1670 373 1759 415 Sed

293 451 678 504 appropinquante
708 456 848 491 morte
878 451 1138 503 patientiam
1161 449 1344 502 Joannis
1374 463 1399 488 a
1429 462 1532 488 sene
1563 448 1636 488 illo
1665 447 1774 487 aliis.

293 526 470 566 senibus
512 526 898 575 commendatam3
952 524 1045 578 ejus
1088 525 1203 564 enim
1249 522 1523 576 apprehensa
1565 523 1776 571 dextera„

296 599 540 640 senioribus
583 599 643 639 ita
686 599 878 638 dixisse:
924 598 1022 647 Hic,
1059 612 1192 651 quam
1229 598 1398 645 videtis,
1436 595 1638 649 Angelus
1675 608 1775 635 non.

292 673 427 714 homo
469 679 546 721 est,
585 673 658 725 qui
701 679 768 713 tot
810 673 934 712 annis
982 671 1088 712 mihi
1132 672 1363 725 :egrotanti
1408 670 1670 719 ministrans,
1708 682 1763 709 ne

292 747 474 787 verbum
513 747 691 799 quidem
730 760 754 786 a
792 760 863 786 me
899 746 1063 786 bonum
1103 747 1281 798 accepit.

383 821 435 860 In
476 819 543 859 his
586 820 716 872 igitur
759 819 1100 859 ministrantium
1143 819 1357 871 patientia
1398 819 1558 859 versari
1601 818 1777 866 debe¹c;¹

293 894 417 946 cujus
469 893 728 934 exercendae
780 893 921 944 gratia
965 892 1006 931 P.
1053 892 1105 931 N.
1153 892 1353 943 Ignatius
1395 906 1560 941 omnes,
1603 893 1676 944 qui
1719 892 1762 931 in

295 968 519 1009 Societate
561 967 855 1007 admittuntur
896 966 939 1005 in
982 965 1310 1005 valetudinariis
1360 972 1584 1006 menstruo
1618 966 1762 1019 spatio

294 1042 467 1095 probari
510 1040 766 1090 constituit;
819 1045 952 1092 atque
994 1039 1077 1079 1100
1129 1045 1194 1079 est
1246 1052 1382 1079 unum
1432 1040 1486 1079 de
1534 1040 1764 1092 praecipuis

293 1115 622 1169 experimentis,
642 1114 696 1154 de
720 1113 879 1166 quibus
903 1113 1046 1166 agitur
1068 1113 1110 1152 in
1129 1114 1335 1153 examine
1355 1112 1764 1154 Constitutionum.1

294 1189 506 1242 Quisquis
558 1187 675 1228 enim
727 1187 919 1240 seipsum
971 1186 1251 1227 assuefecerit
1293 1186 1407 1236 soris,
1451 1193 1528 1228 aut
1570 1187 1619 1227 iis
1662 1201 1761 1240 quae

294 1264 438 1303 sensui
491 1267 747 1313 naturaeque
799 1266 1046 1313 repugnant
1097 1260 1377 1313 perferendis,
1420 1268 1496 1301 aut
1545 1261 1782 1302 laboribus¹

294 1339 369 1390 qui
399 1336 710 1390 {egrotantium
741 1336 872 1375 c'ausa
901 1334 1210 1388 suscipiuntur,
1235 1341 1312 1375 aut
1341 1349 1490 1375 eorum
1515 1336 1588 1388 qui
1612 1335 1766 1376 morbo

296 1411 444 1452 afflicti
474 1415 587 1459 sunt,
611 1410 806 1450 moribus
836 1408 1127 1461 asperioribus
1156 1422 1207 1448 ac
1239 1408 1485 1449 durioribus
1514 1409 1781 1458 tolerandis,

296 1500 365 1526 nae
397 1485 467 1525 ille
503 1485 545 1523 in
580 1483 783 1523 curandis
813 1483 1016 1523 fratribus
1051 1483 1139 1523 suis
1170 1483 1289 1523 domi
1326 1497 1412 1523 non
1449 1497 1656 1536 magnam
1690 1483 1767 1523 ad—

298 1560 479 1600 modum
514 1571 688 1598 nauseae
722 1557 969 1597 molestiam
1003 1557 1172 1605 sentiet,
1208 1570 1350 1609 neque
1382 1564 1457 1597 aut
1490 1557 1765 1598 ministrandi

296 1633 479 1681 labores,
510 1637 588 1672 aut
619 1631 928 1683 aegrotantium
963 1631 1154 1670 immites
1186 1644 1328 1670 mores
1361 1631 1545 1670 nimium
1578 1632 1766 1683 graviter

297 1706 570 1758 molesteque
592 1704 710 1745 feret.
777 1705 906 1744 Hanc
929 1704 1187 1757 patientiam
1218 1705 1348 1744 docet
1376 1718 1456 1744 nos
1479 1710 1655 1745 sanctus
1679 1705 1763 1744 Dei

297 1782 459 1830 timor;
504 1779 617 1832 quia,
653 1784 701 1818 ut
736 1778 894 1818 dicitur
928 1778 1042 1818 Eccl.
1077 1789 1128 1817 2:
1174 1778 1300 1830 “Qui
1331 1778 1488 1818 timent
1521 1779 1778 1819 Dominum

296 1855 560 1908 patientiam
595 1851 795 1893 habent.''
860 1851 968 1892 Ideo
1006 1853 1052 1892 B.
1078 1852 1342 1892 Benedictus
1381 1853 1423 1892 in
1462 1852 1645 1905 regulis2
1680 1853 1766 1906 pri-

298 1942 417 1969 mam
441 1928 554 1968 hanc
577 1928 621 1966 in
644 1940 707 1974 eo,
732 1926 804 1978 qui
830 1925 1047 1966 ministrat
1069 1927 1257 1978 fegrotis,
1282 1927 1421 1979 exigit
1447 1927 1765 1967 conditionem:

300 2004 401 2044 “Et
433 1999 649 2051 servitor‚''
683 2000 834 2052 inquit,
869 2000 1066 2040 “timens
1100 2000 1258 2048 Deum,
1292 2006 1336 2040 et
1367 2000 1554 2053 diligens
1585 2014 1635 2041 ac
1666 2000 1767 2041 soli-

298 2076 445 2118 citus.''
516 2075 563 2116 Si
606 2075 703 2127 quis
745 2074 877 2126 igitur
917 2074 1120 2114 timorem
1164 2074 1357 2121 Domini,
1401 2075 1576 2127 aegrotis
1619 2075 1766 2115 minis-
1804 2122 1808 2126 .

298 2151 469 2199 trando,
504 2149 739 2203 possideat,
778 2148 918 2200 ipsam
954 2162 1140 2200 quoque,
1176 2162 1275 2201 quze
1308 2149 1363 2189 ad
1399 2149 1442 2188 id
1478 2149 1765 2189 ministerium

301 2224 544 2266 necessaria
574 2228 650 2271 est,
678 2222 937 2275 patientiam
970 2222 1222 2275 possidebit.
1285 2222 1438 2275 Atque
1469 2223 1551 2263 hoc
1584 2230 1650 2264 est
1681 2224 1766 2276 pri-

299 2312 433 2347 mum,
457 2298 500 2337 in
523 2311 610 2349 quo
633 2296 765 2336 debet
788 2296 1084 2335 ministrorum
1108 2297 1162 2336 de
1185 2298 1360 2348 aegrotis
1383 2311 1485 2337 cura
1506 2298 1677 2338 versari.

387 2372 639 2415 Secundum
663 2384 765 2410 vero
788 2375 853 2409 est
877 2372 897 2388 “
914 2369 1159 2417 sedulitas,''
1183 2384 1270 2422 qua
1292 2376 1385 2410 tum
1409 2371 1648 2423 diligentia,
1671 2377 1765 2411 tum

299 2445 544 2493 solicitudo,
575 2457 684 2496 quas
719 2443 823 2483 item
860 2443 1123 2483 Benedictus
1153 2444 1303 2496 exigit,
1334 2444 1588 2484 continetur.
1655 2444 1765 2485 Dili-

301 2520 460 2573 gentia,
495 2531 549 2558 ne
585 2517 641 2557 sit
678 2516 882 2556 remissus
916 2522 958 2556 et
990 2515 1145 2565 lentus,
1184 2517 1257 2569 qui
1295 2519 1527 2569 {egrotanti
1565 2518 1765 2559 deservit.

302 2595 445 2636 Sanus
479 2592 643 2644 quippe
676 2596 808 2642 atque
843 2590 1012 2642 integer
1045 2595 1192 2643 potest
1226 2589 1297 2630 ille
1334 2591 1512 2643 quidem
1549 2591 1667 2632 haud
1705 2592 1766 2632 ita

302 2681 464 2721 magno
494 2664 775 2706 incommodo
805 2677 950 2704 moras
976 2665 1143 2717 perpeti
1167 2664 1464 2705 ministrorum
1486 2678 1495 2714 ;
1528 2679 1645 2718 aeger
1665 2679 1786 2707 vero-

299 2755 499 2798 persaepe
528 2740 696 2792 absque
725 2751 888 2791 magno
917 2737 1180 2778 detrimento
1210 2751 1296 2778 non
1326 2744 1501 2792 potest,
1534 2739 1615 2779 nisi
1648 2741 1764 2779 enim

302 2824 378 2859 aut
408 2815 671 2868 tempestive
702 2813 797 2862 cibi,
830 2818 906 2852 aut
937 2813 1197 2865 opportunis
1232 2812 1462 2853 medicinae
1497 2813 1787 2866 temporibus.

725 2910 734 2929 1
762 2912 801 2944 C,
822 2920 850 2951 4.
874 2910 960 2952 §19-
1198 2910 1211 2928 ²
1236 2911 1273 2943 C.
1295 2911 1345 2951 36.
