1903 3197
525 145 604 190 De
636 144 893 190 obedientia
929 145 1129 200 medicis,
1157 150 1232 190 etc.
1525 158 1548 203 5
1564 161 1580 190 1
1593 158 1616 204 5

146 282 426 331 agnoscatur,
463 282 556 316 tum
595 282 672 316 aut
713 275 993 328 Superiorem
1026 283 1215 330 aegrotus
1253 278 1463 326 consulat,
1498 277 1620 330 cujus

152 352 312 391 deinde
363 351 539 391 nutibus
587 350 867 402 acquiescat;
920 358 996 391 aut
1047 358 1163 392 certe
1208 353 1427 392 medicum
1475 353 1620 405 ipsum

145 424 429 477 permodeste
460 425 711 473 admoneat,
735 425 824 464 suis
846 425 1008 464 viribus
1035 431 1167 477 atque
1190 427 1337 466 animo
1361 426 1620 476 declaratis:

143 500 224 552 ‘qui
259 500 293 539 si
329 500 369 539 in
406 500 624 539 sententia
660 497 944 538 nihilominus
978 500 1226 551 perstiterit,
1264 502 1501 541 existemet
1537 501 1618 542 sibi

148 573 240 613 sine
272 572 546 613 haesitatione
578 586 629 612 ac
660 573 756 611 sine
790 574 1065 612 recusatione
1097 574 1354 625 parendum.

238 647 289 686 In
333 647 383 686 iis
423 660 525 686 vero
567 645 705 695 rebus,
745 660 845 698 quae
889 646 1077 686 inimicae
1118 646 1185 686 vel
1233 646 1482 698 injucundae
1520 654 1621 688 sunt

146 722 356 769 sensibus,
396 720 664 773 periclitatur
709 720 964 760 obedientia
1006 721 1208 770 tironum,
1247 734 1499 773 eorumque,
1543 722 1618 774 qui

146 794 343 835 nondum
386 795 490 834 satis
525 794 675 834 firmos
718 795 761 834 in
798 795 958 835 virtute
997 795 1164 834 radices
1202 800 1396 847 egerunt,
1432 800 1480 834 ut
1517 808 1617 834 cum

145 870 414 921 imperantur
458 883 484 908 a
532 869 712 908 medicis
756 882 908 909 amara
955 869 1205 922 pharmaca,
1250 869 1500 908 ustionesve
1542 875 1620 908 aut

115 942 432 990 -cantharides,
469 948 545 982 aut
586 942 777 982 insolens
815 943 1130 996 phlebotomia,
1166 942 1234 982 vel
1273 956 1371 983 cum
1410 942 1465 982 ab
1503 942 1619 982 infir-

116 1017 292 1056 ·mariis
335 1017 632 1069 ministrisque
676 1030 830 1069 parum
876 1022 1012 1069 gratae
1059 1017 1311 1069 praebentur
1346 1015 1499 1069 epulae,
1544 1022 1621 1056 aut

144 1091 189 1131 in
221 1090 390 1131 ardenti
427 1090 497 1130 siti
531 1097 663 1142 potus
702 1091 908 1130 omnibus
944 1091 1227 1138 interdicitur,
1261 1097 1336 1130 aut
1368 1091 1410 1130 in
1443 1090 1621 1131 horrore

144 1165 227 1204 cibi
270 1171 314 1204 et
355 1164 531 1204 fastidio
570 1164 787 1204 stomachi
826 1171 1075 1217 praeparata
1123 1179 1222 1205 esca
1263 1165 1506 1217 porrigitur,
1545 1172 1621 1205 aut

139 1238 335 1290 denique
386 1237 550 1289 aliquid
593 1237 712 1277 aliud
762 1238 1063 1278 adversarium
1115 1239 1314 1278 sensibus
1368 1239 1618 1291 imperatur.

145 1311 390 1351 Praesertim
432 1324 534 1351 vero
576 1312 846 1363 perdifficilis
894 1312 1068 1351 videtur
1115 1313 1380 1361 obedientia,
1424 1326 1523 1351 cum
1576 1314 1619 1352 in

144 1384 451 1425 ardentissima
480 1385 562 1433 siti,
595 1391 642 1425 ut
680 1385 786 1435 dixi,
819 1386 1131 1425 abstinendum
1166 1391 1231 1425 est
1260 1391 1394 1438 potu:
1426 1385 1622 1438 plerique

141 1459 260 1498 enim
287 1465 532 1512 temperare
564 1472 610 1498 se
642 1472 731 1498 non
766 1465 961 1512 possunt,
986 1459 1091 1511 quin
1115 1459 1265 1498 furtim
1299 1465 1451 1499 contra
1483 1460 1620 1499 medin

140 1546 292 1572 corum
331 1538 602 1585 praeceptum
638 1532 759 1572 sitim
796 1538 995 1585 quierant
1030 1533 1291 1586 extinguere
1330 1546 1493 1585 magno
1531 1546 1617 1573 non

144 1607 277 1646 modo
310 1607 502 1659 corporis
524 1620 674 1646 verum
699 1607 832 1646 etiam
857 1607 991 1647 animi
1015 1607 1191 1656 damno,
1215 1606 1482 1647 conscientia
1510 1620 1617 1646 mox

143 1679 408 1720 reclamante
452 1693 545 1719 esse
586 1693 764 1720 causam
811 1681 939 1720 morti
988 1680 1150 1720 datam.
1227 1680 1304 1720 Ad
1354 1680 1617 1720 obedientiae

144 1759 292 1794 autem
321 1754 560 1806 puritatem
594 1760 764 1806 spectat
793 1753 859 1793 his
882 1754 1154 1806 temporibus
1187 1768 1232 1794 se
1265 1755 1407 1807 ipsum
1430 1755 1615 1803 vincere,

142 1828 313 1880 sibique
355 1828 581 1880 imperare,
620 1833 664 1866 et
699 1828 755 1867 ad
792 1828 1097 1880 praescriptum
1137 1828 1295 1867 medici
1332 1828 1481 1868 omnia
1523 1842 1617 1869 sus-

110 1901 296 1954 -cipere,
350 1901 456 1940 nihil
509 1901 752 1949 abhorrere,
796 1901 903 1941 nihil
957 1916 1169 1955 respuere,
1220 1909 1264 1942 et
1310 1903 1518 1943 ministris
1570 1917 1616 1943 se

143 1975 461 2027 obsequentem
529 1976 571 2014 in
635 1975 841 2015 omnibus
906 1975 1142 2016 exhibere:
1220 1976 1322 2029 quia
1385 1977 1618 2017 minimum

141 2049 352 2102 quodque
419 2055 610 2089 erratum
678 2049 951 2101 gravioribus
1018 2051 1262 2102 praesertim
1335 2051 1378 2090 in
1453 2051 1618 2092 morbis

145 2123 329 2162 maximi
366 2123 545 2176 periculi
581 2137 675 2163 esse
718 2123 841 2163 solet.
916 2123 1106 2163 Vincere
1148 2131 1296 2164 autem
1333 2137 1509 2164 sensum
1552 2124 1619 2165 his

142 2196 426 2249 temporibus,
461 2210 560 2236 cum
595 2197 790 2249 perfecta
826 2211 851 2237 a
889 2197 1017 2237 nobis
1057 2198 1252 2251 exigitur
1286 2212 1390 2251 erga
1423 2198 1618 2239 medicos

141 2276 185 2310 et
232 2270 491 2310 infirmarios
538 2271 801 2320 obedientia,
838 2272 921 2311 tria
970 2285 1049 2312 nos
1100 2272 1332 2312 docebunt.
1418 2272 1615 2312 Primum

141 2344 349 2397 exempla
383 2350 645 2394 sanctorum,
682 2345 756 2397 qui
791 2359 890 2385 cum
922 2345 1036 2385 male
1068 2345 1291 2394 haberent,
1331 2359 1382 2386 ea
1419 2347 1617 2399 accipere

142 2431 166 2457 a
188 2418 348 2470 quibus
370 2432 522 2458 sensus
545 2419 761 2468 abhorret,
786 2425 961 2460 strenue
992 2434 1042 2460 ac
1074 2419 1258 2460 viriliter
1286 2427 1615 2461 consueverunt.

142 2490 206 2530 Ut
249 2491 295 2530 B.
321 2491 583 2532 Laurentius
629 2492 931 2544 Justinianus,1
969 2495 1036 2533 cui
1079 2507 1178 2533 cum
1222 2494 1340 2546 ignis
1382 2500 1426 2534 et
1463 2494 1615 2534 incisio

108 2595 111 2599 .
141 2571 368 2617 pararetur
400 2566 456 2605 ad
491 2567 764 2607 exsecandas
796 2573 996 2617 strumas,
1031 2581 1267 2608 conversus
1302 2568 1359 2608 ad
1392 2568 1614 2608 ministros

139 2637 334 2688 “Quid’'
388 2639 539 2691 inquit,
594 2642 615 2660 “
633 2640 839 2691 metuitis,
883 2641 1072 2681 fratres?
1136 2641 1323 2681 accedat
1380 2641 1612 2681 confestim

112 2711 364 2762 ⁴novacula,
428 2718 471 2752 et
525 2713 726 2754 ardentia
780 2720 1034 2754 caumatum
1095 2713 1453 2754 instrumenta:''
1513 2728 1613 2767 quae

105 2796 110 2801 ’
139 2786 318 2838 quidem
352 2787 446 2839 ipsa
481 2787 541 2826 sic
575 2787 764 2840 pertulit,
796 2795 843 2829 ut
877 2802 931 2829 ne
965 2789 1227 2841 ingemuerit
1259 2788 1451 2840 quidem,
1475 2789 1609 2830 incla-

572 2875 584 2894 1
609 2877 650 2908 In
672 2877 739 2910 vita
764 2888 803 2910 ex
828 2879 939 2917 Leonq
964 2878 1170 2920 Justiunano.

313 2937 387 2968 HH
425 2940 448 2968 2
