<?xml version="1.0" encoding="UTF-8"?>
<!DOCTYPE html PUBLIC "-//W3C//DTD XHTML 1.0 Transitional//EN"
    "http://www.w3.org/TR/xhtml1/DTD/xhtml1-transitional.dtd">
<html xmlns="http://www.w3.org/1999/xhtml" xml:lang="en" lang="en">
 <head>
  <title>
</title>
<meta http-equiv="Content-Type" content="text/html;charset=utf-8" />
  <meta name='ocr-system' content='tesseract 3.04.00' />
  <meta name='ocr-capabilities' content='ocr_page ocr_carea ocr_par ocr_line ocrx_word'/>
</head>
<body>
  <div class='ocr_page' id='page_1' title='image "./nicolaiorlandini00orla/nicolaiorlandini00orla_0510.png"; bbox 0 0 1903 3197; ppageno 0'>
   <div class='ocr_carea' id='block_1_1' title="bbox 290 149 1438 207">
    <p class='ocr_par' dir='ltr' id='par_1_1' title="bbox 290 149 1438 207">
     <span class='ocr_line' id='line_1_1' title="bbox 290 149 1438 207; baseline 0.004 -13"><span class='ocrx_word' id='word_1_1' title='bbox 290 164 392 207; x_wconf 80' lang='lat'>490</span> <span class='ocrx_word' id='word_1_2' title='bbox 616 149 696 195; x_wconf 77' lang='lat' dir='ltr'>De</span> <span class='ocrx_word' id='word_1_3' title='bbox 728 149 919 196; x_wconf 68' lang='lat' dir='ltr'>ratione</span> <span class='ocrx_word' id='word_1_4' title='bbox 952 150 1145 198; x_wconf 74' lang='lat' dir='ltr'>vivendi</span> <span class='ocrx_word' id='word_1_5' title='bbox 1179 152 1438 200; x_wconf 78' lang='lat' dir='ltr'>Societatz&#39;s.</span> 
     </span>
    </p>
   </div>
   <div class='ocr_carea' id='block_1_2' title="bbox 290 280 1770 2841">
    <p class='ocr_par' dir='ltr' id='par_1_2' title="bbox 291 280 1764 555">
     <span class='ocr_line' id='line_1_2' title="bbox 293 280 1764 338; baseline 0.005 -18"><span class='ocrx_word' id='word_1_6' title='bbox 293 280 412 321; x_wconf 87' lang='lat' dir='ltr'>enirn</span> <span class='ocrx_word' id='word_1_7' title='bbox 450 281 524 321; x_wconf 90' lang='lat' dir='ltr'>diu</span> <span class='ocrx_word' id='word_1_8' title='bbox 561 281 763 322; x_wconf 83' lang='lat' dir='ltr'>sustineri</span> <span class='ocrx_word' id='word_1_9' title='bbox 799 282 1020 324; x_wconf 83' lang='lat' dir='ltr'>simulatio</span> <span class='ocrx_word' id='word_1_10' title='bbox 1057 289 1212 337; x_wconf 86' lang='lat' dir='ltr'>potest.</span> <span class='ocrx_word' id='word_1_11' title='bbox 1278 285 1350 325; x_wconf 93' lang='lat' dir='ltr'>Ita</span> <span class='ocrx_word' id='word_1_12' title='bbox 1391 298 1548 338; x_wconf 91' lang='lat' dir='ltr'>corpus</span> <span class='ocrx_word' id='word_1_13' title='bbox 1590 286 1633 326; x_wconf 91' lang='lat' dir='ltr'>in</span> <span class='ocrx_word' id='word_1_14' title='bbox 1676 286 1764 327; x_wconf 91' lang='lat' dir='ltr'>dis-</span> 
     </span>
     <span class='ocr_line' id='line_1_3' title="bbox 295 354 1761 411; baseline 0.004 -17"><span class='ocrx_word' id='word_1_15' title='bbox 295 354 481 394; x_wconf 90' lang='lat' dir='ltr'>scrimen</span> <span class='ocrx_word' id='word_1_16' title='bbox 540 355 784 406; x_wconf 81' lang='lat' dir='ltr'>adducitur,</span> <span class='ocrx_word' id='word_1_17' title='bbox 835 362 927 396; x_wconf 90' lang='lat' dir='ltr'>tam</span> <span class='ocrx_word' id='word_1_18' title='bbox 991 357 1222 410; x_wconf 85' lang='lat' dir='ltr'>multiplici</span> <span class='ocrx_word' id='word_1_19' title='bbox 1277 358 1504 411; x_wconf 88' lang='lat' dir='ltr'>epularum</span> <span class='ocrx_word' id='word_1_20' title='bbox 1559 360 1761 400; x_wconf 82' lang='lat' dir='ltr'>varietati</span> 
     </span>
     <span class='ocr_line' id='line_1_4' title="bbox 295 416 1761 485; baseline 0.005 -18"><span class='ocrx_word' id='word_1_21' title='bbox 295 428 477 468; x_wconf 90' lang='lat' dir='ltr'>minime</span> <span class='ocrx_word' id='word_1_22' title='bbox 512 416 766 480; x_wconf 88' lang='lat' dir='ltr'>assuetum;</span> <span class='ocrx_word' id='word_1_23' title='bbox 818 435 867 469; x_wconf 92' lang='lat' dir='ltr'>ut</span> <span class='ocrx_word' id='word_1_24' title='bbox 903 430 1036 471; x_wconf 86' lang='lat' dir='ltr'>etiam</span> <span class='ocrx_word' id='word_1_25' title='bbox 1072 431 1283 484; x_wconf 81' lang='lat' dir='ltr'>postridie</span> <span class='ocrx_word' id='word_1_26' title='bbox 1319 445 1451 485; x_wconf 91' lang='lat' dir='ltr'>saepe</span> <span class='ocrx_word' id='word_1_27' title='bbox 1488 433 1668 474; x_wconf 90' lang='lat' dir='ltr'>ferenda</span> <span class='ocrx_word' id='word_1_28' title='bbox 1704 434 1761 474; x_wconf 88' lang='lat' dir='ltr'>sit</span> 
     </span>
     <span class='ocr_line' id='line_1_5' title="bbox 291 501 1513 555; baseline 0.004 -14"><span class='ocrx_word' id='word_1_29' title='bbox 291 502 488 541; x_wconf 88' lang='lat' dir='ltr'>cruditas</span> <span class='ocrx_word' id='word_1_30' title='bbox 520 507 564 542; x_wconf 90' lang='lat' dir='ltr'>et</span> <span class='ocrx_word' id='word_1_31' title='bbox 595 501 780 555; x_wconf 79' lang='lat' dir='ltr'>languor</span> <span class='ocrx_word' id='word_1_32' title='bbox 810 504 1036 553; x_wconf 84' lang='lat' dir='ltr'>stomachi,</span> <span class='ocrx_word' id='word_1_33' title='bbox 1070 505 1310 546; x_wconf 86' lang='lat' dir='ltr'>saturitatis</span> <span class='ocrx_word' id='word_1_34' title='bbox 1342 505 1513 546; x_wconf 92' lang='lat' dir='ltr'>indicia.</span> 
     </span>
    </p>

    <p class='ocr_par' dir='ltr' id='par_1_3' title="bbox 290 575 1767 1954">
     <span class='ocr_line' id='line_1_6' title="bbox 383 575 1762 633; baseline 0.005 -19"><span class='ocrx_word' id='word_1_35' title='bbox 383 575 640 629; x_wconf 83' lang='lat' dir='ltr'>Disciplinae</span> <span class='ocrx_word' id='word_1_36' title='bbox 676 590 779 617; x_wconf 87' lang='lat' dir='ltr'>vero</span> <span class='ocrx_word' id='word_1_37' title='bbox 815 577 1029 630; x_wconf 82' lang='lat' dir='ltr'>religiosae</span> <span class='ocrx_word' id='word_1_38' title='bbox 1063 592 1220 630; x_wconf 88' lang='lat' dir='ltr'>causa;</span> <span class='ocrx_word' id='word_1_39' title='bbox 1259 580 1362 632; x_wconf 88' lang='lat' dir='ltr'>quia</span> <span class='ocrx_word' id='word_1_40' title='bbox 1397 579 1493 620; x_wconf 60' lang='lat' dir='ltr'>haec</span> <span class='ocrx_word' id='word_1_41' title='bbox 1524 581 1675 633; x_wconf 81' lang='lat' dir='ltr'>exigit,</span> <span class='ocrx_word' id='word_1_42' title='bbox 1714 588 1762 622; x_wconf 91' lang='lat' dir='ltr'>ut</span> 
     </span>
     <span class='ocr_line' id='line_1_7' title="bbox 293 651 1757 707; baseline 0.003 -18"><span class='ocrx_word' id='word_1_43' title='bbox 293 661 424 690; x_wconf 89' lang='lat' dir='ltr'>nemo</span> <span class='ocrx_word' id='word_1_44' title='bbox 462 655 591 690; x_wconf 81' lang='lat' dir='ltr'>extra</span> <span class='ocrx_word' id='word_1_45' title='bbox 627 651 952 701; x_wconf 87' lang='lat' dir='ltr'>monasterium,</span> <span class='ocrx_word' id='word_1_46' title='bbox 991 652 1368 704; x_wconf 85' lang='lat' dir='ltr'>quemadmodum</span> <span class='ocrx_word' id='word_1_47' title='bbox 1406 667 1463 693; x_wconf 80' lang='lat' dir='ltr'>ex</span> <span class='ocrx_word' id='word_1_48' title='bbox 1501 653 1757 707; x_wconf 86' lang='lat' dir='ltr'>Augustino</span> 
     </span>
     <span class='ocr_line' id='line_1_8' title="bbox 294 722 1762 780; baseline 0.003 -17"><span class='ocrx_word' id='word_1_49' title='bbox 294 722 562 773; x_wconf 89' lang='lat' dir='ltr'>dicebamus,</span> <span class='ocrx_word' id='word_1_50' title='bbox 606 724 699 764; x_wconf 86' lang='lat' dir='ltr'>sine</span> <span class='ocrx_word' id='word_1_51' title='bbox 740 731 962 778; x_wconf 79' lang='lat' dir='ltr'>praecepto</span> <span class='ocrx_word' id='word_1_52' title='bbox 1003 726 1249 766; x_wconf 87' lang='lat' dir='ltr'>manducet.</span> <span class='ocrx_word' id='word_1_53' title='bbox 1329 726 1471 780; x_wconf 90' lang='lat' dir='ltr'>quue</span> <span class='ocrx_word' id='word_1_54' title='bbox 1515 726 1665 767; x_wconf 89' lang='lat' dir='ltr'>multis</span> <span class='ocrx_word' id='word_1_55' title='bbox 1706 728 1762 767; x_wconf 93' lang='lat' dir='ltr'>de</span> 
     </span>
     <span class='ocr_line' id='line_1_9' title="bbox 290 796 1762 852; baseline 0.002 -15"><span class='ocrx_word' id='word_1_56' title='bbox 290 796 446 846; x_wconf 89' lang='lat' dir='ltr'>causis,</span> <span class='ocrx_word' id='word_1_57' title='bbox 483 797 559 836; x_wconf 91' lang='lat' dir='ltr'>sed</span> <span class='ocrx_word' id='word_1_58' title='bbox 593 798 813 850; x_wconf 63' lang='lat' dir='ltr'>praecipue</span> <span class='ocrx_word' id='word_1_59' title='bbox 846 798 994 838; x_wconf 91' lang='lat' dir='ltr'>tribus.</span> <span class='ocrx_word' id='word_1_60' title='bbox 1064 804 1114 838; x_wconf 92' lang='lat'>10.</span> <span class='ocrx_word' id='word_1_61' title='bbox 1150 799 1266 852; x_wconf 74' lang='lat' dir='ltr'>Quia</span> <span class='ocrx_word' id='word_1_62' title='bbox 1297 799 1504 840; x_wconf 90' lang='lat' dir='ltr'>abhorret</span> <span class='ocrx_word' id='word_1_63' title='bbox 1534 814 1559 840; x_wconf 87' lang='lat' dir='ltr'>a</span> <span class='ocrx_word' id='word_1_64' title='bbox 1591 800 1762 852; x_wconf 86' lang='lat' dir='ltr'>religio-</span> 
     </span>
     <span class='ocr_line' id='line_1_10' title="bbox 292 870 1760 926; baseline 0.004 -17"><span class='ocrx_word' id='word_1_65' title='bbox 292 884 441 910; x_wconf 90' lang='lat' dir='ltr'>sorum</span> <span class='ocrx_word' id='word_1_66' title='bbox 485 870 707 918; x_wconf 81' lang='lat' dir='ltr'>institutis,</span> <span class='ocrx_word' id='word_1_67' title='bbox 752 871 825 923; x_wconf 90' lang='lat' dir='ltr'>qui</span> <span class='ocrx_word' id='word_1_68' title='bbox 867 872 1030 911; x_wconf 89' lang='lat' dir='ltr'>ventris</span> <span class='ocrx_word' id='word_1_69' title='bbox 1070 872 1371 925; x_wconf 90' lang='lat' dir='ltr'>voluptatibus</span> <span class='ocrx_word' id='word_1_70' title='bbox 1418 875 1621 914; x_wconf 88' lang='lat' dir='ltr'>nuntium</span> <span class='ocrx_word' id='word_1_71' title='bbox 1666 874 1760 926; x_wconf 89' lang='lat' dir='ltr'>jam</span> 
     </span>
     <span class='ocr_line' id='line_1_11' title="bbox 295 943 1759 997; baseline 0.002 -13"><span class='ocrx_word' id='word_1_72' title='bbox 295 943 567 992; x_wconf 90' lang='lat' dir='ltr'>remiserunt,</span> <span class='ocrx_word' id='word_1_73' title='bbox 605 943 760 982; x_wconf 89' lang='lat' dir='ltr'>sectari</span> <span class='ocrx_word' id='word_1_74' title='bbox 802 943 989 983; x_wconf 88' lang='lat' dir='ltr'>divitum</span> <span class='ocrx_word' id='word_1_75' title='bbox 1021 958 1223 985; x_wconf 87' lang='lat' dir='ltr'>mensas:</span> <span class='ocrx_word' id='word_1_76' title='bbox 1264 946 1469 986; x_wconf 85' lang='lat' dir='ltr'>videntur</span> <span class='ocrx_word' id='word_1_77' title='bbox 1509 953 1658 987; x_wconf 88' lang='lat' dir='ltr'>autem</span> <span class='ocrx_word' id='word_1_78' title='bbox 1697 961 1759 997; x_wconf 90' lang='lat' dir='ltr'>ea,</span> 
     </span>
     <span class='ocr_line' id='line_1_12' title="bbox 295 1016 1762 1073; baseline 0.004 -18"><span class='ocrx_word' id='word_1_79' title='bbox 295 1030 393 1070; x_wconf 82' lang='lat' dir='ltr'>quae</span> <span class='ocrx_word' id='word_1_80' title='bbox 416 1016 730 1056; x_wconf 83' lang='lat' dir='ltr'>destruxerunt</span> <span class='ocrx_word' id='word_1_81' title='bbox 756 1016 1019 1057; x_wconf 74' lang='lat' dir='ltr'>reaedificare</span> <span class='ocrx_word' id='word_1_82' title='bbox 1048 1018 1393 1070; x_wconf 90' lang='lat' dir='ltr'>quodammodo,</span> <span class='ocrx_word' id='word_1_83' title='bbox 1418 1025 1465 1060; x_wconf 93' lang='lat' dir='ltr'>ut</span> <span class='ocrx_word' id='word_1_84' title='bbox 1488 1020 1594 1060; x_wconf 91' lang='lat' dir='ltr'>dicit</span> <span class='ocrx_word' id='word_1_85' title='bbox 1616 1020 1762 1073; x_wconf 87' lang='lat' dir='ltr'>Apos-</span> 
     </span>
     <span class='ocr_line' id='line_1_13' title="bbox 293 1089 1762 1139; baseline 0.001 -8"><span class='ocrx_word' id='word_1_86' title='bbox 293 1090 421 1139; x_wconf 89' lang='lat' dir='ltr'>tolus,</span> <span class='ocrx_word' id='word_1_87' title='bbox 445 1090 552 1130; x_wconf 90' lang='lat' dir='ltr'>dum</span> <span class='ocrx_word' id='word_1_88' title='bbox 581 1089 769 1130; x_wconf 85' lang='lat' dir='ltr'>libenter</span> <span class='ocrx_word' id='word_1_89' title='bbox 796 1091 1094 1132; x_wconf 89' lang='lat' dir='ltr'>conviviorum</span> <span class='ocrx_word' id='word_1_90' title='bbox 1117 1097 1193 1132; x_wconf 91' lang='lat' dir='ltr'>aut</span> <span class='ocrx_word' id='word_1_91' title='bbox 1219 1106 1445 1133; x_wconf 86' lang='lat' dir='ltr'>coenarum</span> <span class='ocrx_word' id='word_1_92' title='bbox 1477 1100 1762 1134; x_wconf 83' lang='lat' dir='ltr'>externarum</span> 
     </span>
     <span class='ocr_line' id='line_1_14' title="bbox 293 1164 1764 1218; baseline 0.002 -13"><span class='ocrx_word' id='word_1_93' title='bbox 293 1164 599 1205; x_wconf 87' lang='lat' dir='ltr'>invitationem</span> <span class='ocrx_word' id='word_1_94' title='bbox 633 1164 883 1204; x_wconf 89' lang='lat' dir='ltr'>admittunt.</span> <span class='ocrx_word' id='word_1_95' title='bbox 949 1165 1057 1205; x_wconf 92' lang='lat' dir='ltr'>Ideo</span> <span class='ocrx_word' id='word_1_96' title='bbox 1089 1165 1470 1218; x_wconf 88' lang='lat' dir='ltr'>Chrysostomum,</span> <span class='ocrx_word' id='word_1_97' title='bbox 1494 1168 1634 1208; x_wconf 90' lang='lat' dir='ltr'>virum</span> <span class='ocrx_word' id='word_1_98' title='bbox 1668 1167 1764 1208; x_wconf 91' lang='lat' dir='ltr'>reli-</span> 
     </span>
     <span class='ocr_line' id='line_1_15' title="bbox 291 1238 1764 1291; baseline 0.002 -13"><span class='ocrx_word' id='word_1_99' title='bbox 291 1238 603 1290; x_wconf 84' lang='lat' dir='ltr'>giosissimum,</span> <span class='ocrx_word' id='word_1_100' title='bbox 636 1238 785 1278; x_wconf 88' lang='lat' dir='ltr'>scribit</span> <span class='ocrx_word' id='word_1_101' title='bbox 817 1238 1143 1291; x_wconf 88' lang='lat' dir='ltr'>Metaphrastes</span> <span class='ocrx_word' id='word_1_102' title='bbox 1176 1239 1354 1280; x_wconf 88' lang='lat' dir='ltr'>solitum</span> <span class='ocrx_word' id='word_1_103' title='bbox 1387 1241 1527 1281; x_wconf 88' lang='lat' dir='ltr'>vitare</span> <span class='ocrx_word' id='word_1_104' title='bbox 1564 1241 1764 1281; x_wconf 91' lang='lat' dir='ltr'>convivia</span> 
     </span>
     <span class='ocr_line' id='line_1_16' title="bbox 298 1311 1764 1364; baseline 0.001 -12"><span class='ocrx_word' id='word_1_105' title='bbox 298 1317 342 1352; x_wconf 91' lang='lat' dir='ltr'>et</span> <span class='ocrx_word' id='word_1_106' title='bbox 376 1311 668 1360; x_wconf 85' lang='lat' dir='ltr'>invitationes,</span> <span class='ocrx_word' id='word_1_107' title='bbox 698 1312 759 1351; x_wconf 88' lang='lat' dir='ltr'>ita</span> <span class='ocrx_word' id='word_1_108' title='bbox 793 1317 841 1351; x_wconf 89' lang='lat' dir='ltr'>ut</span> <span class='ocrx_word' id='word_1_109' title='bbox 875 1325 974 1352; x_wconf 91' lang='lat' dir='ltr'>cum</span> <span class='ocrx_word' id='word_1_110' title='bbox 1010 1312 1129 1352; x_wconf 90' lang='lat' dir='ltr'>nullo</span> <span class='ocrx_word' id='word_1_111' title='bbox 1155 1314 1270 1354; x_wconf 91' lang='lat' dir='ltr'>vesci</span> <span class='ocrx_word' id='word_1_112' title='bbox 1301 1315 1526 1354; x_wconf 83' lang='lat' dir='ltr'>induxerit</span> <span class='ocrx_word' id='word_1_113' title='bbox 1555 1315 1764 1364; x_wconf 88' lang='lat' dir='ltr'>animum,</span> 
     </span>
     <span class='ocr_line' id='line_1_17' title="bbox 297 1384 1765 1441; baseline 0.002 -16"><span class='ocrx_word' id='word_1_114' title='bbox 297 1398 385 1425; x_wconf 91' lang='lat' dir='ltr'>non</span> <span class='ocrx_word' id='word_1_115' title='bbox 416 1385 508 1425; x_wconf 91' lang='lat' dir='ltr'>sine</span> <span class='ocrx_word' id='word_1_116' title='bbox 537 1384 853 1424; x_wconf 85' lang='lat' dir='ltr'>malevolorum</span> <span class='ocrx_word' id='word_1_117' title='bbox 880 1386 1200 1426; x_wconf 82' lang='lat' dir='ltr'>obtrectatione</span> <span class='ocrx_word' id='word_1_118' title='bbox 1223 1401 1273 1427; x_wconf 91' lang='lat' dir='ltr'>ac</span> <span class='ocrx_word' id='word_1_119' title='bbox 1296 1387 1631 1441; x_wconf 87' lang='lat' dir='ltr'>reprehensione</span> <span class='ocrx_word' id='word_1_120' title='bbox 1653 1388 1765 1428; x_wconf 91' lang='lat' dir='ltr'>mul-</span> 
     </span>
     <span class='ocr_line' id='line_1_18' title="bbox 296 1458 1763 1514; baseline 0.003 -16"><span class='ocrx_word' id='word_1_121' title='bbox 296 1464 461 1499; x_wconf 81' lang='lat' dir='ltr'>torum:</span> <span class='ocrx_word' id='word_1_122' title='bbox 518 1458 799 1511; x_wconf 90' lang='lat' dir='ltr'>Causamque</span> <span class='ocrx_word' id='word_1_123' title='bbox 834 1459 959 1499; x_wconf 91' lang='lat' dir='ltr'>addit</span> <span class='ocrx_word' id='word_1_124' title='bbox 993 1461 1272 1513; x_wconf 78' lang='lat' dir='ltr'>praecipuam,</span> <span class='ocrx_word' id='word_1_125' title='bbox 1307 1462 1410 1514; x_wconf 88' lang='lat' dir='ltr'>quia</span> <span class='ocrx_word' id='word_1_126' title='bbox 1444 1475 1532 1502; x_wconf 90' lang='lat' dir='ltr'>non</span> <span class='ocrx_word' id='word_1_127' title='bbox 1566 1462 1763 1512; x_wconf 87' lang='lat' dir='ltr'>libenter,</span> 
     </span>
     <span class='ocr_line' id='line_1_19' title="bbox 297 1531 1766 1587; baseline 0.003 -15"><span class='ocrx_word' id='word_1_128' title='bbox 297 1532 451 1584; x_wconf 90' lang='lat' dir='ltr'>inquit,</span> <span class='ocrx_word' id='word_1_129' title='bbox 487 1532 728 1584; x_wconf 92' lang='lat' dir='ltr'>aspiciebat</span> <span class='ocrx_word' id='word_1_130' title='bbox 764 1531 954 1584; x_wconf 84' lang='lat' dir='ltr'>aliquod,</span> <span class='ocrx_word' id='word_1_131' title='bbox 989 1533 1107 1585; x_wconf 92' lang='lat' dir='ltr'>quod</span> <span class='ocrx_word' id='word_1_132' title='bbox 1146 1540 1260 1574; x_wconf 91' lang='lat' dir='ltr'>esset</span> <span class='ocrx_word' id='word_1_133' title='bbox 1296 1541 1471 1587; x_wconf 88' lang='lat' dir='ltr'>gratum</span> <span class='ocrx_word' id='word_1_134' title='bbox 1509 1537 1685 1587; x_wconf 88' lang='lat' dir='ltr'>gutturi,</span> <span class='ocrx_word' id='word_1_135' title='bbox 1721 1542 1766 1577; x_wconf 94' lang='lat' dir='ltr'>et</span> 
     </span>
     <span class='ocr_line' id='line_1_20' title="bbox 295 1605 1766 1659; baseline 0.002 -13"><span class='ocrx_word' id='word_1_136' title='bbox 295 1619 399 1646; x_wconf 91' lang='lat' dir='ltr'>cum</span> <span class='ocrx_word' id='word_1_137' title='bbox 431 1605 660 1658; x_wconf 89' lang='lat' dir='ltr'>voluptate</span> <span class='ocrx_word' id='word_1_138' title='bbox 691 1612 944 1646; x_wconf 87' lang='lat' dir='ltr'>sumeretur.</span> <span class='ocrx_word' id='word_1_139' title='bbox 1008 1606 1248 1659; x_wconf 89' lang='lat' dir='ltr'>Nunquam</span> <span class='ocrx_word' id='word_1_140' title='bbox 1282 1609 1398 1647; x_wconf 90' lang='lat' dir='ltr'>enim</span> <span class='ocrx_word' id='word_1_141' title='bbox 1427 1609 1483 1648; x_wconf 90' lang='lat' dir='ltr'>ad</span> <span class='ocrx_word' id='word_1_142' title='bbox 1514 1608 1691 1649; x_wconf 90' lang='lat' dir='ltr'>delicias</span> <span class='ocrx_word' id='word_1_143' title='bbox 1721 1615 1766 1650; x_wconf 93' lang='lat' dir='ltr'>et</span> 
     </span>
     <span class='ocr_line' id='line_1_21' title="bbox 300 1679 1767 1734; baseline 0.001 -13"><span class='ocrx_word' id='word_1_144' title='bbox 300 1680 596 1721; x_wconf 83' lang='lat' dir='ltr'>relaxationes</span> <span class='ocrx_word' id='word_1_145' title='bbox 644 1679 779 1718; x_wconf 87' lang='lat' dir='ltr'>animi</span> <span class='ocrx_word' id='word_1_146' title='bbox 831 1679 1089 1732; x_wconf 80' lang='lat' dir='ltr'>respexisse,</span> <span class='ocrx_word' id='word_1_147' title='bbox 1133 1694 1186 1720; x_wconf 89' lang='lat' dir='ltr'>ne</span> <span class='ocrx_word' id='word_1_148' title='bbox 1227 1681 1436 1721; x_wconf 89' lang='lat' dir='ltr'>honestas</span> <span class='ocrx_word' id='word_1_149' title='bbox 1488 1682 1680 1734; x_wconf 90' lang='lat' dir='ltr'>quidem,</span> <span class='ocrx_word' id='word_1_150' title='bbox 1722 1689 1767 1724; x_wconf 95' lang='lat' dir='ltr'>et</span> 
     </span>
     <span class='ocr_line' id='line_1_22' title="bbox 301 1752 1766 1809; baseline 0.002 -16"><span class='ocrx_word' id='word_1_151' title='bbox 301 1753 537 1806; x_wconf 89' lang='lat' dir='ltr'>Episcopis</span> <span class='ocrx_word' id='word_1_152' title='bbox 559 1752 882 1805; x_wconf 89' lang='lat' dir='ltr'>propemodum</span> <span class='ocrx_word' id='word_1_153' title='bbox 905 1753 1180 1794; x_wconf 86' lang='lat' dir='ltr'>necessarias.</span> <span class='ocrx_word' id='word_1_154' title='bbox 1260 1754 1560 1808; x_wconf 89' lang='lat' dir='ltr'>Hieronymus</span> <span class='ocrx_word' id='word_1_155' title='bbox 1590 1770 1766 1809; x_wconf 90' lang='lat' dir='ltr'>quoque</span> 
     </span>
     <span class='ocr_line' id='line_1_23' title="bbox 306 1826 1767 1880; baseline 0.002 -13"><span class='ocrx_word' id='word_1_156' title='bbox 306 1826 538 1868; x_wconf 87' lang='lat' dir='ltr'>Paulinum</span> <span class='ocrx_word' id='word_1_157' title='bbox 591 1831 752 1875; x_wconf 85' lang='lat' dir='ltr'>monet,</span> <span class='ocrx_word' id='word_1_158' title='bbox 805 1831 853 1865; x_wconf 90' lang='lat' dir='ltr'>ut</span> <span class='ocrx_word' id='word_1_159' title='bbox 903 1826 1103 1866; x_wconf 90' lang='lat' dir='ltr'>convivia</span> <span class='ocrx_word' id='word_1_160' title='bbox 1151 1827 1272 1868; x_wconf 90' lang='lat' dir='ltr'>velut</span> <span class='ocrx_word' id='word_1_161' title='bbox 1323 1829 1537 1880; x_wconf 86' lang='lat' dir='ltr'>quasdam</span> <span class='ocrx_word' id='word_1_162' title='bbox 1590 1836 1767 1870; x_wconf 89' lang='lat' dir='ltr'>catenas</span> 
     </span>
     <span class='ocr_line' id='line_1_24' title="bbox 296 1897 779 1954; baseline -0.004 -13"><span class='ocrx_word' id='word_1_163' title='bbox 296 1900 438 1954; x_wconf 88' lang='lat' dir='ltr'>fugiat</span> <span class='ocrx_word' id='word_1_164' title='bbox 470 1897 779 1952; x_wconf 89' lang='lat' dir='ltr'>voluptatum.1</span> 
     </span>
    </p>

    <p class='ocr_par' dir='ltr' id='par_1_4' title="bbox 300 1974 1770 2841">
     <span class='ocr_line' id='line_1_25' title="bbox 390 1974 1765 2029; baseline 0.001 -15"><span class='ocrx_word' id='word_1_165' title='bbox 390 1975 656 2014; x_wconf 89' lang='lat' dir='ltr'>Indecorum</span> <span class='ocrx_word' id='word_1_166' title='bbox 707 1979 920 2026; x_wconf 65' lang='lat' dir='ltr'>praeterea</span> <span class='ocrx_word' id='word_1_167' title='bbox 961 1979 1038 2024; x_wconf 87' lang='lat' dir='ltr'>est,</span> <span class='ocrx_word' id='word_1_168' title='bbox 1080 1974 1155 2015; x_wconf 92' lang='lat' dir='ltr'>ubi</span> <span class='ocrx_word' id='word_1_169' title='bbox 1196 1975 1343 2015; x_wconf 76' lang='lat' dir='ltr'>caeteri</span> <span class='ocrx_word' id='word_1_170' title='bbox 1387 1974 1541 2015; x_wconf 89' lang='lat' dir='ltr'>fratres</span> <span class='ocrx_word' id='word_1_171' title='bbox 1582 1977 1765 2029; x_wconf 90' lang='lat' dir='ltr'>pauperi</span> 
     </span>
     <span class='ocr_line' id='line_1_26' title="bbox 301 2048 1767 2097; baseline 0.001 -8"><span class='ocrx_word' id='word_1_172' title='bbox 301 2062 454 2089; x_wconf 91' lang='lat' dir='ltr'>mensa</span> <span class='ocrx_word' id='word_1_173' title='bbox 496 2053 689 2097; x_wconf 89' lang='lat' dir='ltr'>utuntur,</span> <span class='ocrx_word' id='word_1_174' title='bbox 732 2052 776 2087; x_wconf 92' lang='lat' dir='ltr'>et</span> <span class='ocrx_word' id='word_1_175' title='bbox 816 2060 1097 2088; x_wconf 89' lang='lat' dir='ltr'>communem</span> <span class='ocrx_word' id='word_1_176' title='bbox 1143 2054 1317 2088; x_wconf 90' lang='lat' dir='ltr'>servant</span> <span class='ocrx_word' id='word_1_177' title='bbox 1367 2048 1586 2089; x_wconf 91' lang='lat' dir='ltr'>reficiendi</span> <span class='ocrx_word' id='word_1_178' title='bbox 1639 2049 1767 2091; x_wconf 91' lang='lat' dir='ltr'>disci-</span> 
     </span>
     <span class='ocr_line' id='line_1_27' title="bbox 301 2122 1764 2177; baseline -0.001 -14"><span class='ocrx_word' id='word_1_179' title='bbox 301 2124 483 2177; x_wconf 88' lang='lat' dir='ltr'>plinam,</span> <span class='ocrx_word' id='word_1_180' title='bbox 517 2122 628 2162; x_wconf 90' lang='lat' dir='ltr'>velle</span> <span class='ocrx_word' id='word_1_181' title='bbox 662 2135 742 2161; x_wconf 91' lang='lat' dir='ltr'>nos</span> <span class='ocrx_word' id='word_1_182' title='bbox 776 2127 904 2161; x_wconf 81' lang='lat' dir='ltr'>extra</span> <span class='ocrx_word' id='word_1_183' title='bbox 938 2122 1136 2162; x_wconf 89' lang='lat' dir='ltr'>ordinem</span> <span class='ocrx_word' id='word_1_184' title='bbox 1171 2122 1356 2163; x_wconf 89' lang='lat' dir='ltr'>divitum</span> <span class='ocrx_word' id='word_1_185' title='bbox 1391 2123 1531 2176; x_wconf 91' lang='lat' dir='ltr'>epulis</span> <span class='ocrx_word' id='word_1_186' title='bbox 1564 2123 1764 2175; x_wconf 90' lang='lat' dir='ltr'>saginari.</span> 
     </span>
     <span class='ocr_line' id='line_1_28' title="bbox 302 2194 1769 2246; baseline -0.001 -9"><span class='ocrx_word' id='word_1_187' title='bbox 302 2196 504 2238; x_wconf 90' lang='lat' dir='ltr'>Pudebat</span> <span class='ocrx_word' id='word_1_188' title='bbox 547 2195 702 2235; x_wconf 88' lang='lat' dir='ltr'>Uriam</span> <span class='ocrx_word' id='word_1_189' title='bbox 745 2194 912 2246; x_wconf 82' lang='lat' dir='ltr'>ingredi</span> <span class='ocrx_word' id='word_1_190' title='bbox 954 2195 1136 2235; x_wconf 89' lang='lat' dir='ltr'>domum</span> <span class='ocrx_word' id='word_1_191' title='bbox 1178 2209 1315 2245; x_wconf 92' lang='lat' dir='ltr'>suam,</span> <span class='ocrx_word' id='word_1_192' title='bbox 1349 2202 1397 2236; x_wconf 92' lang='lat' dir='ltr'>ut</span> <span class='ocrx_word' id='word_1_193' title='bbox 1437 2195 1688 2236; x_wconf 89' lang='lat' dir='ltr'>comederet</span> <span class='ocrx_word' id='word_1_194' title='bbox 1724 2202 1769 2237; x_wconf 91' lang='lat' dir='ltr'>et</span> 
     </span>
     <span class='ocr_line' id='line_1_29' title="bbox 303 2268 1767 2321; baseline 0 -11"><span class='ocrx_word' id='word_1_195' title='bbox 303 2270 483 2318; x_wconf 90' lang='lat' dir='ltr'>biberet,</span> <span class='ocrx_word' id='word_1_196' title='bbox 514 2275 558 2308; x_wconf 89' lang='lat' dir='ltr'>et</span> <span class='ocrx_word' id='word_1_197' title='bbox 592 2268 803 2308; x_wconf 90' lang='lat' dir='ltr'>dormiret</span> <span class='ocrx_word' id='word_1_198' title='bbox 828 2281 927 2307; x_wconf 91' lang='lat' dir='ltr'>cum</span> <span class='ocrx_word' id='word_1_199' title='bbox 961 2282 1101 2308; x_wconf 85' lang='lat' dir='ltr'>uxore</span> <span class='ocrx_word' id='word_1_200' title='bbox 1133 2268 1242 2319; x_wconf 81' lang='lat' dir='ltr'>sua‚2</span> <span class='ocrx_word' id='word_1_201' title='bbox 1267 2269 1372 2309; x_wconf 90' lang='lat' dir='ltr'>dum</span> <span class='ocrx_word' id='word_1_202' title='bbox 1409 2268 1543 2309; x_wconf 88' lang='lat' dir='ltr'>Israel</span> <span class='ocrx_word' id='word_1_203' title='bbox 1572 2275 1616 2309; x_wconf 89' lang='lat' dir='ltr'>et</span> <span class='ocrx_word' id='word_1_204' title='bbox 1648 2269 1767 2321; x_wconf 86' lang='lat' dir='ltr'>Juda</span> 
     </span>
     <span class='ocr_line' id='line_1_30' title="bbox 300 2342 1767 2396; baseline 0 -12"><span class='ocrx_word' id='word_1_205' title='bbox 300 2344 345 2384; x_wconf 92' lang='lat' dir='ltr'>in</span> <span class='ocrx_word' id='word_1_206' title='bbox 383 2342 680 2396; x_wconf 90' lang='lat' dir='ltr'>papilionibus</span> <span class='ocrx_word' id='word_1_207' title='bbox 716 2342 1007 2392; x_wconf 87' lang='lat' dir='ltr'>habitabant;</span> <span class='ocrx_word' id='word_1_208' title='bbox 1040 2348 1084 2382; x_wconf 94' lang='lat' dir='ltr'>et</span> <span class='ocrx_word' id='word_1_209' title='bbox 1121 2356 1208 2383; x_wconf 91' lang='lat' dir='ltr'>non</span> <span class='ocrx_word' id='word_1_210' title='bbox 1250 2344 1415 2396; x_wconf 87' lang='lat' dir='ltr'>pudeat</span> <span class='ocrx_word' id='word_1_211' title='bbox 1455 2356 1627 2383; x_wconf 89' lang='lat' dir='ltr'>servum</span> <span class='ocrx_word' id='word_1_212' title='bbox 1670 2343 1767 2394; x_wconf 92' lang='lat' dir='ltr'>Dei,</span> 
     </span>
     <span class='ocr_line' id='line_1_31' title="bbox 301 2415 1769 2468; baseline -0.001 -10"><span class='ocrx_word' id='word_1_213' title='bbox 301 2418 410 2459; x_wconf 89' lang='lat' dir='ltr'>dum</span> <span class='ocrx_word' id='word_1_214' title='bbox 447 2417 579 2457; x_wconf 88' lang='lat' dir='ltr'>ceteri</span> <span class='ocrx_word' id='word_1_215' title='bbox 616 2417 811 2456; x_wconf 66' lang='lat' dir='ltr'>consensi</span> <span class='ocrx_word' id='word_1_216' title='bbox 849 2415 941 2468; x_wconf 91' lang='lat' dir='ltr'>ejus</span> <span class='ocrx_word' id='word_1_217' title='bbox 976 2415 1229 2468; x_wconf 82' lang='lat' dir='ltr'>vulgaribus</span> <span class='ocrx_word' id='word_1_218' title='bbox 1265 2418 1309 2456; x_wconf 92' lang='lat' dir='ltr'>in</span> <span class='ocrx_word' id='word_1_219' title='bbox 1350 2417 1553 2457; x_wconf 91' lang='lat' dir='ltr'>coenobio</span> <span class='ocrx_word' id='word_1_220' title='bbox 1586 2423 1769 2457; x_wconf 89' lang='lat' dir='ltr'>utuntur</span> 
     </span>
     <span class='ocr_line' id='line_1_32' title="bbox 307 2490 1770 2544; baseline -0.001 -12"><span class='ocrx_word' id='word_1_221' title='bbox 307 2492 427 2540; x_wconf 90' lang='lat' dir='ltr'>escis,</span> <span class='ocrx_word' id='word_1_222' title='bbox 475 2490 675 2530; x_wconf 90' lang='lat' dir='ltr'>delicatis</span> <span class='ocrx_word' id='word_1_223' title='bbox 726 2490 869 2543; x_wconf 87' lang='lat' dir='ltr'>ipsum</span> <span class='ocrx_word' id='word_1_224' title='bbox 921 2490 1039 2542; x_wconf 91' lang='lat' dir='ltr'>apud</span> <span class='ocrx_word' id='word_1_225' title='bbox 1082 2496 1289 2530; x_wconf 81' lang='lat' dir='ltr'>externos</span> <span class='ocrx_word' id='word_1_226' title='bbox 1331 2490 1469 2544; x_wconf 91' lang='lat' dir='ltr'>epulis</span> <span class='ocrx_word' id='word_1_227' title='bbox 1510 2491 1770 2544; x_wconf 88' lang='lat' dir='ltr'>indulgere?</span> 
     </span>
     <span class='ocr_line' id='line_1_33' title="bbox 308 2563 1770 2618; baseline -0.001 -11"><span class='ocrx_word' id='word_1_228' title='bbox 308 2565 442 2607; x_wconf 88' lang='lat' dir='ltr'>Dicat</span> <span class='ocrx_word' id='word_1_229' title='bbox 483 2578 587 2617; x_wconf 88' lang='lat' dir='ltr'>ergo</span> <span class='ocrx_word' id='word_1_230' title='bbox 628 2577 728 2604; x_wconf 92' lang='lat' dir='ltr'>cum</span> <span class='ocrx_word' id='word_1_231' title='bbox 772 2564 892 2614; x_wconf 89' lang='lat' dir='ltr'>Uria,</span> <span class='ocrx_word' id='word_1_232' title='bbox 934 2564 969 2603; x_wconf 91' lang='lat' dir='ltr'>si</span> <span class='ocrx_word' id='word_1_233' title='bbox 1011 2563 1123 2604; x_wconf 91' lang='lat' dir='ltr'>forte</span> <span class='ocrx_word' id='word_1_234' title='bbox 1165 2571 1341 2618; x_wconf 89' lang='lat' dir='ltr'>rogetur</span> <span class='ocrx_word' id='word_1_235' title='bbox 1390 2579 1416 2605; x_wconf 91' lang='lat' dir='ltr'>a</span> <span class='ocrx_word' id='word_1_236' title='bbox 1461 2565 1682 2618; x_wconf 90' lang='lat' dir='ltr'>quopiam,</span> <span class='ocrx_word' id='word_1_237' title='bbox 1725 2570 1770 2606; x_wconf 93' lang='lat' dir='ltr'>et</span> 
     </span>
     <span class='ocr_line' id='line_1_34' title="bbox 302 2636 1770 2693; baseline -0.001 -13"><span class='ocrx_word' id='word_1_238' title='bbox 302 2645 503 2693; x_wconf 91' lang='lat' dir='ltr'>potestas</span> <span class='ocrx_word' id='word_1_239' title='bbox 534 2638 638 2679; x_wconf 85' lang='lat' dir='ltr'>soris</span> <span class='ocrx_word' id='word_1_240' title='bbox 669 2637 913 2690; x_wconf 89' lang='lat' dir='ltr'>prandendi</span> <span class='ocrx_word' id='word_1_241' title='bbox 946 2636 1062 2677; x_wconf 87' lang='lat' dir='ltr'>facta</span> <span class='ocrx_word' id='word_1_242' title='bbox 1095 2639 1177 2688; x_wconf 72' lang='lat' dir='ltr'>sit,</span> <span class='ocrx_word' id='word_1_243' title='bbox 1202 2641 1313 2692; x_wconf 89' lang='lat' dir='ltr'>“per</span> <span class='ocrx_word' id='word_1_244' title='bbox 1340 2638 1527 2679; x_wconf 83' lang='lat' dir='ltr'>salutem</span> <span class='ocrx_word' id='word_1_245' title='bbox 1560 2645 1694 2688; x_wconf 88' lang='lat' dir='ltr'>tuam,</span> <span class='ocrx_word' id='word_1_246' title='bbox 1725 2645 1770 2679; x_wconf 88' lang='lat' dir='ltr'>et</span> 
     </span>
     <span class='ocr_line' id='line_1_35' title="bbox 302 2712 1767 2772; baseline -0.001 -17"><span class='ocrx_word' id='word_1_247' title='bbox 302 2728 380 2768; x_wconf 91' lang='lat' dir='ltr'>per</span> <span class='ocrx_word' id='word_1_248' title='bbox 422 2714 610 2754; x_wconf 90' lang='lat' dir='ltr'>salutem</span> <span class='ocrx_word' id='word_1_249' title='bbox 653 2713 813 2753; x_wconf 79' lang='lat' dir='ltr'>animae</span> <span class='ocrx_word' id='word_1_250' title='bbox 843 2718 943 2762; x_wconf 83' lang='lat' dir='ltr'>tuae,</span> <span class='ocrx_word' id='word_1_251' title='bbox 978 2726 1066 2753; x_wconf 92' lang='lat' dir='ltr'>non</span> <span class='ocrx_word' id='word_1_252' title='bbox 1108 2712 1264 2753; x_wconf 86' lang='lat' dir='ltr'>faciam</span> <span class='ocrx_word' id='word_1_253' title='bbox 1301 2727 1391 2753; x_wconf 89' lang='lat' dir='ltr'>rem</span> <span class='ocrx_word' id='word_1_254' title='bbox 1425 2713 1573 2753; x_wconf 89' lang='lat' dir='ltr'>hanc.’&#39;</span> <span class='ocrx_word' id='word_1_255' title='bbox 1635 2712 1767 2772; x_wconf 73' lang='lat' dir='ltr'>Quid,</span> 
     </span>
     <span class='ocr_line' id='line_1_36' title="bbox 302 2786 1767 2841; baseline -0.003 -12"><span class='ocrx_word' id='word_1_256' title='bbox 302 2788 456 2841; x_wconf 86' lang='lat' dir='ltr'>quod?</span> <span class='ocrx_word' id='word_1_257' title='bbox 519 2788 591 2828; x_wconf 91' lang='lat' dir='ltr'>Ne</span> <span class='ocrx_word' id='word_1_258' title='bbox 622 2787 725 2828; x_wconf 92' lang='lat' dir='ltr'>boni</span> <span class='ocrx_word' id='word_1_259' title='bbox 758 2786 936 2839; x_wconf 90' lang='lat' dir='ltr'>quidem</span> <span class='ocrx_word' id='word_1_260' title='bbox 969 2787 1101 2827; x_wconf 90' lang='lat' dir='ltr'>moris</span> <span class='ocrx_word' id='word_1_261' title='bbox 1133 2793 1209 2837; x_wconf 89' lang='lat' dir='ltr'>est,</span> <span class='ocrx_word' id='word_1_262' title='bbox 1240 2788 1439 2840; x_wconf 90' lang='lat' dir='ltr'>beneque</span> <span class='ocrx_word' id='word_1_263' title='bbox 1471 2787 1658 2827; x_wconf 88' lang='lat' dir='ltr'>instituti</span> <span class='ocrx_word' id='word_1_264' title='bbox 1688 2786 1767 2826; x_wconf 90' lang='lat' dir='ltr'>viri</span> 
     </span>
    </p>
   </div>
   <div class='ocr_carea' id='block_1_3' title="bbox 470 2875 1591 2918">
    <p class='ocr_par' dir='ltr' id='par_1_5' title="bbox 470 2875 1591 2918">
     <span class='ocr_line' id='line_1_37' title="bbox 470 2875 1591 2918; baseline 0 -10"><span class='ocrx_word' id='word_1_265' title='bbox 470 2875 481 2895; x_wconf 81' lang='lat'>²</span> <span class='ocrx_word' id='word_1_266' title='bbox 519 2878 582 2918; x_wconf 78' lang='lat' dir='ltr'>Ep.</span> <span class='ocrx_word' id='word_1_267' title='bbox 607 2885 654 2918; x_wconf 86' lang='lat'>13.</span> <span class='ocrx_word' id='word_1_268' title='bbox 676 2877 718 2908; x_wconf 83' lang='lat' dir='ltr'>ad</span> <span class='ocrx_word' id='word_1_269' title='bbox 743 2876 916 2907; x_wconf 87' lang='lat' dir='ltr'>Paulinum</span> <span class='ocrx_word' id='word_1_270' title='bbox 939 2876 981 2907; x_wconf 88' lang='lat' dir='ltr'>de</span> <span class='ocrx_word' id='word_1_271' title='bbox 1004 2876 1084 2909; x_wconf 87' lang='lat' dir='ltr'>Inst.</span> <span class='ocrx_word' id='word_1_272' title='bbox 1105 2887 1195 2908; x_wconf 86' lang='lat' dir='ltr'>mon.</span> <span class='ocrx_word' id='word_1_273' title='bbox 1311 2876 1325 2895; x_wconf 72' lang='lat'><em>²</em></span> <span class='ocrx_word' id='word_1_274' title='bbox 1348 2885 1377 2909; x_wconf 91' lang='lat'>2.</span> <span class='ocrx_word' id='word_1_275' title='bbox 1400 2878 1482 2918; x_wconf 89' lang='lat' dir='ltr'>Reg.</span> <span class='ocrx_word' id='word_1_276' title='bbox 1502 2887 1529 2908; x_wconf 90' lang='lat' dir='ltr'>c.</span> <span class='ocrx_word' id='word_1_277' title='bbox 1549 2877 1591 2908; x_wconf 82' lang='lat' dir='ltr'>xi.</span> 
     </span>
    </p>
   </div>
  </div>
 </body>
</html>
