1903 3197
295 187 320 232 3
331 174 389 232 58
622 174 701 219 De
734 175 923 221 ratione
955 175 1148 222 vivendi
1180 176 1441 225 Socz'etatz's.

291 306 464 358 quoties
501 319 575 346 eos
609 307 682 359 qui
724 321 853 347 sensu
895 321 1097 349 amamus
1137 309 1413 362 alloquimur,
1445 311 1514 351 vel
1556 325 1655 352 cum
1693 313 1763 354 eis·-

292 393 379 419 una
429 394 685 432 versamur3
747 395 871 422 amor
920 383 1036 423 enim
1089 383 1275 436 impellit
1323 384 1379 424 ad
1431 391 1610 434 tactum,
1654 389 1763 440 quia·

290 454 450 494 amoris
488 460 553 494 est
590 469 677 495 non
714 455 857 496 solum
895 457 1076 506 animos,
1104 471 1255 497 verum
1289 459 1421 499 etiam
1454 474 1636 513 corpora
1667 476 1754 504 una

290 527 566 581 conjungere.
643 529 752 570 Ideo
794 530 1014 583 sapienter
1050 537 1227 571 cautum
1270 538 1336 573 est
1373 532 1469 586 lege
1505 541 1666 586 nostra,
1701 550 1763 577 ne·

290 602 386 654 quis
420 602 487 642 vel
515 602 617 655 joco
651 603 835 644 alterum
871 610 1036 657 tangat,
1071 610 1118 645 ut
1153 606 1285 645 etiam
1320 606 1544 648 Pachomii
1577 609 1753 661 regula:

290 676 513 716 “Manum
541 677 719 717 alterius
748 691 878 718 nemo
909 684 1069 727 teneat,
1093 693 1181 719 uno
1211 680 1359 720 cubitu
1383 680 1516 721 distet
1545 682 1601 722 ab
1631 682 1752 723 alio.'’

292 749 351 790 Et
375 750 560 791 Basilius
582 751 624 790 in
647 751 889 792 Asceticis:
923 753 1226 794 “indumentis
1260 754 1430 806 juvenis
1460 762 1536 796 tua
1567 770 1621 796 ne
1653 770 1754 796 con-

285 823 508 876 jungas;”
547 825 635 864 imo
667 831 786 865 vetat
819 826 861 864 in
896 840 947 865 ea
980 827 1129 866 sedere
1162 828 1279 876 sella,
1314 829 1386 868 ubi
1419 830 1454 869 is
1486 829 1618 882 paulo
1652 835 1763 871 ante·

287 899 508 950 quieverit.
556 898 726 938 Eadem
749 900 804 938 de
826 904 946 938 tactu
969 901 1168 953 praecipit
1191 901 1472 942 Dorotheus.1
1516 903 1751 944 Cassianus

287 984 481 1023 quoque:
514 974 715 1011 “summa
732 972 1010 1012 observantia
1027 974 1234 1014 custodiri
1253 976 1431 1015 solitum
1450 978 1566 1028 apud
1583 978 1754 1031 AEgyp-

286 1045 370 1085 tios
403 1045 655 1094 monachos,
681 1059 735 1085 ne
768 1046 953 1098 quisque
985 1060 1085 1086 cum
1118 1047 1215 1097 alio,
1240 1061 1291 1088 ac
1323 1049 1542 1102 praecipue
1569 1050 1752 1102 juniore,

286 1119 354 1159 vel
382 1119 437 1158 ad
467 1125 679 1171 punctum
703 1120 914 1172 temporis
938 1120 1194 1169 substitisse,
1220 1128 1295 1162 aut
1318 1124 1490 1175 uspiam
1514 1124 1762 1173 secessisse,

288 1199 363 1232 aut
396 1206 550 1232 manus
583 1207 684 1233 suas
716 1193 900 1233 invicem
933 1194 1125 1234 tenuisse
1157 1195 1577 1248 deprehendatur.”‘-'

375 1267 508 1320 Quod
560 1273 708 1307 autem
753 1269 808 1307 ad
852 1267 1012 1320 linguae
1061 1282 1237 1309 sensum
1285 1271 1511 1312 auriumve
1552 1273 1751 1325 pertinet,

287 1342 505 1395 colloquia
557 1342 674 1382 haud
728 1342 860 1382 dubie
913 1343 1057 1382 minus
1108 1343 1294 1384 honesta
1346 1346 1590 1398 periculosa
1641 1354 1763 1397 sunt,

284 1422 571 1469 corrumpunt
614 1417 729 1456 enim
773 1417 913 1456 bonos
956 1430 1098 1457 mores
1140 1417 1358 1471 colloquia
1399 1433 1563 1473 prava;
1603 1427 1655 1469 et,
1705 1427 1752 1461 ut

287 1490 464 1530 Marcus
486 1491 547 1529 ait
577 1489 861 1530 anachoreta:
896 1490 1153 1530 “Audiendi
1177 1491 1318 1532 aliena
1341 1492 1507 1546 flagitia
1528 1494 1756 1547 voluptate

287 1563 555 1615 flagitiorum
579 1577 755 1616 quoque
779 1563 1050 1604 characteres
1071 1564 1282 1606 aluntur.’'
1317 1566 1376 1605 Et
1400 1566 1753 1620 RAugustinus:

287 1637 370 1678 “Si
409 1637 446 1677 ei
481 1651 624 1677 sermo
663 1637 790 1677 suerit
832 1651 931 1677 cum
977 1637 1134 1690 aliquo,
1173 1652 1347 1692 semper
1383 1646 1551 1680 metuat
1589 1640 1754 1694 aliquid

286 1712 448 1759 audire,
491 1712 609 1763 quod
652 1711 720 1750 vel
763 1712 985 1751 modicum
1031 1714 1310 1753 serenitatem
1355 1715 1570 1754 castitatis
1616 1715 1763 1755 obtin--

284 1784 421 1833 bilet;
465 1785 752 1824 deserendam
790 1799 835 1824 se
868 1799 893 1824 a
923 1787 1065 1838 gratia
1103 1800 1190 1826 non
1225 1787 1410 1836 dubitet,
1445 1789 1479 1827 si
1511 1788 1580 1828 vel
1619 1802 1752 1829 unum

284 1859 465 1898 verbum
488 1865 640 1898 contra
662 1858 941 1898 honestatem
965 1858 1217 1912 p1·oferat.⁷'3
1256 1860 1511 1901 Curandum
1535 1867 1599 1901 est
1623 1862 1753 1915 igitur

286 1945 374 1972 non
422 1932 555 1971 modo
598 1945 750 1971 omnes
802 1931 994 1972 libidinis
1038 1940 1194 1982 motus,
1232 1948 1381 1974 verum
1425 1935 1558 1975 etiam
1601 1949 1764 1976 omnes-

284 2006 505 2046 obscoenae
558 2006 811 2055 locutiones,
851 2012 898 2045 ut
946 2007 1180 2059 Gregorius
1222 2008 1283 2048 ait
1325 2009 1367 2047 in
1409 2009 1552 2061 prima
1593 2009 1753 2061 regula,

284 2081 555 2132 perimantur
583 2081 625 2119 in
650 2093 840 2132 corpore.
896 2079 1110 2132 Quamvis
1141 2087 1288 2120 autem
1319 2082 1545 2134 religiosus
1567 2083 1763 2135 quisque*

285 2161 482 2207 apertam
515 2154 745 2193 verborum
784 2153 1005 2193 licentiam
1047 2154 1359 2207 lasciviamque
1395 2155 1531 2195 vitare
1563 2156 1750 2205 studeat,

284 2228 504 2267 occultam
536 2234 685 2267 tamen
719 2228 939 2267 interdum
973 2241 1060 2268 non
1095 2242 1248 2268 omnes
1273 2229 1424 2269 vitant.
1489 2229 1686 2282 Ideoque
1707 2230 1758 2269 in.

283 2302 499 2341 bonorum
523 2301 655 2340 etiam
679 2300 1044 2340 collocutionibus
1073 2308 1220 2354 potest
1243 2302 1376 2341 latere
1398 2301 1527 2351 fraus,
1551 2309 1599 2342 ut
1621 2317 1751 2356 supra

281 2375 634 2428 significavimus,
684 2376 882 2427 quamvis
934 2380 1052 2414 recta
1104 2382 1147 2415 et
1199 2382 1320 2415 casta
1373 2390 1497 2416 mens
1538 2377 1747 2417 videatur.

284 2449 477 2488 Primum
526 2449 703 2501 quidem
755 2448 889 2488 latere
936 2448 1176 2501 periculum
1229 2450 1351 2498 solet,
1395 2450 1441 2499 si,
1485 2456 1641 2490 exorto
1694 2451 1758 2491 de

280 2523 492 2576 pudicitia
530 2536 740 2571 sermone,
774 2522 831 2562 ad
866 2536 1014 2562 earum
1054 2536 1195 2562 rerum
1234 2524 1426 2573 nomina,
1461 2538 1559 2576 quae
1596 2530 1749 2564 contra

278 2597 536 2650 pudicitiam
560 2601 672 2645 sunt,
696 2595 997 2648 imprudenter
1019 2596 1197 2649 quidem
1221 2596 1472 2649 aliquando,
1497 2598 1573 2638 sed
1597 2603 1753 2638 tamen-

279 2676 434 2710 natura
466 2670 641 2710 labente
663 2671 870 2710 veniatur.
935 2669 1083 2722 Quare
1116 2676 1292 2710 sanctus
1326 2671 1537 2724 Ephraem
1569 2672 1623 2711 de
1652 2672 1746 2724 qui-

279 2744 467 2784 busdam
500 2745 561 2784 sic
593 2744 681 2784 ait:
727 2742 881 2795 “Quia
913 2744 967 2783 de
1000 2745 1271 2784 continentia
1292 2745 1425 2785 verba
1456 2744 1676 2794 facientes,
1701 2758 1760 2785 ac,

278 2817 333 2857 dc
370 2831 421 2857 ea
464 2818 619 2857 merito
656 2816 852 2869 legentes
888 2830 912 2856 a
944 2817 1058 2869 turpi
1091 2818 1294 2869 passione
1333 2831 1420 2857 non
1453 2818 1674 2867 recedunt,
1707 2823 1759 2857 et<

363 2895 376 2914 ²
402 2897 471 2930 Ser.
492 2906 544 2930 20.
637 2896 650 2915 ²
674 2898 728 2929 De
745 2897 885 2929 Coenob.
908 2898 1015 2929 Instit.
1036 2897 1057 2929 l.
1078 2906 1108 2929 2.
1130 2909 1155 2929 c.
1182 2905 1228 2939 15.
1322 2897 1336 2917 ³
1352 2898 1407 2929 Ad
1427 2898 1537 2930 Soror.
1558 2909 1584 2930 e.
1605 2906 1658 2938 23.
