1903 3197
650 175 730 221 De
764 173 808 219 C
804 172 1007 222 asz'z'talc.
1466 175 1525 231 36
1533 184 1559 231 5

98 310 276 349 castitas
312 309 406 362 ipsa
447 309 501 348 de
542 306 789 347 moribus.’'1
851 308 1160 347 Bonaventura
1201 319 1377 358 quoque
1424 305 1559 345 dicit:

102 383 352 423 Maximum
399 382 532 435 igitur
580 381 832 434 praesidium
884 381 1077 433 positum
1131 385 1196 419 est
1247 379 1290 418 in
1342 378 1559 430 fugiendis

99 469 384 509 personarum
415 454 828 508 opportunitatibus,
848 459 891 493 et
919 452 1212 506 periculorum
1245 452 1559 500 occasionibus,

102 529 141 568 ei
182 530 257 581 qui
305 529 361 569 ad
407 528 611 581 perfectae
653 527 867 567 castitatis
911 526 1087 566 laudem
1134 524 1356 576 decusque
1399 525 1562 564 nititur.

104 601 231 654 Quia,
275 608 322 642 ut
365 602 503 642 sancti
554 602 703 640 Patres
749 600 921 647 docent,
966 599 1134 638 caeteris
1181 598 1297 637 vitiis
1343 597 1565 649 animique

105 677 267 716 morbis
331 675 588 728 plerumque
653 675 906 722 resistendo,
970 680 1015 713 at
1076 672 1249 712 libidini
1318 684 1405 710 non
1471 676 1562 710 tam

105 749 356 798 resistendo,
396 762 528 801 quam
581 748 800 800 fugiendo,
854 748 1096 800 superiores
1145 745 1382 785 evadimus.
1457 742 1565 783 Ideo

106 829 220 863 recte
265 824 387 862 aiunt
433 836 458 862 a
507 821 641 861 Paulo
694 822 891 861 dictum:
946 820 1143 872 “Fugite
1196 815 1565 865 fornicationem‚’'

107 911 206 937 cum
244 897 299 936 ad
339 895 590 936 Corinthios
627 895 842 942 scriberet,
874 895 1019 947 potius
1055 906 1188 945 quam
1226 891 1424 931 resistite.
1509 889 1568 930 Et

108 970 370 1011 Aristoteles
419 970 461 1009 in
517 969 685 1009 Ethicis
739 969 937 1021 praecipit
988 967 1045 1007 ad
1092 978 1374 1006 venerearum
1428 962 1569 1004 delec-

110 1045 326 1085 tationum
370 1044 656 1096 cupiditatem
701 1043 859 1082 debere
907 1041 1106 1081 homines
1149 1054 1195 1079 se
1241 1025 1413 1085 habere,
1459 1038 1571 1077 sicut

112 1120 256 1159 Troiae
299 1131 422 1157 senes
459 1117 515 1157 ad
560 1117 814 1165 Helenam;
866 1129 964 1167 quae
1002 1128 1101 1154 cum
1143 1118 1322 1165 propter
1358 1111 1570 1151 eximiam

111 1192 480 1245 pulchritudinem
543 1191 779 1230 multorum
842 1194 956 1229 esset
1016 1187 1227 1235 illecebra,
1286 1186 1573 1225 decreverunt

114 1280 239 1306 senes
281 1265 351 1315 illi,
387 1271 433 1305 ut
471 1278 566 1304 eam
608 1278 752 1317 praeco
794 1264 838 1303 in
880 1263 1032 1302 itinere
1069 1265 1362 1314 praecurreret,
1399 1258 1474 1310 qui
1515 1257 1572 1297 ad

113 1341 263 1380 obvios
301 1353 498 1392 quosque
536 1338 773 1378 clamaret:
817 1337 985 1388 Fugite,
1024 1336 1173 1387 fugite,
1215 1332 1388 1373 Helena
1424 1331 1574 1380 venit;

114 1420 286 1455 tantum
319 1412 569 1466 philosophi
601 1411 660 1451 illi
694 1412 736 1450 in
770 1424 855 1450 una
887 1410 990 1462 suga
1026 1408 1262 1461 ponebant.
1325 1405 1479 1457 Atque
1514 1405 1575 1444 ita

116 1488 293 1528 demum
327 1487 446 1527 omni
478 1486 677 1526 custodia
708 1485 850 1525 cordis
883 1484 1026 1523 aditus
1058 1483 1354 1527 observantur,
1389 1491 1444 1518 ne
1469 1477 1574 1530 quid

117 1562 306 1602 castitati
349 1562 533 1601 noxium
576 1565 777 1612 erumpat
814 1564 856 1598 et
897 1558 1029 1597 violet
1071 1554 1286 1608 templum
1326 1553 1422 1599 Dei,
1458 1551 1576 1604 quod

119 1650 268 1676 sumus
304 1649 393 1676 nos.
472 1635 524 1674 Id
559 1635 676 1686 quod
712 1639 804 1673 erat
836 1637 1107 1685 postremum
1143 1630 1198 1669 ad
1233 1641 1331 1668 eam
1365 1625 1578 1666 tuendam

120 1709 549 1761 conservandamque
600 1707 1067 1761 praesidiun1;'atque
1117 1704 1224 1753 haec,
1266 1708 1360 1742 tum
1404 1701 1458 1740 de
1498 1699 1579 1739 viis

122 1784 363 1835 mediisque
405 1783 563 1835 quibus
611 1782 666 1821 ad
714 1795 810 1821 eam
862 1781 1102 1827 nitendum,
1155 1783 1203 1817 ut
1256 1777 1384 1815 Pater
1435 1779 1583 1812 noster

121 1857 346 1910 praecipit3
385 1862 478 1896 tum
530 1856 584 1895 de
635 1856 835 1895 universa
881 1854 962 1893 hac
1009 1852 1222 1892 castitatis
1268 1847 1567 1901 disputatione

123 1931 460 1983 interpretanda:
487 1929 669 1982 Regulae
693 1942 823 1969 causa
846 1933 1059 1979 suscepta,
1084 1926 1283 1966 videatur
1306 1924 1391 1962 sint
1415 1922 1528 1960 satis.

663 2041 673 2060 ¹
701 2044 795 2084 Spec.
819 2043 930 2073 Anim.
953 2052 978 2072 c.
1001 2049 1029 2081 3.
