1903 3197
273 170 370 217 540
599 158 680 204 De
712 159 903 205 ratione
936 159 1130 205 vivendi
1162 161 1423 207 Socz'elatzk.

269 288 383 342 Quis
435 291 550 330 enim
605 291 858 332 abhorrebit
918 292 1151 345 leprosum,
1204 293 1441 333 declinabit
1502 293 1725 334 infirmum

269 363 464 416 negliget
500 364 761 414 desolatum,
795 379 895 406 cum
937 366 981 405 in
1023 367 1084 406 eis
1126 367 1353 407 videamus
1397 366 1652 408 Christum?
1694 375 1737 408 et

269 437 369 490 plus
400 438 621 490 possimus
660 439 815 480 mereri
857 446 901 480 et
943 440 1042 481 Deo
1075 441 1260 494 placere,
1298 446 1346 481 ut
1388 441 1622 494 probatum
1660 448 1735 491 est,

269 524 406 563 quam
429 512 464 551 si
488 512 836 554 ministraremus
860 521 904 554 et
926 514 1006 567 ipsi
1032 514 1243 555 Christo.'’

358 585 472 638 Quae
510 600 609 627 cum
643 588 704 628 ita
736 589 833 637 sint,
862 588 959 640 jure
992 589 1038 629 B.
1065 588 1316 629 Dorotheus
1349 589 1576 630 existimat
1607 589 1737 638 eum,¹

267 661 343 713 qui
387 662 606 702 ministrat
649 668 828 714 zegroto,
872 663 1039 715 majore
1074 663 1287 703 beneficio
1321 663 1433 703 affici
1467 664 1524 703 ab
1558 670 1736 716 aegroto,

266 748 403 788 quam
447 736 502 776 ab
536 749 589 776 eo
622 737 836 777 afficiatur
872 743 1075 790 aegrotus,
1114 751 1212 777 cum
1251 743 1473 778 tantorum
1516 738 1572 778 sit
1608 752 1737 778 causa

269 809 538 851 meritorum.

356 883 506 924 Tertia
540 884 705 924 utilitas
739 890 815 932 est,
850 885 1004 936 aegroti
1027 884 1119 937 ipsi,
1154 899 1253 924 cum
1287 886 1562 935 decesserint,
1586 901 1737 927 cuniu-

266 957 529 998 latissimam
567 958 655 997 suis
699 958 908 998 ministris
940 958 1127 1010 gratiam
1161 959 1317 999 referre
1349 967 1544 1011 possunt,
1577 961 1610 1000 si
1637 960 1737 1001 hinc

266 1031 311 1071 in
354 1031 516 1071 coelum
569 1031 788 1080 advolent,
834 1038 882 1072 ut
932 1033 988 1072 de
1040 1032 1252 1085 religiosis
1305 1046 1479 1085 sperare
1529 1047 1609 1086 par
1659 1041 1737 1080 est,

267 1104 611 1157 suffragantibus
644 1106 850 1145 nimirum
884 1106 973 1146 suis
1007 1106 1127 1158 apud
1170 1107 1328 1157 Deum,
1367 1120 1465 1160 quae
1507 1113 1602 1148 tum
1644 1109 1739 1161 plu-

267 1179 426 1218 rimum
470 1179 636 1220 habent
676 1179 844 1219 virium.
915 1180 967 1219 Id
1010 1180 1066 1220 de
1109 1180 1285 1220 senibus
1327 1186 1371 1221 et
1411 1181 1738 1223 valetudinariis

265 1252 486 1305 significat
528 1266 730 1294 sermone
774 1254 968 1305 quodam
1013 1254 1058 1294 B.
1103 1254 1391 1307 Augustinus,
1435 1269 1535 1295 cum
1577 1257 1633 1296 ad
1676 1257 1738 1297 eis

265 1326 420 1367 sedulo
462 1327 740 1367 serviendum
780 1333 962 1368 eaeteros
995 1328 1055 1368 sic
1093 1328 1378 1369 exhortatur:
1419 1329 1737 1382 “Diligenter,'‘

266 1401 420 1454 inquit,
457 1402 549 1441 “eis
584 1407 628 1441 et
660 1403 754 1441 sine
790 1415 1012 1441 murmure
1041 1402 1263 1452 serviatur,
1296 1409 1343 1443 ut
1376 1403 1458 1456 ipsi
1496 1417 1575 1456 pro
1608 1405 1736 1445 nobis

266 1474 540 1515 intercedant
565 1476 606 1514 in
630 1475 764 1523 coelis,
790 1489 975 1528 quorum
999 1475 1216 1516 habitatio
1235 1477 1327 1528 jam
1350 1477 1409 1517 ibi
1432 1477 1532 1518 est.’'

356 1549 531 1590 Scimus
569 1550 701 1589 etiam
748 1549 794 1589 Β.
830 1550 1065 1590 Francisco
1098 1551 1212 1590 inter
1242 1551 1387 1603 sylvas
1419 1553 1561 1592 oranti
1594 1554 1733 1593 visum

267 1636 362 1663 esse
389 1623 613 1676 leprosum
644 1622 799 1671 illum,2
832 1623 899 1663 cui
934 1625 976 1662 in
1007 1624 1097 1663 vita
1130 1624 1410 1674 ministrarat,
1443 1626 1733 1667 excedentem

262 1712 289 1739 e
321 1699 429 1739 vivis
461 1698 710 1738 admirabili
744 1698 979 1751 splendore
1008 1698 1257 1751 praeditum,
1291 1699 1363 1750 qui
1395 1713 1441 1739 se
1470 1700 1646 1741 dicebat
1679 1703 1735 1741 ad

266 1773 461 1813 Paradisi
490 1773 654 1825 gaudia
685 1779 779 1812 tum
807 1773 999 1824 primum
1027 1772 1208 1821 evolare,
1233 1774 1360 1825 eique
1388 1787 1467 1826 pro
1497 1774 1737 1815 ministerio

265 1847 429 1887 multas
468 1847 633 1899 gratias
668 1846 841 1898 agebat,
878 1845 1024 1898 plures
1062 1846 1195 1886 etiam
1227 1852 1404 1887 acturus
1436 1848 1554 1901 apud
1588 1849 1734 1888 Deum

265 1934 373 1961 mox
426 1920 602 1961 futurus.
699 1919 801 1972 Quo
843 1921 935 1959 visu
979 1920 1136 1960 beatus
1178 1921 1242 1960 vir
1283 1921 1442 1961 dicitur
1494 1922 1734 1964 incredibili

262 1995 459 2048 quadam
483 1995 631 2048 gaudii
655 1994 882 2047 voluptate
905 1993 1113 2047 perfusus.

354 2069 525 2122 Quarta
563 2074 629 2109 est
673 2068 850 2118 utilitas,
895 2069 1015 2121 quod
1053 2068 1179 2108 nobis
1222 2076 1375 2121 postea
1418 2071 1734 2122 aegrotantibus

264 2143 374 2184 alios
418 2144 542 2183 Deus
579 2143 770 2182 vicissim
814 2143 993 2191 excitat,
1033 2143 1105 2194 qui
1145 2143 1299 2183 eadem
1338 2143 1464 2183 nobis
1501 2144 1734 2186 sedulitate

265 2223 309 2258 et
341 2217 554 2258 charitate
588 2217 847 2257 ministrent.
910 2216 981 2256 Ac
1012 2224 1247 2269 propterea
1278 2218 1338 2257 ita
1370 2231 1449 2258 nos
1482 2218 1734 2259 Dorotheus

263 2291 493 2331 hortatur:
530 2290 774 2330 “Infirmos
815 2304 920 2330 cura
954 2290 1196 2343 diligenter,
1228 2296 1271 2331 et
1305 2291 1371 2330 his
1405 2298 1656 2344 compatere
1690 2302 1733 2334 et

266 2366 483 2414 miserere,
508 2370 555 2404 ut
585 2378 702 2416 saepe
732 2364 854 2404 dixi:
885 2378 972 2416 quo
1003 2369 1047 2404 te
1078 2371 1232 2416 postea
1264 2364 1459 2405 fortassis
1490 2372 1733 2418 aegrotante

261 2440 432 2480 excitet
474 2439 596 2478 Deus
637 2438 841 2490 aliquem,
884 2438 959 2489 qui
1003 2438 1081 2477 tibi
1123 2438 1198 2490 pio
1240 2439 1388 2478 animo
1430 2439 1647 2481 ministret
1688 2449 1730 2482 et

261 2514 435 2554 serviat.
500 2512 551 2552 In
585 2525 672 2564 qua
705 2511 820 2551 enim
857 2524 1070 2561 mensura,
1102 2512 1174 2562 ait,
1207 2512 1345 2552 mensi
1381 2512 1558 2562 fueritis,
1594 2528 1729 2556 reme-

261 2589 396 2629 tietur
416 2584 602 2627 vobis.'’3

352 2661 519 2714 Quinta
561 2660 738 2709 uti-litas,
781 2659 899 2711 quod
943 2660 1017 2711 qui
1069 2659 1222 2699 sedulo
1265 2660 1482 2701 ministrat
1523 2664 1661 2714 aegris,
1706 2678 1729 2703 a

262 2737 412 2778 multis
453 2735 548 2776 aliis
590 2735 844 2775 daemonum
887 2734 1297 2786 impugnationibus
1339 2736 1594 2789 vitiosisque
1631 2752 1727 2790 per-

261 2809 585 2852 turbationibus
606 2808 834 2858 liberatur3
866 2813 913 2848 ut
936 2808 1053 2848 idem
1077 2807 1330 2848 Dorotheus
1352 2809 1424 2858 ait,
1447 2809 1569 2862 cujus
1592 2812 1723 2852 etiam

394 2907 406 2926 ¹
432 2908 500 2940 Ser.
526 2916 573 2947 14.
667 2905 679 2924 ²
704 2907 753 2937 Ex
771 2906 851 2937 actis
868 2910 899 2937 et
915 2905 992 2937 vita.
1086 2904 1099 2923 ³
1124 2906 1192 2938 Ser.
1215 2905 1247 2937 ii.
1269 2907 1369 2948 Resp.
1386 2907 1428 2938 ad
1440 2907 1592 2949 interrog.
