<?xml version="1.0" encoding="UTF-8"?>
<!DOCTYPE html PUBLIC "-//W3C//DTD XHTML 1.0 Transitional//EN"
    "http://www.w3.org/TR/xhtml1/DTD/xhtml1-transitional.dtd">
<html xmlns="http://www.w3.org/1999/xhtml" xml:lang="en" lang="en">
 <head>
  <title>
</title>
<meta http-equiv="Content-Type" content="text/html;charset=utf-8" />
  <meta name='ocr-system' content='tesseract 3.04.00' />
  <meta name='ocr-capabilities' content='ocr_page ocr_carea ocr_par ocr_line ocrx_word'/>
</head>
<body>
  <div class='ocr_page' id='page_1' title='image "./nicolaiorlandini00orla/nicolaiorlandini00orla_0203.png"; bbox 0 0 1903 3197; ppageno 0'>
   <div class='ocr_carea' id='block_1_1' title="bbox 399 131 1555 189">
    <p class='ocr_par' dir='ltr' id='par_1_1' title="bbox 399 131 1555 189">
     <span class='ocr_line' id='line_1_1' title="bbox 399 131 1555 189; baseline -0.003 -10"><span class='ocrx_word' id='word_1_1' title='bbox 399 133 478 179; x_wconf 79' lang='lat' dir='ltr'>De</span> <span class='ocrx_word' id='word_1_2' title='bbox 509 133 857 179; x_wconf 72' lang='lat' dir='ltr'>antevertendis</span> <span class='ocrx_word' id='word_1_3' title='bbox 892 131 1244 178; x_wconf 65' lang='lat' dir='ltr'>laudationibus.</span> <span class='ocrx_word' id='word_1_4' title='bbox 1467 132 1520 176; x_wconf 82' lang='lat'>18</span> <span class='ocrx_word' id='word_1_5' title='bbox 1531 145 1555 189; x_wconf 81' lang='lat'>3</span> 
     </span>
    </p>
   </div>
   <div class='ocr_carea' id='block_1_2' title="bbox 89 263 1567 2839">
    <p class='ocr_par' dir='ltr' id='par_1_2' title="bbox 89 263 1555 394">
     <span class='ocr_line' id='line_1_2' title="bbox 89 263 1555 321; baseline -0.004 -13"><span class='ocrx_word' id='word_1_6' title='bbox 89 282 189 321; x_wconf 85' lang='lat' dir='ltr'>quae</span> <span class='ocrx_word' id='word_1_7' title='bbox 230 267 522 307; x_wconf 89' lang='lat' dir='ltr'>condiderunt</span> <span class='ocrx_word' id='word_1_8' title='bbox 563 265 716 305; x_wconf 88' lang='lat' dir='ltr'>fratres</span> <span class='ocrx_word' id='word_1_9' title='bbox 764 266 826 305; x_wconf 88' lang='lat' dir='ltr'>tui</span> <span class='ocrx_word' id='word_1_10' title='bbox 880 279 1018 317; x_wconf 87' lang='lat' dir='ltr'>usque</span> <span class='ocrx_word' id='word_1_11' title='bbox 1069 266 1111 304; x_wconf 91' lang='lat' dir='ltr'>in</span> <span class='ocrx_word' id='word_1_12' title='bbox 1164 265 1281 305; x_wconf 89' lang='lat' dir='ltr'>diem</span> <span class='ocrx_word' id='word_1_13' title='bbox 1334 263 1459 311; x_wconf 82' lang='lat' dir='ltr'>hanc,</span> <span class='ocrx_word' id='word_1_14' title='bbox 1512 263 1555 302; x_wconf 90' lang='lat' dir='ltr'>in</span> 
     </span>
     <span class='ocr_line' id='line_1_3' title="bbox 95 341 409 394; baseline -0.006 -12"><span class='ocrx_word' id='word_1_15' title='bbox 95 341 409 394; x_wconf 77' lang='lat' dir='ltr'>Babylonem.&#39;’</span> 
     </span>
    </p>

    <p class='ocr_par' dir='ltr' id='par_1_3' title="bbox 93 412 1567 2692">
     <span class='ocr_line' id='line_1_4' title="bbox 182 412 1554 468; baseline -0.003 -13"><span class='ocrx_word' id='word_1_16' title='bbox 182 415 351 468; x_wconf 74' lang='lat' dir='ltr'>Quarta</span> <span class='ocrx_word' id='word_1_17' title='bbox 414 414 601 454; x_wconf 89' lang='lat' dir='ltr'>tentatio</span> <span class='ocrx_word' id='word_1_18' title='bbox 657 413 802 452; x_wconf 86' lang='lat' dir='ltr'>subita</span> <span class='ocrx_word' id='word_1_19' title='bbox 864 412 1126 459; x_wconf 87' lang='lat' dir='ltr'>nominatur,</span> <span class='ocrx_word' id='word_1_20' title='bbox 1181 426 1278 464; x_wconf 66' lang='lat' dir='ltr'>quae</span> <span class='ocrx_word' id='word_1_21' title='bbox 1337 412 1554 463; x_wconf 85' lang='lat' dir='ltr'>judicium</span> 
     </span>
     <span class='ocr_line' id='line_1_5' title="bbox 94 485 1556 541; baseline -0.003 -12"><span class='ocrx_word' id='word_1_22' title='bbox 94 490 274 530; x_wconf 87' lang='lat' dir='ltr'>rationis</span> <span class='ocrx_word' id='word_1_23' title='bbox 310 488 531 541; x_wconf 58' lang='lat' dir='ltr'>praevenit,</span> <span class='ocrx_word' id='word_1_24' title='bbox 568 487 739 526; x_wconf 86' lang='lat' dir='ltr'>etiamsi</span> <span class='ocrx_word' id='word_1_25' title='bbox 782 485 952 526; x_wconf 86' lang='lat' dir='ltr'>occulte</span> <span class='ocrx_word' id='word_1_26' title='bbox 988 491 1031 525; x_wconf 92' lang='lat' dir='ltr'>et</span> <span class='ocrx_word' id='word_1_27' title='bbox 1068 485 1200 525; x_wconf 87' lang='lat' dir='ltr'>tacite</span> <span class='ocrx_word' id='word_1_28' title='bbox 1238 499 1326 524; x_wconf 89' lang='lat' dir='ltr'>non</span> <span class='ocrx_word' id='word_1_29' title='bbox 1364 485 1556 525; x_wconf 76' lang='lat' dir='ltr'>accedat,</span> 
     </span>
     <span class='ocr_line' id='line_1_6' title="bbox 96 558 1557 610; baseline -0.005 -6"><span class='ocrx_word' id='word_1_30' title='bbox 96 563 161 604; x_wconf 92' lang='lat' dir='ltr'>Ut</span> <span class='ocrx_word' id='word_1_31' title='bbox 197 563 309 603; x_wconf 88' lang='lat' dir='ltr'>solet</span> <span class='ocrx_word' id='word_1_32' title='bbox 344 576 438 602; x_wconf 89' lang='lat' dir='ltr'>esse</span> <span class='ocrx_word' id='word_1_33' title='bbox 475 561 630 601; x_wconf 80' lang='lat' dir='ltr'>subitae</span> <span class='ocrx_word' id='word_1_34' title='bbox 669 560 904 600; x_wconf 59' lang='lat' dir='ltr'>iracundia}</span> <span class='ocrx_word' id='word_1_35' title='bbox 941 559 1139 606; x_wconf 89' lang='lat' dir='ltr'>tentatio,</span> <span class='ocrx_word' id='word_1_36' title='bbox 1178 558 1386 598; x_wconf 84' lang='lat' dir='ltr'>adversus</span> <span class='ocrx_word' id='word_1_37' title='bbox 1424 571 1557 610; x_wconf 84' lang='lat' dir='ltr'>quam</span> 
     </span>
     <span class='ocr_line' id='line_1_7' title="bbox 95 632 1559 689; baseline -0.004 -12"><span class='ocrx_word' id='word_1_38' title='bbox 95 637 175 677; x_wconf 86' lang='lat' dir='ltr'>nisi</span> <span class='ocrx_word' id='word_1_39' title='bbox 228 637 323 689; x_wconf 86' lang='lat' dir='ltr'>quis</span> <span class='ocrx_word' id='word_1_40' title='bbox 374 649 420 675; x_wconf 86' lang='lat' dir='ltr'>se</span> <span class='ocrx_word' id='word_1_41' title='bbox 472 640 623 683; x_wconf 89' lang='lat' dir='ltr'>armet,</span> <span class='ocrx_word' id='word_1_42' title='bbox 668 634 868 687; x_wconf 87' lang='lat' dir='ltr'>quamvis</span> <span class='ocrx_word' id='word_1_43' title='bbox 919 634 976 673; x_wconf 89' lang='lat' dir='ltr'>sit</span> <span class='ocrx_word' id='word_1_44' title='bbox 1026 633 1187 672; x_wconf 83' lang='lat' dir='ltr'>virtute</span> <span class='ocrx_word' id='word_1_45' title='bbox 1229 639 1273 672; x_wconf 88' lang='lat' dir='ltr'>et</span> <span class='ocrx_word' id='word_1_46' title='bbox 1324 632 1559 672; x_wconf 74' lang='lat' dir='ltr'>sanctitate</span> 
     </span>
     <span class='ocr_line' id='line_1_8' title="bbox 93 708 1559 764; baseline -0.004 -13"><span class='ocrx_word' id='word_1_47' title='bbox 93 711 314 764; x_wconf 63' lang='lat' dir='ltr'>praeditus,</span> <span class='ocrx_word' id='word_1_48' title='bbox 369 710 425 749; x_wconf 88' lang='lat' dir='ltr'>ab</span> <span class='ocrx_word' id='word_1_49' title='bbox 476 708 700 749; x_wconf 74' lang='lat' dir='ltr'>iracundia</span> <span class='ocrx_word' id='word_1_50' title='bbox 752 709 869 761; x_wconf 89' lang='lat' dir='ltr'>prius</span> <span class='ocrx_word' id='word_1_51' title='bbox 921 712 1162 760; x_wconf 85' lang='lat' dir='ltr'>occupatur</span> <span class='ocrx_word' id='word_1_52' title='bbox 1214 720 1265 746; x_wconf 81' lang='lat' dir='ltr'>ac</span> <span class='ocrx_word' id='word_1_53' title='bbox 1318 712 1559 759; x_wconf 83' lang='lat' dir='ltr'>superatur,</span> 
     </span>
     <span class='ocr_line' id='line_1_9' title="bbox 94 780 1561 837; baseline -0.004 -13"><span class='ocrx_word' id='word_1_54' title='bbox 94 797 226 837; x_wconf 88' lang='lat' dir='ltr'>quam</span> <span class='ocrx_word' id='word_1_55' title='bbox 265 784 375 824; x_wconf 88' lang='lat' dir='ltr'>ratio</span> <span class='ocrx_word' id='word_1_56' title='bbox 417 783 657 836; x_wconf 59' lang='lat' dir='ltr'>praevidere</span> <span class='ocrx_word' id='word_1_57' title='bbox 699 782 848 835; x_wconf 88' lang='lat' dir='ltr'>possit.</span> <span class='ocrx_word' id='word_1_58' title='bbox 922 781 1002 821; x_wconf 89' lang='lat' dir='ltr'>Vir</span> <span class='ocrx_word' id='word_1_59' title='bbox 1039 781 1155 821; x_wconf 89' lang='lat' dir='ltr'>enim</span> <span class='ocrx_word' id='word_1_60' title='bbox 1194 780 1336 820; x_wconf 88' lang='lat' dir='ltr'>bonus</span> <span class='ocrx_word' id='word_1_61' title='bbox 1379 785 1422 819; x_wconf 86' lang='lat' dir='ltr'>et</span> <span class='ocrx_word' id='word_1_62' title='bbox 1464 793 1561 832; x_wconf 53' lang='lat' dir='ltr'>pera</span> 
     </span>
     <span class='ocr_line' id='line_1_10' title="bbox 94 854 1559 909; baseline -0.003 -11"><span class='ocrx_word' id='word_1_63' title='bbox 94 858 232 898; x_wconf 85' lang='lat' dir='ltr'>fectus</span> <span class='ocrx_word' id='word_1_64' title='bbox 276 863 368 898; x_wconf 87' lang='lat' dir='ltr'>erat</span> <span class='ocrx_word' id='word_1_65' title='bbox 409 857 505 897; x_wconf 85' lang='lat' dir='ltr'>Asa</span> <span class='ocrx_word' id='word_1_66' title='bbox 546 871 625 897; x_wconf 82' lang='lat' dir='ltr'>rex</span> <span class='ocrx_word' id='word_1_67' title='bbox 667 856 807 909; x_wconf 76' lang='lat' dir='ltr'>Judae,</span> <span class='ocrx_word' id='word_1_68' title='bbox 848 856 902 895; x_wconf 81' lang='lat' dir='ltr'>de</span> <span class='ocrx_word' id='word_1_69' title='bbox 945 869 1032 907; x_wconf 85' lang='lat' dir='ltr'>quo</span> <span class='ocrx_word' id='word_1_70' title='bbox 1077 854 1304 907; x_wconf 79' lang='lat' dir='ltr'>Scriptura</span> <span class='ocrx_word' id='word_1_71' title='bbox 1346 860 1559 894; x_wconf 84' lang='lat' dir='ltr'>testatur:</span> 
     </span>
     <span class='ocr_line' id='line_1_11' title="bbox 95 928 1559 985; baseline -0.003 -13"><span class='ocrx_word' id='word_1_72' title='bbox 95 932 256 972; x_wconf 82' lang='lat' dir='ltr'>“Fecit</span> <span class='ocrx_word' id='word_1_73' title='bbox 293 931 412 985; x_wconf 84' lang='lat' dir='ltr'>quod</span> <span class='ocrx_word' id='word_1_74' title='bbox 447 931 612 971; x_wconf 88' lang='lat' dir='ltr'>bonum</span> <span class='ocrx_word' id='word_1_75' title='bbox 649 938 691 971; x_wconf 85' lang='lat' dir='ltr'>et</span> <span class='ocrx_word' id='word_1_76' title='bbox 730 930 940 983; x_wconf 86' lang='lat' dir='ltr'>placitum</span> <span class='ocrx_word' id='word_1_77' title='bbox 980 934 1072 969; x_wconf 91' lang='lat' dir='ltr'>erat</span> <span class='ocrx_word' id='word_1_78' title='bbox 1110 929 1152 968; x_wconf 92' lang='lat' dir='ltr'>in</span> <span class='ocrx_word' id='word_1_79' title='bbox 1196 934 1433 981; x_wconf 86' lang='lat' dir='ltr'>conspectu</span> <span class='ocrx_word' id='word_1_80' title='bbox 1474 928 1559 969; x_wconf 90' lang='lat' dir='ltr'>Dei</span> 
     </span>
     <span class='ocr_line' id='line_1_12' title="bbox 93 1000 1559 1059; baseline -0.005 -11"><span class='ocrx_word' id='word_1_81' title='bbox 93 1007 194 1057; x_wconf 85' lang='lat' dir='ltr'>sui‚”</span> <span class='ocrx_word' id='word_1_82' title='bbox 233 1013 277 1048; x_wconf 90' lang='lat' dir='ltr'>et</span> <span class='ocrx_word' id='word_1_83' title='bbox 314 1010 424 1047; x_wconf 83' lang='lat' dir='ltr'>“cor</span> <span class='ocrx_word' id='word_1_84' title='bbox 460 1006 552 1059; x_wconf 88' lang='lat' dir='ltr'>ejus</span> <span class='ocrx_word' id='word_1_85' title='bbox 591 1012 681 1046; x_wconf 83' lang='lat' dir='ltr'>erat</span> <span class='ocrx_word' id='word_1_86' title='bbox 720 1004 961 1058; x_wconf 86' lang='lat' dir='ltr'>perfectum</span> <span class='ocrx_word' id='word_1_87' title='bbox 1001 1004 1168 1044; x_wconf 86' lang='lat' dir='ltr'>cunctis</span> <span class='ocrx_word' id='word_1_88' title='bbox 1207 1003 1362 1043; x_wconf 87' lang='lat' dir='ltr'>diebus</span> <span class='ocrx_word' id='word_1_89' title='bbox 1406 1000 1559 1054; x_wconf 81' lang='lat' dir='ltr'>ejus.”¹</span> 
     </span>
     <span class='ocr_line' id='line_1_13' title="bbox 98 1075 1561 1131; baseline -0.005 -8"><span class='ocrx_word' id='word_1_90' title='bbox 98 1084 157 1124; x_wconf 86' lang='lat' dir='ltr'>Et</span> <span class='ocrx_word' id='word_1_91' title='bbox 190 1089 351 1130; x_wconf 88' lang='lat' dir='ltr'>tamen,</span> <span class='ocrx_word' id='word_1_92' title='bbox 387 1081 639 1122; x_wconf 89' lang='lat' dir='ltr'>admonitus</span> <span class='ocrx_word' id='word_1_93' title='bbox 673 1080 728 1120; x_wconf 89' lang='lat' dir='ltr'>ab</span> <span class='ocrx_word' id='word_1_94' title='bbox 767 1079 946 1119; x_wconf 86' lang='lat' dir='ltr'>Hanani</span> <span class='ocrx_word' id='word_1_95' title='bbox 982 1077 1208 1131; x_wconf 88' lang='lat' dir='ltr'>propheta,</span> <span class='ocrx_word' id='word_1_96' title='bbox 1246 1077 1348 1129; x_wconf 87' lang='lat' dir='ltr'>quia</span> <span class='ocrx_word' id='word_1_97' title='bbox 1384 1075 1561 1116; x_wconf 89' lang='lat' dir='ltr'>habuis-</span> 
     </span>
     <span class='ocr_line' id='line_1_14' title="bbox 97 1151 1562 1208; baseline -0.005 -10"><span class='ocrx_word' id='word_1_98' title='bbox 97 1164 164 1198; x_wconf 84' lang='lat' dir='ltr'>set</span> <span class='ocrx_word' id='word_1_99' title='bbox 186 1157 390 1197; x_wconf 88' lang='lat' dir='ltr'>fiduciam</span> <span class='ocrx_word' id='word_1_100' title='bbox 415 1157 457 1195; x_wconf 90' lang='lat' dir='ltr'>in</span> <span class='ocrx_word' id='word_1_101' title='bbox 483 1157 606 1208; x_wconf 82' lang='lat' dir='ltr'>Rege</span> <span class='ocrx_word' id='word_1_102' title='bbox 637 1155 788 1208; x_wconf 75' lang='lat' dir='ltr'>Syriae,</span> <span class='ocrx_word' id='word_1_103' title='bbox 821 1159 864 1193; x_wconf 77' lang='lat' dir='ltr'>et</span> <span class='ocrx_word' id='word_1_104' title='bbox 894 1167 981 1193; x_wconf 89' lang='lat' dir='ltr'>non</span> <span class='ocrx_word' id='word_1_105' title='bbox 1014 1153 1056 1191; x_wconf 91' lang='lat' dir='ltr'>in</span> <span class='ocrx_word' id='word_1_106' title='bbox 1091 1152 1298 1200; x_wconf 87' lang='lat' dir='ltr'>Domino,</span> <span class='ocrx_word' id='word_1_107' title='bbox 1324 1151 1469 1191; x_wconf 89' lang='lat' dir='ltr'>subita</span> <span class='ocrx_word' id='word_1_108' title='bbox 1500 1151 1562 1190; x_wconf 89' lang='lat' dir='ltr'>ira</span> 
     </span>
     <span class='ocr_line' id='line_1_15' title="bbox 97 1223 1562 1280; baseline -0.005 -8"><span class='ocrx_word' id='word_1_109' title='bbox 97 1233 300 1272; x_wconf 88' lang='lat' dir='ltr'>incensus</span> <span class='ocrx_word' id='word_1_110' title='bbox 323 1233 344 1250; x_wconf 92' lang='lat'><em>“</em></span> <span class='ocrx_word' id='word_1_111' title='bbox 362 1231 569 1270; x_wconf 83' lang='lat' dir='ltr'>adversus</span> <span class='ocrx_word' id='word_1_112' title='bbox 591 1229 843 1277; x_wconf 75' lang='lat' dir='ltr'>Videntem,</span> <span class='ocrx_word' id='word_1_113' title='bbox 863 1227 993 1280; x_wconf 88' lang='lat' dir='ltr'>jussit</span> <span class='ocrx_word' id='word_1_114' title='bbox 1015 1240 1115 1267; x_wconf 90' lang='lat' dir='ltr'>eum</span> <span class='ocrx_word' id='word_1_115' title='bbox 1139 1226 1253 1266; x_wconf 88' lang='lat' dir='ltr'>mitti</span> <span class='ocrx_word' id='word_1_116' title='bbox 1278 1226 1321 1265; x_wconf 90' lang='lat' dir='ltr'>in</span> <span class='ocrx_word' id='word_1_117' title='bbox 1344 1223 1562 1274; x_wconf 81' lang='lat' dir='ltr'>nervum,&#39;&#39;</span> 
     </span>
     <span class='ocr_line' id='line_1_16' title="bbox 95 1301 1562 1358; baseline -0.003 -12"><span class='ocrx_word' id='word_1_118' title='bbox 95 1319 284 1358; x_wconf 85' lang='lat' dir='ltr'>cumque</span> <span class='ocrx_word' id='word_1_119' title='bbox 314 1304 453 1344; x_wconf 87' lang='lat' dir='ltr'>multa</span> <span class='ocrx_word' id='word_1_120' title='bbox 486 1309 615 1343; x_wconf 88' lang='lat' dir='ltr'>antea</span> <span class='ocrx_word' id='word_1_121' title='bbox 648 1303 856 1357; x_wconf 62' lang='lat' dir='ltr'>praeclare</span> <span class='ocrx_word' id='word_1_122' title='bbox 889 1302 1074 1350; x_wconf 81' lang='lat' dir='ltr'>fecisset,</span> <span class='ocrx_word' id='word_1_123' title='bbox 1112 1301 1338 1355; x_wconf 82' lang='lat' dir='ltr'>repentina</span> <span class='ocrx_word' id='word_1_124' title='bbox 1367 1307 1562 1342; x_wconf 89' lang='lat' dir='ltr'>tentatus</span> 
     </span>
     <span class='ocr_line' id='line_1_17' title="bbox 95 1375 1564 1431; baseline -0.005 -10"><span class='ocrx_word' id='word_1_125' title='bbox 95 1383 168 1431; x_wconf 87' lang='lat' dir='ltr'>ira,</span> <span class='ocrx_word' id='word_1_126' title='bbox 193 1380 247 1420; x_wconf 92' lang='lat' dir='ltr'>ad</span> <span class='ocrx_word' id='word_1_127' title='bbox 275 1386 525 1420; x_wconf 80' lang='lat' dir='ltr'>extremum</span> <span class='ocrx_word' id='word_1_128' title='bbox 548 1377 677 1418; x_wconf 85' lang='lat' dir='ltr'>vertit</span> <span class='ocrx_word' id='word_1_129' title='bbox 707 1377 854 1417; x_wconf 88' lang='lat' dir='ltr'>omnia</span> <span class='ocrx_word' id='word_1_130' title='bbox 876 1391 882 1421; x_wconf 73' lang='grc' dir='ltr'><strong>ς</strong></span> <span class='ocrx_word' id='word_1_131' title='bbox 917 1376 1079 1416; x_wconf 77' lang='lat' dir='ltr'>“valde</span> <span class='ocrx_word' id='word_1_132' title='bbox 1113 1375 1311 1428; x_wconf 82' lang='lat' dir='ltr'>quippe,’&#39;</span> <span class='ocrx_word' id='word_1_133' title='bbox 1338 1375 1564 1428; x_wconf 78' lang='lat' dir='ltr'>Scriptura</span> 
     </span>
     <span class='ocr_line' id='line_1_18' title="bbox 95 1448 1565 1507; baseline -0.005 -12"><span class='ocrx_word' id='word_1_134' title='bbox 95 1455 250 1507; x_wconf 90' lang='lat' dir='ltr'>inquit,</span> <span class='ocrx_word' id='word_1_135' title='bbox 271 1457 293 1474; x_wconf 84' lang='lat'><em>“</em></span> <span class='ocrx_word' id='word_1_136' title='bbox 310 1467 440 1506; x_wconf 85' lang='lat' dir='ltr'>super</span> <span class='ocrx_word' id='word_1_137' title='bbox 461 1452 544 1492; x_wconf 89' lang='lat' dir='ltr'>hoc</span> <span class='ocrx_word' id='word_1_138' title='bbox 567 1451 707 1491; x_wconf 85' lang='lat' dir='ltr'>fuerat</span> <span class='ocrx_word' id='word_1_139' title='bbox 731 1451 998 1503; x_wconf 77' lang='lat' dir='ltr'>indignatus,</span> <span class='ocrx_word' id='word_1_140' title='bbox 1019 1455 1061 1489; x_wconf 91' lang='lat' dir='ltr'>et</span> <span class='ocrx_word' id='word_1_141' title='bbox 1084 1449 1300 1490; x_wconf 86' lang='lat' dir='ltr'>interfecit</span> <span class='ocrx_word' id='word_1_142' title='bbox 1323 1450 1378 1489; x_wconf 85' lang='lat' dir='ltr'>de</span> <span class='ocrx_word' id='word_1_143' title='bbox 1399 1448 1565 1502; x_wconf 87' lang='lat' dir='ltr'>populo</span> 
     </span>
     <span class='ocr_line' id='line_1_19' title="bbox 97 1523 1565 1580; baseline -0.003 -12"><span class='ocrx_word' id='word_1_144' title='bbox 97 1530 141 1569; x_wconf 92' lang='lat' dir='ltr'>in</span> <span class='ocrx_word' id='word_1_145' title='bbox 183 1534 382 1580; x_wconf 90' lang='lat' dir='ltr'>tempore</span> <span class='ocrx_word' id='word_1_146' title='bbox 424 1526 498 1566; x_wconf 84' lang='lat' dir='ltr'>illo</span> <span class='ocrx_word' id='word_1_147' title='bbox 540 1523 812 1578; x_wconf 70' lang='lat' dir='ltr'>plurimos.”²</span> <span class='ocrx_word' id='word_1_148' title='bbox 875 1523 1008 1577; x_wconf 77' lang='lat' dir='ltr'>Quod</span> <span class='ocrx_word' id='word_1_149' title='bbox 1051 1524 1086 1563; x_wconf 91' lang='lat' dir='ltr'>si</span> <span class='ocrx_word' id='word_1_150' title='bbox 1130 1523 1479 1563; x_wconf 79' lang='lat' dir='ltr'>mansuetudinis</span> <span class='ocrx_word' id='word_1_151' title='bbox 1522 1528 1565 1563; x_wconf 91' lang='lat' dir='ltr'>et</span> 
     </span>
     <span class='ocr_line' id='line_1_20' title="bbox 93 1597 1563 1643; baseline -0.005 0"><span class='ocrx_word' id='word_1_152' title='bbox 93 1602 355 1643; x_wconf 86' lang='lat' dir='ltr'>humilitatis</span> <span class='ocrx_word' id='word_1_153' title='bbox 388 1599 705 1641; x_wconf 79' lang='lat' dir='ltr'>exercitatione</span> <span class='ocrx_word' id='word_1_154' title='bbox 739 1598 963 1639; x_wconf 86' lang='lat' dir='ltr'>didicisset</span> <span class='ocrx_word' id='word_1_155' title='bbox 998 1597 1235 1637; x_wconf 62' lang='lat' dir='ltr'>iracundiae</span> <span class='ocrx_word' id='word_1_156' title='bbox 1270 1597 1563 1637; x_wconf 78' lang='lat' dir='ltr'>tentationem</span> 
     </span>
     <span class='ocr_line' id='line_1_21' title="bbox 98 1671 1566 1726; baseline -0.004 -10"><span class='ocrx_word' id='word_1_157' title='bbox 98 1681 381 1724; x_wconf 79' lang='lat' dir='ltr'>antevertere,</span> <span class='ocrx_word' id='word_1_158' title='bbox 428 1687 652 1726; x_wconf 87' lang='lat' dir='ltr'>nunquam</span> <span class='ocrx_word' id='word_1_159' title='bbox 693 1672 845 1713; x_wconf 88' lang='lat' dir='ltr'>fuisset</span> <span class='ocrx_word' id='word_1_160' title='bbox 886 1677 1037 1712; x_wconf 85' lang='lat' dir='ltr'>tantus</span> <span class='ocrx_word' id='word_1_161' title='bbox 1078 1672 1143 1710; x_wconf 80' lang='lat' dir='ltr'>vir</span> <span class='ocrx_word' id='word_1_162' title='bbox 1179 1685 1205 1711; x_wconf 90' lang='lat' dir='ltr'>a</span> <span class='ocrx_word' id='word_1_163' title='bbox 1242 1671 1387 1711; x_wconf 89' lang='lat' dir='ltr'>subita</span> <span class='ocrx_word' id='word_1_164' title='bbox 1422 1676 1566 1711; x_wconf 88' lang='lat' dir='ltr'>tenta-</span> 
     </span>
     <span class='ocr_line' id='line_1_22' title="bbox 96 1744 1567 1802; baseline -0.005 -11"><span class='ocrx_word' id='word_1_165' title='bbox 96 1751 215 1791; x_wconf 84' lang='lat' dir='ltr'>tione</span> <span class='ocrx_word' id='word_1_166' title='bbox 237 1755 491 1802; x_wconf 89' lang='lat' dir='ltr'>prostratus.</span> <span class='ocrx_word' id='word_1_167' title='bbox 557 1747 714 1788; x_wconf 89' lang='lat' dir='ltr'>Subita</span> <span class='ocrx_word' id='word_1_168' title='bbox 741 1747 874 1786; x_wconf 89' lang='lat' dir='ltr'>etiam</span> <span class='ocrx_word' id='word_1_169' title='bbox 901 1745 1090 1786; x_wconf 87' lang='lat' dir='ltr'>tentatio</span> <span class='ocrx_word' id='word_1_170' title='bbox 1112 1744 1205 1793; x_wconf 85' lang='lat' dir='ltr'>suit,</span> <span class='ocrx_word' id='word_1_171' title='bbox 1230 1758 1329 1784; x_wconf 86' lang='lat' dir='ltr'>cum</span> <span class='ocrx_word' id='word_1_172' title='bbox 1359 1745 1567 1798; x_wconf 85' lang='lat' dir='ltr'>Princeps</span> 
     </span>
     <span class='ocr_line' id='line_1_23' title="bbox 100 1818 1567 1878; baseline -0.005 -13"><span class='ocrx_word' id='word_1_173' title='bbox 100 1824 402 1878; x_wconf 88' lang='lat' dir='ltr'>apostolorum</span> <span class='ocrx_word' id='word_1_174' title='bbox 462 1821 725 1874; x_wconf 78' lang='lat' dir='ltr'>Magistrum</span> <span class='ocrx_word' id='word_1_175' title='bbox 784 1834 924 1869; x_wconf 87' lang='lat' dir='ltr'>suum,</span> <span class='ocrx_word' id='word_1_176' title='bbox 979 1833 1067 1871; x_wconf 88' lang='lat' dir='ltr'>qua</span> <span class='ocrx_word' id='word_1_177' title='bbox 1119 1824 1247 1858; x_wconf 88' lang='lat' dir='ltr'>nocte</span> <span class='ocrx_word' id='word_1_178' title='bbox 1299 1818 1567 1869; x_wconf 82' lang='lat' dir='ltr'>tradebatur,</span> 
     </span>
     <span class='ocr_line' id='line_1_24' title="bbox 98 1893 1567 1947; baseline -0.005 -6"><span class='ocrx_word' id='word_1_179' title='bbox 98 1898 234 1941; x_wconf 84' lang='lat' dir='ltr'>semel</span> <span class='ocrx_word' id='word_1_180' title='bbox 286 1898 443 1938; x_wconf 89' lang='lat' dir='ltr'>iterum</span> <span class='ocrx_word' id='word_1_181' title='bbox 497 1910 546 1936; x_wconf 85' lang='lat' dir='ltr'>ac</span> <span class='ocrx_word' id='word_1_182' title='bbox 598 1895 727 1936; x_wconf 91' lang='lat' dir='ltr'>tertio</span> <span class='ocrx_word' id='word_1_183' title='bbox 779 1894 982 1947; x_wconf 83' lang='lat' dir='ltr'>negavit;</span> <span class='ocrx_word' id='word_1_184' title='bbox 1048 1893 1094 1941; x_wconf 80' lang='lat' dir='ltr'>is,</span> <span class='ocrx_word' id='word_1_185' title='bbox 1137 1893 1329 1946; x_wconf 84' lang='lat' dir='ltr'>inquam,</span> <span class='ocrx_word' id='word_1_186' title='bbox 1380 1893 1435 1933; x_wconf 92' lang='lat' dir='ltr'>de</span> <span class='ocrx_word' id='word_1_187' title='bbox 1477 1906 1567 1946; x_wconf 91' lang='lat' dir='ltr'>quo</span> 
     </span>
     <span class='ocr_line' id='line_1_25' title="bbox 99 1967 1566 2025; baseline -0.004 -11"><span class='ocrx_word' id='word_1_188' title='bbox 99 1974 274 2014; x_wconf 81' lang='lat' dir='ltr'>dixerat</span> <span class='ocrx_word' id='word_1_189' title='bbox 308 1971 440 2025; x_wconf 88' lang='lat' dir='ltr'>paulo</span> <span class='ocrx_word' id='word_1_190' title='bbox 473 1975 576 2010; x_wconf 89' lang='lat' dir='ltr'>ante</span> <span class='ocrx_word' id='word_1_191' title='bbox 611 1968 821 2015; x_wconf 82' lang='lat' dir='ltr'>Christus,</span> <span class='ocrx_word' id='word_1_192' title='bbox 859 1968 1014 2008; x_wconf 80' lang='lat' dir='ltr'>“Ecce</span> <span class='ocrx_word' id='word_1_193' title='bbox 1048 1972 1226 2008; x_wconf 87' lang='lat' dir='ltr'>satanas</span> <span class='ocrx_word' id='word_1_194' title='bbox 1261 1967 1479 2020; x_wconf 80' lang='lat' dir='ltr'>expetivit</span> <span class='ocrx_word' id='word_1_195' title='bbox 1508 1972 1566 2018; x_wconf 87' lang='lat' dir='ltr'>te,</span> 
     </span>
     <span class='ocr_line' id='line_1_26' title="bbox 99 2040 1567 2095; baseline -0.003 -8"><span class='ocrx_word' id='word_1_196' title='bbox 99 2054 147 2088; x_wconf 84' lang='lat' dir='ltr'>ut</span> <span class='ocrx_word' id='word_1_197' title='bbox 179 2047 385 2087; x_wconf 87' lang='lat' dir='ltr'>cribraret</span> <span class='ocrx_word' id='word_1_198' title='bbox 412 2045 523 2084; x_wconf 83' lang='lat' dir='ltr'>sieut</span> <span class='ocrx_word' id='word_1_199' title='bbox 549 2043 777 2090; x_wconf 85' lang='lat' dir='ltr'>triticum‚&#39;&#39;</span> <span class='ocrx_word' id='word_1_200' title='bbox 811 2043 878 2083; x_wconf 90' lang='lat' dir='ltr'>cui</span> <span class='ocrx_word' id='word_1_201' title='bbox 909 2041 1180 2095; x_wconf 71' lang='lat' dir='ltr'>praedixerat</span> <span class='ocrx_word' id='word_1_202' title='bbox 1211 2040 1323 2081; x_wconf 89' lang='lat' dir='ltr'>forte</span> <span class='ocrx_word' id='word_1_203' title='bbox 1356 2047 1414 2090; x_wconf 88' lang='lat' dir='ltr'>ut,</span> <span class='ocrx_word' id='word_1_204' title='bbox 1446 2041 1567 2094; x_wconf 87' lang='lat' dir='ltr'>prius</span> 
     </span>
     <span class='ocr_line' id='line_1_27' title="bbox 96 2114 1567 2175; baseline -0.005 -13"><span class='ocrx_word' id='word_1_205' title='bbox 96 2135 229 2175; x_wconf 88' lang='lat' dir='ltr'>quarn</span> <span class='ocrx_word' id='word_1_206' title='bbox 271 2119 413 2174; x_wconf 80' lang='lat' dir='ltr'>gallus</span> <span class='ocrx_word' id='word_1_207' title='bbox 455 2123 663 2166; x_wconf 88' lang='lat' dir='ltr'>cantaret,</span> <span class='ocrx_word' id='word_1_208' title='bbox 696 2123 762 2158; x_wconf 88' lang='lat' dir='ltr'>ter</span> <span class='ocrx_word' id='word_1_209' title='bbox 803 2131 848 2157; x_wconf 88' lang='lat' dir='ltr'>se</span> <span class='ocrx_word' id='word_1_210' title='bbox 891 2122 1099 2169; x_wconf 85' lang='lat' dir='ltr'>negaret;</span> <span class='ocrx_word' id='word_1_211' title='bbox 1141 2115 1215 2168; x_wconf 86' lang='lat' dir='ltr'>qui</span> <span class='ocrx_word' id='word_1_212' title='bbox 1254 2114 1412 2155; x_wconf 87' lang='lat' dir='ltr'>millies</span> <span class='ocrx_word' id='word_1_213' title='bbox 1454 2114 1567 2156; x_wconf 88' lang='lat' dir='ltr'>mori</span> 
     </span>
     <span class='ocr_line' id='line_1_28' title="bbox 98 2189 1567 2246; baseline -0.005 -8"><span class='ocrx_word' id='word_1_214' title='bbox 98 2202 228 2238; x_wconf 85' lang='lat' dir='ltr'>antea</span> <span class='ocrx_word' id='word_1_215' title='bbox 270 2193 475 2242; x_wconf 86' lang='lat' dir='ltr'>malebat,</span> <span class='ocrx_word' id='word_1_216' title='bbox 529 2206 662 2246; x_wconf 88' lang='lat' dir='ltr'>quam</span> <span class='ocrx_word' id='word_1_217' title='bbox 705 2197 753 2231; x_wconf 89' lang='lat' dir='ltr'>ut</span> <span class='ocrx_word' id='word_1_218' title='bbox 801 2190 1010 2231; x_wconf 82' lang='lat' dir='ltr'>dilectum</span> <span class='ocrx_word' id='word_1_219' title='bbox 1054 2189 1313 2243; x_wconf 85' lang='lat' dir='ltr'>magistrum</span> <span class='ocrx_word' id='word_1_220' title='bbox 1357 2194 1567 2242; x_wconf 78' lang='lat' dir='ltr'>negaret3</span> 
     </span>
     <span class='ocr_line' id='line_1_29' title="bbox 98 2264 1566 2323; baseline -0.007 -10"><span class='ocrx_word' id='word_1_221' title='bbox 98 2278 143 2314; x_wconf 93' lang='lat' dir='ltr'>et</span> <span class='ocrx_word' id='word_1_222' title='bbox 183 2278 333 2312; x_wconf 88' lang='lat' dir='ltr'>tamen</span> <span class='ocrx_word' id='word_1_223' title='bbox 376 2268 673 2323; x_wconf 78' lang='lat' dir='ltr'>praemonitus,</span> <span class='ocrx_word' id='word_1_224' title='bbox 716 2266 910 2315; x_wconf 88' lang='lat' dir='ltr'>edoctus,</span> <span class='ocrx_word' id='word_1_225' title='bbox 955 2270 999 2305; x_wconf 92' lang='lat' dir='ltr'>et</span> <span class='ocrx_word' id='word_1_226' title='bbox 1041 2264 1084 2304; x_wconf 88' lang='lat' dir='ltr'>in</span> <span class='ocrx_word' id='word_1_227' title='bbox 1131 2270 1285 2304; x_wconf 88' lang='lat' dir='ltr'>sancto</span> <span class='ocrx_word' id='word_1_228' title='bbox 1336 2265 1566 2317; x_wconf 90' lang='lat' dir='ltr'>proposito</span> 
     </span>
     <span class='ocr_line' id='line_1_30' title="bbox 98 2340 1565 2393; baseline -0.006 -6"><span class='ocrx_word' id='word_1_229' title='bbox 98 2346 368 2393; x_wconf 87' lang='lat' dir='ltr'>obfirmatus,</span> <span class='ocrx_word' id='word_1_230' title='bbox 403 2343 548 2384; x_wconf 91' lang='lat' dir='ltr'>subita</span> <span class='ocrx_word' id='word_1_231' title='bbox 581 2340 751 2382; x_wconf 78' lang='lat' dir='ltr'>ancillae</span> <span class='ocrx_word' id='word_1_232' title='bbox 785 2353 892 2380; x_wconf 86' lang='lat' dir='ltr'>voce</span> <span class='ocrx_word' id='word_1_233' title='bbox 933 2344 1130 2380; x_wconf 86' lang='lat' dir='ltr'>tentatus</span> <span class='ocrx_word' id='word_1_234' title='bbox 1172 2344 1305 2391; x_wconf 85' lang='lat' dir='ltr'>negat</span> <span class='ocrx_word' id='word_1_235' title='bbox 1347 2351 1394 2378; x_wconf 88' lang='lat' dir='ltr'>se</span> <span class='ocrx_word' id='word_1_236' title='bbox 1435 2351 1565 2379; x_wconf 90' lang='lat' dir='ltr'>nosse</span> 
     </span>
     <span class='ocr_line' id='line_1_31' title="bbox 100 2411 1567 2470; baseline -0.005 -10"><span class='ocrx_word' id='word_1_237' title='bbox 100 2419 336 2467; x_wconf 89' lang='lat' dir='ltr'>Christum,</span> <span class='ocrx_word' id='word_1_238' title='bbox 360 2431 438 2470; x_wconf 92' lang='lat' dir='ltr'>pro</span> <span class='ocrx_word' id='word_1_239' title='bbox 468 2430 555 2469; x_wconf 87' lang='lat' dir='ltr'>quo</span> <span class='ocrx_word' id='word_1_240' title='bbox 579 2420 765 2456; x_wconf 87' lang='lat' dir='ltr'>mortem</span> <span class='ocrx_word' id='word_1_241' title='bbox 798 2427 886 2454; x_wconf 91' lang='lat' dir='ltr'>non</span> <span class='ocrx_word' id='word_1_242' title='bbox 909 2413 1143 2454; x_wconf 87' lang='lat' dir='ltr'>dubitabat</span> <span class='ocrx_word' id='word_1_243' title='bbox 1166 2418 1385 2465; x_wconf 89' lang='lat' dir='ltr'>oppetere.</span> <span class='ocrx_word' id='word_1_244' title='bbox 1450 2411 1567 2453; x_wconf 87' lang='lat' dir='ltr'>Sunt</span> 
     </span>
     <span class='ocr_line' id='line_1_32' title="bbox 98 2485 1567 2546; baseline -0.004 -14"><span class='ocrx_word' id='word_1_245' title='bbox 98 2493 231 2546; x_wconf 84' lang='lat' dir='ltr'>igitur</span> <span class='ocrx_word' id='word_1_246' title='bbox 271 2491 427 2532; x_wconf 80' lang='lat' dir='ltr'>subitae</span> <span class='ocrx_word' id='word_1_247' title='bbox 470 2489 738 2530; x_wconf 88' lang='lat' dir='ltr'>tentationes</span> <span class='ocrx_word' id='word_1_248' title='bbox 774 2487 894 2528; x_wconf 89' lang='lat' dir='ltr'>velut</span> <span class='ocrx_word' id='word_1_249' title='bbox 933 2486 1083 2527; x_wconf 89' lang='lat' dir='ltr'>hostes</span> <span class='ocrx_word' id='word_1_250' title='bbox 1126 2486 1305 2539; x_wconf 90' lang='lat' dir='ltr'>quidem</span> <span class='ocrx_word' id='word_1_251' title='bbox 1348 2485 1567 2539; x_wconf 79' lang='lat' dir='ltr'>repentIni</span> 
     </span>
     <span class='ocr_line' id='line_1_33' title="bbox 97 2559 1565 2619; baseline -0.004 -13"><span class='ocrx_word' id='word_1_252' title='bbox 97 2565 381 2619; x_wconf 83' lang='lat' dir='ltr'>inexpectati‚</span> <span class='ocrx_word' id='word_1_253' title='bbox 418 2565 492 2617; x_wconf 88' lang='lat' dir='ltr'>qui</span> <span class='ocrx_word' id='word_1_254' title='bbox 527 2564 679 2604; x_wconf 88' lang='lat' dir='ltr'>urbem</span> <span class='ocrx_word' id='word_1_255' title='bbox 714 2576 801 2603; x_wconf 89' lang='lat' dir='ltr'>non</span> <span class='ocrx_word' id='word_1_256' title='bbox 837 2562 943 2603; x_wconf 91' lang='lat' dir='ltr'>satis</span> <span class='ocrx_word' id='word_1_257' title='bbox 977 2561 1193 2602; x_wconf 90' lang='lat' dir='ltr'>munitam</span> <span class='ocrx_word' id='word_1_258' title='bbox 1228 2559 1349 2600; x_wconf 90' lang='lat' dir='ltr'>nullo</span> <span class='ocrx_word' id='word_1_259' title='bbox 1382 2559 1565 2613; x_wconf 86' lang='lat' dir='ltr'>negotio</span> 
     </span>
     <span class='ocr_line' id='line_1_34' title="bbox 99 2637 697 2692; baseline -0.003 -13"><span class='ocrx_word' id='word_1_260' title='bbox 99 2639 311 2692; x_wconf 88' lang='lat' dir='ltr'>diripiunt</span> <span class='ocrx_word' id='word_1_261' title='bbox 344 2644 387 2679; x_wconf 84' lang='lat' dir='ltr'>et</span> <span class='ocrx_word' id='word_1_262' title='bbox 420 2637 697 2691; x_wconf 89' lang='lat' dir='ltr'>populantur.</span> 
     </span>
    </p>

    <p class='ocr_par' dir='ltr' id='par_1_4' title="bbox 99 2705 1566 2839">
     <span class='ocr_line' id='line_1_35' title="bbox 187 2705 1565 2765; baseline -0.004 -13"><span class='ocrx_word' id='word_1_263' title='bbox 187 2711 356 2765; x_wconf 75' lang='lat' dir='ltr'>Quinta</span> <span class='ocrx_word' id='word_1_264' title='bbox 389 2712 575 2752; x_wconf 89' lang='lat' dir='ltr'>tentatio</span> <span class='ocrx_word' id='word_1_265' title='bbox 611 2711 771 2752; x_wconf 90' lang='lat' dir='ltr'>dicitur</span> <span class='ocrx_word' id='word_1_266' title='bbox 803 2711 1066 2765; x_wconf 90' lang='lat' dir='ltr'>importuna,</span> <span class='ocrx_word' id='word_1_267' title='bbox 1101 2723 1201 2764; x_wconf 83' lang='lat' dir='ltr'>quae</span> <span class='ocrx_word' id='word_1_268' title='bbox 1234 2708 1399 2749; x_wconf 89' lang='lat' dir='ltr'>scilicet</span> <span class='ocrx_word' id='word_1_269' title='bbox 1430 2705 1565 2760; x_wconf 89' lang='lat' dir='ltr'>perti-</span> 
     </span>
     <span class='ocr_line' id='line_1_36' title="bbox 99 2780 1566 2839; baseline -0.005 -11"><span class='ocrx_word' id='word_1_270' title='bbox 99 2786 265 2828; x_wconf 82' lang='lat' dir='ltr'>naciter</span> <span class='ocrx_word' id='word_1_271' title='bbox 295 2786 482 2837; x_wconf 88' lang='lat' dir='ltr'>insistit;</span> <span class='ocrx_word' id='word_1_272' title='bbox 514 2785 637 2838; x_wconf 88' lang='lat' dir='ltr'>cujus</span> <span class='ocrx_word' id='word_1_273' title='bbox 669 2785 926 2839; x_wconf 84' lang='lat' dir='ltr'>exemplum</span> <span class='ocrx_word' id='word_1_274' title='bbox 966 2785 1057 2838; x_wconf 90' lang='lat' dir='ltr'>peti</span> <span class='ocrx_word' id='word_1_275' title='bbox 1099 2788 1248 2837; x_wconf 86' lang='lat' dir='ltr'>potest</span> <span class='ocrx_word' id='word_1_276' title='bbox 1284 2796 1341 2822; x_wconf 85' lang='lat' dir='ltr'>ex</span> <span class='ocrx_word' id='word_1_277' title='bbox 1382 2780 1566 2822; x_wconf 84' lang='lat' dir='ltr'>historia</span> 
     </span>
    </p>
   </div>
   <div class='ocr_carea' id='block_1_3' title="bbox 362 2871 1302 2916">
    <p class='ocr_par' dir='ltr' id='par_1_5' title="bbox 362 2871 1302 2916">
     <span class='ocr_line' id='line_1_37' title="bbox 362 2871 1302 2916; baseline -0.005 -9"><span class='ocrx_word' id='word_1_278' title='bbox 362 2874 374 2894; x_wconf 73' lang='lat'>1</span> <span class='ocrx_word' id='word_1_279' title='bbox 399 2884 429 2908; x_wconf 83' lang='lat'>2.</span> <span class='ocrx_word' id='word_1_280' title='bbox 452 2875 556 2908; x_wconf 86' lang='lat' dir='ltr'>Paral.</span> <span class='ocrx_word' id='word_1_281' title='bbox 583 2883 629 2914; x_wconf 83' lang='lat'>14.</span> <span class='ocrx_word' id='word_1_282' title='bbox 651 2880 683 2907; x_wconf 85' lang='lat' dir='ltr'>et</span> <span class='ocrx_word' id='word_1_283' title='bbox 704 2881 752 2916; x_wconf 87' lang='lat'>15.</span> <span class='ocrx_word' id='word_1_284' title='bbox 1034 2873 1047 2892; x_wconf 81' lang='lat'>²</span> <span class='ocrx_word' id='word_1_285' title='bbox 1072 2881 1100 2904; x_wconf 89' lang='lat'>2.</span> <span class='ocrx_word' id='word_1_286' title='bbox 1124 2872 1229 2904; x_wconf 82' lang='lat' dir='ltr'>Paral.</span> <span class='ocrx_word' id='word_1_287' title='bbox 1254 2871 1302 2903; x_wconf 85' lang='lat'>16.</span> 
     </span>
    </p>
   </div>
  </div>
 </body>
</html>
