1903 3197
311 172 336 215 3
345 161 404 216 36
631 156 712 203 De
744 156 936 203 ratione
968 157 1162 204 vivendi
1195 157 1455 204 Socz‘etatz's.

304 289 502 329 universe
554 289 886 342 generatimque
937 290 1057 342 loqui
1103 289 1318 339 volumus,
1361 303 1448 329 una
1489 294 1663 329 tantum
1703 289 1774 330 via

303 368 451 415 potest
481 376 560 402 nos
590 363 645 402 ad
677 362 917 415 perfectam
948 364 1106 404 ducere
1135 364 1385 403 castitatem
1401 378 1411 413 3
1443 363 1602 402 sivero
1624 361 1773 414 singil-

304 436 440 484 latim,
473 437 666 488 quinque
708 437 889 477 omnino
921 438 1013 478 vias
1055 438 1350 486 ostendemus,
1385 450 1483 489 quae
1525 442 1627 476 sunt
1664 450 1774 489 prae-

305 511 435 562 cipua
470 510 675 562 quaedam
713 512 869 563 capita,
906 525 994 564 quo
1028 512 1177 551 omnia
1214 510 1313 560 fere,
1349 524 1447 562 quae
1481 510 1714 550 traduntur
1748 523 1776 550 a

307 583 519 633 Patribus,
544 590 812 624 revocantur.

396 656 655 697 Communis
716 658 847 710 igitur
897 659 1075 698 tuendae
1127 658 1340 698 castitatis
1392 658 1463 697 via
1517 662 1585 697 est
1634 656 1776 697 fervor

305 730 494 783 spiritus,
529 736 572 770 et
608 731 767 771 ardens
804 732 1000 771 studium
1038 733 1082 771 in
1115 731 1328 771 famulatu
1369 731 1480 781 Dei,
1514 730 1620 770 nihil
1658 730 1774 770 enim

306 804 515 844 adversus
545 804 721 856 spiritus
751 805 951 845 ardorem
974 805 1114 845 carnis
1144 819 1195 845 ac
1223 804 1416 845 libidinis
1445 804 1588 845 fervor
1616 809 1774 856 potest.

307 878 598 929 Extinguitur
618 876 689 916 hic
711 878 768 917 ab
790 877 874 926 illo,
899 884 946 918 ut
969 892 1193 930 nunquam
1217 884 1438 931 appareat.
1492 877 1775 930 Argumento

304 958 382 1001 est,
418 950 548 1003 quod,
581 952 636 990 ad
680 964 759 990 nos
797 952 1069 999 excitandos,
1104 951 1277 991 desides
1318 965 1368 991 ac
1405 957 1632 1004 torpentes
1676 964 1774 1003 per-

305 1025 443 1064 mittit
486 1024 706 1063 Dominus
748 1024 889 1064 carnis
931 1024 1119 1064 stimulis
1157 1025 1325 1076 agitari.
1403 1023 1536 1076 Quod
1579 1023 1777 1064 animad-

305 1099 436 1138 vertit
490 1097 752 1149 Gregorius:
814 1099 898 1139 “Si
951 1099 1075 1150 quasi
1128 1098 1264 1148 fessi‚”
1318 1099 1471 1150 inquit,
1525 1101 1586 1138 “a
1635 1098 1776 1139 solitae

305 1171 652 1211 conversationis
694 1172 835 1224 rigore
876 1173 1165 1225 torpescimus
1201 1171 1270 1212 vel
1321 1171 1631 1221 mollescimus,
1669 1171 1776 1211 dum

304 1245 518 1299 paulatim
538 1245 812 1297 negligimus,
829 1246 967 1286 aculei
991 1247 1130 1286 carnis
1153 1244 1448 1300 insurgunt:’'¹
1474 1246 1598 1298 quod
1621 1247 1656 1285 si
1679 1246 1777 1298 quis

304 1333 352 1360 se
389 1320 533 1372 ipsum
571 1332 746 1372 semper
782 1320 959 1369 excitet,
994 1320 1239 1373 fervorique
1272 1334 1318 1360 se
1352 1319 1509 1368 tradat,
1550 1333 1638 1360 non
1675 1319 1777 1360 huic

300 1394 395 1446 jam
433 1394 514 1433 erit
547 1393 852 1445 hujuscemodi
886 1394 1089 1434 stimulus
1121 1394 1437 1444 admovendus,
1461 1394 1542 1434 nisi
1576 1395 1688 1434 forte
1720 1393 1776 1434 ad

303 1468 566 1520 ampliorem
600 1481 820 1508 coronam.
886 1466 1104 1520 Quocirca
1141 1467 1389 1516 Cassianus,
1419 1468 1532 1508 inter
1565 1467 1777 1507 utilitates

305 1541 628 1581 colluctationis
679 1542 819 1581 carnis
867 1547 911 1581 et
956 1542 1145 1594 spiritus,
1184 1541 1297 1581 hanc
1338 1541 1459 1582 velut
1505 1542 1776 1594 praecipuam

307 1620 536 1654 numerat:
571 1613 742 1666 “Quod
777 1615 968 1655 desidias
1001 1629 1052 1655 ac
1090 1615 1382 1668 negligentias
1420 1620 1591 1655 nostras
1624 1615 1776 1655 statim

306 1690 463 1742 arguit,
489 1695 542 1737 et,
567 1694 614 1728 ut
637 1689 999 1741 diligentissimus
1032 1689 1214 1741 quidam
1246 1690 1532 1742 paedagogus,
1556 1702 1582 1728 a
1610 1689 1778 1729 distric-

305 1763 437 1804 tionis
461 1769 504 1802 et
526 1762 768 1814 disciplinae
792 1762 906 1802 linea
929 1776 1155 1815 nunquam
1180 1776 1259 1802 nos
1282 1763 1503 1802 declinare
1525 1762 1776 1815 permittit.’'

306 1837 366 1876 Et
409 1836 543 1877 infra:
599 1836 882 1886 “Essemus,‘’
936 1837 1088 1889 inquit,
1133 1837 1337 1889 “absque
1389 1836 1584 1876 remedio
1626 1835 1777 1888 tepidi,

305 1912 387 1951 nisi
441 1924 519 1950 nos
571 1917 720 1951 nostra
772 1911 1019 1952 stimularet
1062 1925 1174 1961 caro,
1217 1918 1372 1965 utpote
1424 1925 1513 1952 non
1563 1910 1777 1951 habentes

306 1985 496 2025 indicem
530 1985 810 2037 ncgligentiae
843 1992 1016 2034 nostrae,
1041 1985 1109 2026 vel
1142 1986 1185 2025 in
1218 1999 1398 2038 corpore
1430 1990 1592 2035 nostro,
1624 1990 1701 2024 aut
1732 1984 1776 2025 in

307 2060 586 2099 conscientiis
603 2060 789 2112 propriis
813 2060 1087 2108 insidentem,
1105 2073 1184 2100 nec
1201 2060 1477 2100 studeremus
1494 2060 1549 2099 ad
1573 2058 1776 2112 perfecti-

306 2133 402 2173 onis
432 2146 626 2186 unquam
656 2134 883 2186 pervenire
912 2133 1160 2174 fervorem.'’
1217 2134 1413 2186 Ideoque
1442 2133 1545 2173 alibi
1575 2133 1661 2172 ait:
1685 2132 1775 2172 “In

306 2208 578 2260 spadonibus
605 2207 721 2247 hunc
744 2208 878 2247 animi
901 2214 1099 2260 teporem
1123 2207 1342 2260 plerisque
1365 2206 1645 2260 deprehendi,
1662 2206 1775 2258 quia,

305 2281 428 2320 velut
457 2281 587 2320 soluti
621 2281 678 2320 ab
709 2280 792 2320 hac
826 2281 1087 2320 necessitate
1119 2281 1292 2329 carnali,
1317 2294 1396 2319 nec
1427 2280 1576 2320 labore
1607 2279 1776 2319 contin-

306 2355 438 2394 entiae
471 2354 720 2406 corporalis,
751 2368 830 2394 nec
865 2355 1128 2394 contritione
1162 2354 1305 2394 cordis
1337 2368 1383 2393 se
1412 2354 1634 2393 aestimant
1665 2353 1776 2392 indi-

305 2426 469 2480 gere.''2
531 2428 601 2476 Et,
621 2428 945 2468 “Considerate
975 2427 1071 2467 illos
1101 2427 1175 2480 qui
1202 2441 1382 2480 corpore
1411 2432 1513 2467 sunt
1542 2426 1772 2479 spadones,

308 2514 406 2554 quae
460 2502 681 2554 praecipue
732 2515 864 2541 causa
916 2502 959 2540 in
1010 2501 1245 2541 virtutibus
1296 2501 1557 2554 appetendis
1603 2499 1776 2540 desides

306 2574 463 2614 reddat
505 2588 556 2614 ac
598 2575 780 2627 tepidos.
852 2575 1011 2615 Nonne
1049 2576 1151 2627 quia
1188 2575 1521 2627 corrumpendae
1562 2574 1777 2614 castitatis

307 2647 492 2687 credunt
521 2661 565 2687 se
596 2648 837 2700 periculum
868 2662 956 2688 non
986 2646 1232 2688 habere?”3
1286 2648 1393 2688 Ideo
1424 2647 1646 2687 memoriae
1675 2660 1773 2699 pro-

309 2721 451 2760 ditum
505 2727 570 2761 est
622 2721 886 2761 monachum
939 2721 1189 2774 quemdam,
1239 2735 1338 2761 cum
1390 2720 1530 2761 carnis
1582 2724 1776 2759 ureretur

305 2795 528 2844 incendiis,
563 2795 753 2836 noluisse
791 2797 847 2836 ab
891 2796 1052 2836 abbate
1093 2809 1172 2849 pro
1205 2810 1285 2836 sua
1325 2795 1584 2836 liberatione
1624 2806 1774 2846 preces

347 2882 358 2902 ¹
386 2885 424 2914 In
454 2894 478 2916 1.
502 2886 583 2926 Reg.
605 2886 624 2917 l.
647 2886 676 2918 6.
697 2896 723 2917 e.
748 2895 773 2918 1.
875 2884 887 2903 ²
911 2886 994 2917 Coll.
1014 2895 1045 2925 4.
1067 2896 1112 2917 cc.
1138 2891 1186 2926 15,
1212 2885 1260 2925 16,
1285 2892 1333 2925 17.
1430 2885 1444 2903 ³
1468 2884 1552 2916 Coll.
1577 2891 1624 2915 12.
1646 2893 1673 2914 c.
1694 2888 1724 2922 5.
