1903 3197
257 117 285 159 6
298 117 354 173 76
581 113 660 158 De
694 113 886 159 ratione
918 112 1112 159 vivendi
1143 113 1406 162 Socz'etatz's.

256 247 426 299 ‘ratique
449 252 588 293 nocet,
612 246 718 285 dum
742 247 854 286 inter
876 247 1047 299 aliquos
1070 248 1335 288 discordiam
1359 249 1556 290 seminat.
1616 250 1724 291 Ideo

257 321 389 361 Eccli.
416 322 478 360 28.
534 320 837 360 “Maledictus
861 335 1048 370 susurro,
1072 329 1115 362 et
1144 322 1378 376 bilinguis;
1411 324 1575 364 multos
1606 325 1724 365 enim

255 395 448 435 turbavit
480 408 636 448 pacem
669 395 918 436 habentes.''
980 396 1046 436 At
1075 397 1258 437 obscure
1290 399 1548 451 occulteque
1581 400 1726 441 detra—

254 469 398 509 hitur:
441 483 530 508 non
570 469 687 508 enim
730 470 773 509 in
816 477 1034 511 conventu
1069 471 1309 512 multorum
1352 473 1513 513 audeat
1554 473 1723 528 aliquis,

257 544 391 583 modo
428 557 559 583 sanus
597 544 663 592 sit,
695 543 873 597 obloqui
911 544 1046 594 alteri,
1077 552 1153 586 aut
1194 546 1336 587 aliena
1372 548 1478 588 vitia
1519 562 1724 602 carpere;

255 618 333 658 sed
366 617 492 666 clam,
521 624 564 658 et
596 618 639 657 in
670 632 829 658 aurem.
892 618 1086 669 Verum,
1120 621 1197 661 sed
1230 621 1272 661 id
1303 621 1484 662 tandem
1514 624 1724 665 rescitur:

256 693 359 746 quia
397 693 499 745 Sap.
530 704 559 732 Ι.
623 692 820 733 “Sermo
854 694 1064 734 obscurus
1097 695 1140 735 in
1174 710 1362 737 vacuum
1401 711 1488 738 non
1526 698 1633 748 ibit;
1681 704 1725 739 et

255 767 471 808 tumultus
505 768 902 807 murmurationum
936 782 1023 808 non
1057 770 1387 811 abscondetur.”

347 843 465 882 Hinc
498 842 702 881 nimirum
736 842 858 891 rixae,
893 849 1026 895 atque
1058 844 1288 885 discordiae
1321 847 1364 886 in
1399 847 1649 888 civitatibus
1680 854 1725 889 et

254 917 458 969 collegiis.
523 917 760 969 Propterea
812 917 999 957 Basilius
1052 926 1203 959 monet
1254 920 1298 960 in
1340 920 1489 962 Ascet.
1532 936 1625 975 cap.
1668 933 1724 963 2:

255 995 278 1011 “
295 991 515 1037 Susum-os,
540 997 582 1030 et
605 997 793 1031 secretas
816 991 1208 1042 confabulationes
1233 1009 1331 1047 quze
1360 995 1403 1035 in
1427 1010 1576 1036 aurem
1600 996 1721 1046 fiunt,

254 1065 474 1105 cavendas
507 1078 611 1113 esse,
646 1079 696 1104 ac
734 1065 932 1105 funditus
970 1067 1297 1119 reprobandas;
1339 1076 1573 1123 propterea
1604 1070 1725 1123 quod

256 1140 591 1180 obtrectationis
624 1140 918 1192 suspicionem
952 1140 1182 1182 habeant.”

343 1214 593 1254 Bernardus
615 1214 670 1253 de
693 1215 851 1267 triplici
875 1215 1086 1264 custodia,
1112 1230 1281 1266 manus,
1304 1217 1478 1272 linguae,
1497 1226 1540 1260 et
1562 1220 1725 1261 cordis:

256 1288 517 1341 “Linguam
569 1288 858 1340 hujusmodi,‘’
902 1291 973 1338 ait,
1019 1291 1152 1344 “ipso
1194 1293 1328 1332 etiam
1378 1307 1587 1334 mucrone
1639 1308 1726 1347 quo

256 1363 543 1402 Dominicum
576 1362 689 1403 latus
722 1363 975 1404 confossum
1003 1371 1079 1414 est,
1104 1366 1391 1408 crudeliorem
1425 1382 1530 1409 esse.
1593 1369 1728 1410 Fodit

256 1437 373 1477 enim
396 1437 490 1476 haec
513 1451 690 1490 quoque
715 1437 876 1478 Christi
900 1453 1068 1492 corpus,
1093 1446 1136 1480 et
1158 1442 1406 1482 membrum
1429 1443 1484 1483 de
1506 1444 1726 1495 membr03

257 1526 337 1551 nec
355 1511 448 1563 jam
472 1512 681 1552 exanime
703 1512 827 1562 fodit,
851 1514 927 1553 sed
958 1514 1063 1554 facit
1090 1516 1298 1556 exanime
1327 1517 1547 1558 fodiendo.
1610 1518 1727 1572 Ipsis

257 1600 434 1639 quoque
468 1587 695 1626 nocentior
729 1594 795 1627 est
830 1588 978 1640 spiniS,
1014 1602 1125 1641 quas
1160 1590 1221 1629 illi
1255 1597 1346 1631 tam
1382 1591 1559 1632 sublimi
1592 1593 1725 1646 capiti

256 1661 375 1700 furor
417 1661 616 1700 militaris
658 1662 895 1714 imposuit3
940 1677 1014 1703 seu
1060 1665 1194 1704 etiarn
1237 1665 1371 1706 clavis
1414 1666 1573 1715 ferreis,
1616 1681 1728 1720 quos

256 1735 546 1775 sanctissimis
570 1736 774 1775 manibus
797 1736 892 1785 illis,
908 1751 958 1777 ac
981 1738 1168 1790 pedibus
1191 1740 1729 1793 consummatioJudaicae

256 1810 501 1862 iniquitatis
525 1809 720 1851 inflixit.’'
785 1811 906 1864 Lege
930 1813 1144 1853 rationem
1166 1813 1407 1866 pulchram.

346 1890 401 1935 30.
449 1883 650 1924 Offendit
692 1885 826 1924 etiam
869 1886 1102 1938 proximos
1145 1888 1364 1941 exemplo,
1408 1889 1498 1930 sive
1544 1884 1728 1931 caeteros

256 1959 502 2008 inficiendo,
527 1960 617 1999 sive
644 1960 903 2000 scandalum
933 1962 1184 2014 praebendo.
1249 1963 1493 2005 Inficiendo
1519 1966 1727 2018 quidem;

257 2035 360 2087 quia
393 2040 436 2074 et
467 2034 698 2075 detrahere
727 2049 806 2075 suo
836 2035 945 2075 alios
979 2036 1110 2076 docet
1139 2038 1358 2091 exemplo,
1383 2045 1426 2079 et
1454 2038 1558 2080 facit
1592 2041 1726 2081 etiam

256 2115 304 2149 ut
326 2110 369 2149 in
389 2123 488 2148 eum
507 2110 575 2149 cui
599 2109 862 2162 obloquitur,
882 2111 985 2150 odia
1008 2111 1069 2151 illi
1092 2112 1174 2164 ipsi
1193 2114 1456 2166 concipiant,
1474 2115 1728 2169 bonamque

257 2184 510 2236 opinionem
535 2198 669 2237 quam
692 2185 747 2224 de
770 2198 822 2224 eo
844 2185 955 2225 forte
977 2184 1213 2235 habebant,
1238 2187 1458 2240 abjiciant.

346 2259 607 2308 Ber-nardus,
638 2260 682 2299 in
719 2259 845 2300 Cant.
876 2260 965 2300 Ser.
998 2271 1078 2311 24:
1113 2261 1278 2302 “Unus
1315 2269 1381 2303 est
1413 2264 1486 2316 qui
1523 2263 1727 2317 loquitur,

257 2340 301 2373 et
342 2347 479 2373 unum
517 2340 692 2374 tantum
726 2335 908 2375 verbum
946 2334 1138 2387 profert;
1173 2342 1216 2376 et
1254 2342 1403 2378 tamen
1446 2337 1553 2379 illud
1590 2352 1727 2379 unum

256 2409 438 2448 verbum
471 2422 558 2448 uno
589 2415 827 2457 momento,
852 2409 1148 2449 multitudinis
1178 2411 1451 2452 audientium
1474 2413 1580 2453 dum
1603 2427 1731 2454 aures

258 2483 409 2534 inficit,
447 2484 618 2523 animas
660 2483 900 2524 interficit.’'
964 2483 1111 2537 Quam
1152 2484 1237 2525 hoc
1273 2500 1424 2527 verum
1467 2494 1560 2539 est;
1611 2502 1731 2542 saepe

259 2558 375 2597 enim
419 2558 583 2598 multos
616 2572 757 2598 annos
789 2558 992 2598 meminit
1024 2558 1243 2612 quispiam
1286 2561 1424 2602 auditi
1461 2562 1553 2602 vitii
1586 2562 1731 2603 fratris

259 2633 335 2681 sui,
360 2633 478 2685 quod
511 2633 631 2685 prius
664 2647 754 2673 non
788 2633 1070 2685 agnoscebat,
1103 2639 1148 2674 et
1180 2635 1253 2675 ubi
1286 2642 1418 2676 antea
1449 2637 1504 2677 de
1535 2651 1588 2677 eo
1619 2637 1732 2678 bene

259 2708 490 2758 sentiebat,
525 2714 659 2761 atque
696 2708 972 2761 opinabatur,
1005 2714 1161 2761 postea
1198 2709 1284 2751 alia
1321 2710 1376 2751 de
1413 2725 1466 2752 eo
1501 2711 1545 2752 in
1583 2718 1732 2753 mente

258 2782 430 2831 residet,
466 2783 811 2836 imprudentium
841 2782 910 2823 vel
959 2782 1276 2826 malevolorum
1315 2785 1530 2840 impressa
1567 2786 1728 2841 opinio,

259 2863 307 2897 ut
338 2870 515 2910 prorsus
548 2857 681 2899 deleri
714 2871 803 2899 non
835 2857 984 2912 possit.
