1903 3197
211 164 234 195 2
247 150 306 208 78
539 148 619 195 De
651 148 841 195 ratione
875 148 1069 196 vivendi
1101 148 1361 196 Socz‘etatzk.

207 281 517 322 occultioribus
546 282 767 322 interdum
799 282 964 322 morbis
997 282 1193 322 animam
1225 281 1436 330 laborare,
1459 295 1570 335 quos
1592 282 1690 323 nisi'

205 354 330 395 Deus
371 355 546 405 indicet,
585 369 823 408 agnoscere
860 356 956 409 ipsa
987 369 1074 396 non
1105 354 1308 408 possit.”l
1372 355 1501 397 Certe
1544 361 1588 396 et
1622 355 1696 397 der

205 429 333 469 unius
374 429 591 482 superbiae
632 430 740 470 vitio
782 430 825 469 in
869 429 1063 470 Canticis
1105 428 1354 470 Richardus
1395 430 1482 470 ait:
1526 428 1694 482 “Quis

206 508 428 544 vetustam
452 509 496 544 et
528 504 715 544 inditam
746 503 1008 556 superbiam,
1032 505 1129 556 quis
1161 503 1356 544 occultas
1378 503 1471 556 ejus
1493 504 1673 553 radices,

208 583 342 630 atque
375 577 558 618 subtiles
593 578 895 629 cogitationes,
932 578 1092 630 quibus
1126 583 1175 618 ut
1215 577 1454 630 plurimum
1488 577 1697 618 latenter*

207 651 368 704 irrepit,
392 657 435 691 et
457 652 590 691 etiam
614 650 910 691 nescientibus
939 651 1147 704 subrepit,
1170 651 1250 691 nisi
1281 651 1380 691 Deo
1410 656 1673 699 susurrante,

208 724 253 764 id
272 730 338 764 est
361 725 530 765 occulte
549 724 779 773 revelante,
799 724 1062 777 cognoscat?
1090 723 1203 776 Quae
1225 730 1442 777 quantum
1461 725 1505 764 in
1528 730 1676 765 mente
1696 746 1699 747 ν

209 797 430 847 dilatatur,
466 804 592 839 tanto
635 799 779 838 minus
813 798 1103 850 cognoscitur,
1140 799 1242 850 quia
1276 812 1401 838 mens
1443 812 1520 851 per
1561 798 1695 838 hanc·

210 873 400 925 amplius
422 879 686 913 excoecatur.
721 872 793 913 Sic
817 873 949 912 etiam
974 873 1017 911 in
1034 872 1177 912 verbis
1195 879 1237 913 et
1255 873 1509 925 operatione
1531 872 1678 913 multi-

211 945 382 998 pliciter
424 946 542 995 latet,
581 960 660 985 nec
702 946 992 998 cognoscitur,
1029 946 1109 985 nisi
1153 946 1209 985 ad
1252 947 1610 998 cognoscendum
1652 959 1679 986 a

210 1021 352 1072 gratia
382 1020 479 1072 quis
512 1018 744 1058 erudiatur.
809 1018 941 1058 Latet
969 1019 1119 1070 itaque
1148 1019 1191 1058 in
1221 1019 1369 1059 anima
1398 1020 1611 1072 superbia,
1636 1025 1680 1060 et

209 1092 294 1133 hoc
325 1094 418 1145 ipsa
448 1093 613 1140 nescit;
644 1092 720 1132 scd
752 1092 875 1131 Deus
903 1091 986 1132 hoc
1008 1092 1140 1141 videt,
1171 1093 1273 1144 quia
1305 1092 1476 1133 occulta
1508 1093 1680 1146 conspi-

209 1167 280 1212 cit,
303 1173 346 1207 et
364 1174 597 1220 propterea
628 1167 815 1219 gratiam
835 1179 959 1206 suam
979 1166 1209 1214 subtrahit,
1226 1166 1295 1207 vel
1314 1180 1401 1206 non
1420 1165 1682 1208 concedit.’'2

207 1241 379 1282 Similia
417 1241 551 1280 habet
585 1240 851 1292 Gregorius:
897 1239 1061 1288 “Hoc‚''
1097 1240 1250 1292 inquit,
1275 1240 1478 1290 “vitium,
1511 1246 1678 1293 quanto

210 1314 351 1366 magis
373 1314 576 1365 patimur,
601 1319 727 1353 tanto
751 1314 896 1352 minus
917 1313 1129 1353 videmus.
1183 1312 1256 1353 Sic
1279 1314 1443 1366 quippe
1466 1314 1509 1352 in
1532 1319 1680 1354 mente

208 1387 425 1439 superbia,
469 1388 580 1427 sicut
623 1388 665 1426 in
709 1387 846 1427 oculis
891 1387 1034 1439 caligo
1076 1392 1321 1439 generatur,
1368 1401 1455 1439 quo
1497 1401 1543 1427 se
1584 1387 1679 1428 haec

208 1459 339 1501 latius
382 1460 550 1509 dilatat,
593 1475 645 1501 eo
686 1460 991 1501 vehementius
1034 1461 1183 1501 lumen
1225 1460 1494 1514 angustat.⁷’3
1571 1461 1680 1502 Ideo

207 1534 326 1575 idem
362 1535 403 1575 S.
425 1535 619 1574 Doctor:
665 1537 684 1553 “
705 1533 806 1583 Ea,'’
831 1534 984 1586 inquit,
1010 1538 1146 1586 “quae
1180 1535 1439 1586 perscrutari
1467 1535 1510 1574 in
1533 1535 1678 1575 nobis-

208 1614 300 1648 met
332 1609 437 1661 ipsis
468 1607 639 1660 plenius
672 1608 862 1655 nitimur,
891 1621 1010 1660 saepe
1052 1608 1196 1647 verius
1239 1608 1405 1647 orando
1448 1621 1582 1660 quam
1614 1609 1681 1648 in-

208 1681 470 1735 vestigando
493 1679 851 1733 penetranms;'’⁴
874 1680 993 1733 quod
1013 1680 1191 1733 quidem
1210 1681 1266 1720 de
1283 1681 1465 1720 occultis
1484 1681 1681 1722 maxime

207 1769 359 1796 verum
397 1761 474 1795 est.
548 1754 614 1795 At
646 1769 745 1806 quae
779 1753 1025 1807 ignorando
1069 1767 1306 1806 peccamus
1343 1756 1678 1795 excusationem

210 1829 388 1877 habent,
413 1828 576 1868 dixerit
599 1828 784 1868 sortasse
807 1828 1038 1880 quispiam.
1078 1827 1205 1868 “Sed
1229 1841 1317 1868 non
1340 1827 1395 1868 de
1415 1828 1483 1868 his
1504 1834 1679 1869 tantum

211 1903 422 1957 puniendi
474 1902 662 1951 sumus,”
708 1902 1053 1955 Chrysostomus
1107 1902 1261 1954 inquit,
1317 1904 1451 1954 “quae
1503 1903 1683 1944 sciendo

211 1991 458 2032 peccamus,
480 1977 557 2016 sed
581 1977 714 2016 etiam
738 1976 794 2016 de
819 1976 881 2025 iis,
905 1990 1004 2028 quae
1032 1976 1277 2028 ignorando
1304 1975 1683 2017 committi1nus.’'5

213 2053 451 2104 Propterea
483 2056 610 2104 rogat
642 2050 888 2091 Dominum
921 2049 1080 2097 David,
1115 2053 1136 2069 “
1156 2049 1439 2102 Ignorantias
1474 2064 1594 2090 meas
1629 2063 1684 2090 ne

214 2123 527 2165 memineris.''⁶
589 2123 721 2176 Quod
757 2129 906 2164 autem
943 2129 986 2163 et
1016 2123 1189 2163 occulta
1224 2123 1556 2164 excusationem
1594 2138 1684 2165 non

213 2198 408 2239 habeant
451 2198 568 2250 apud
621 2197 781 2245 Deum,
824 2202 868 2236 et
920 2196 1076 2236 eadem
1123 2197 1311 2249 perspici
1363 2197 1456 2237 sine
1507 2197 1680 2238 Divinae

215 2272 368 2325 gratiae
411 2271 506 2311 luce
547 2285 634 2311 non
677 2271 858 2324 possint,
899 2270 1046 2310 David
1090 2270 1300 2323 exemplo
1336 2271 1557 2321 docemur,
1595 2272 1682 2324 qui,

217 2359 318 2387 cum
370 2345 585 2398 populum
638 2344 855 2384 numerari
903 2343 1117 2395 jussisset,
1161 2357 1249 2383 non
1291 2344 1426 2384 sensit
1467 2358 1513 2384 se
1563 2344 1683 2397 apud

216 2421 365 2461 Deum
403 2420 593 2472 graviter
624 2418 857 2465 offendere,
892 2417 972 2457 nisi
1010 2423 1241 2470 peccatum
1279 2418 1423 2470 ipsum
1461 2417 1682 2458 occultum

186 2482 189 2484 ’
216 2494 367 2534 Divini
426 2493 626 2546 supplicii
677 2492 742 2532 vis
799 2492 994 2531 insecuta
1054 2489 1310 2543 pandisset.7
1373 2491 1480 2531 Ideo
1531 2496 1682 2531 autem

211 2567 422 2621 peccavit,
481 2573 576 2607 tum
629 2567 732 2618 quia
784 2559 946 2618 magno
998 2570 1177 2618 sumptu
1229 2578 1481 2617 magnaque
1531 2564 1684 2618 populi

216 2642 420 2682 molestia
463 2640 663 2681 lustratio
706 2639 780 2679 illa
821 2639 938 2680 facta
980 2645 1058 2689 est,
1090 2644 1185 2679 tum
1228 2639 1361 2679 etiam
1404 2640 1507 2691 quia
1547 2652 1686 2691 genus

218 2715 447 2768 quoddam
470 2715 686 2768 superbiae
710 2720 843 2766 atque
866 2713 1173 2754 ostentationis
1196 2714 1240 2753 id
1263 2713 1356 2764 suit,
1379 2718 1428 2753 ut
1451 2712 1688 2765 Gregorius
1711 2743 1715 2746 «

219 2828 231 2848 ¹
258 2831 360 2862 Hom.
384 2830 413 2862 6.
435 2830 468 2861 in
493 2830 615 2862 Matth.
737 2827 750 2846 2
774 2829 903 2870 Explic.
926 2829 959 2859 in
977 2828 1072 2859 Cant.
1093 2839 1120 2860 c.
1143 2834 1172 2867 7.
1294 2826 1307 2846 ³
1332 2827 1450 2859 Moral.
1470 2827 1491 2859 l.
1513 2836 1564 2866 24.
1585 2837 1613 2858 c.
1633 2831 1684 2867 25.

260 2882 273 2900 ⁴
299 2883 386 2913 Mor.
407 2882 428 2913 1.
453 2890 480 2913 1.
501 2893 530 2913 c.
551 2890 602 2922 34.
674 2879 688 2899 ⁵
713 2881 816 2912 Hom.
837 2880 870 2911 in
895 2880 993 2911 Mart.
1014 2879 1044 2911 6.
1124 2877 1137 2897 ⁰
1162 2878 1247 2910 Psal.
1268 2887 1318 2918 24.
1399 2877 1412 2897 '¹'
1435 2886 1466 2910 2.
1486 2878 1570 2919 Reg.
1590 2885 1642 2917 24.
