1903 3197
385 117 463 163 De
495 115 844 162 antevertendz's
880 114 1229 161 tentationibus.
1446 127 1529 170 191

72 248 500 303 “‘Quaerens,''variis
530 248 692 288 scilicet
715 247 858 286 modis
888 247 1044 298 quaerit
1066 246 1300 298 perniciem
1330 249 1537 292 nostram,

83 330 136 373 et,
191 330 237 364 ut
278 323 339 363 ait
381 323 426 362 B.
462 320 719 369 Bernardus,
759 319 918 358 “Mille
970 319 1155 358 nocendi
1200 318 1366 358 artibus
1408 316 1539 357 corda

81 397 309 437 hominum
353 402 520 436 tentare
562 408 648 434 non
691 391 897 433 cessat.'’l
962 393 1090 431 Hanc
1133 398 1280 432 autem
1333 390 1538 431 astutiam

80 471 214 511 habet
251 478 436 518 satanas,
476 476 570 509 tum
603 483 660 508 ex
699 474 864 507 naturae
901 466 1157 514 subtilitate,
1189 471 1282 504 tum
1317 479 1374 504 ex
1408 465 1539 516 longa

80 551 147 585 tot
189 545 431 585 seculorum
469 543 749 596 experientia.
827 539 1018 588 “Nam,''
1053 545 1099 579 ut
1136 540 1198 578 ait
1235 539 1279 577 B.
1306 539 1538 583 Macarius,

93 619 151 658 ‘si
175 624 220 658 tu
246 624 372 658 natus
390 630 538 665 annos,
556 616 708 668 viginti
732 616 845 654 nosti
869 628 967 666 quae
992 620 1092 653 sunt
1117 611 1321 665 proximi,
1342 611 1538 662 nunquid

79 697 267 740 satanas,
310 692 383 744 qui
425 697 571 730 tecum
623 689 679 729 ab
721 695 817 729 ortu
860 693 1067 735 versatur,
1110 685 1402 737 cogitationes
1443 689 1540 723 tuas

78 766 276 818 ignorat,
310 764 403 817 jam
441 764 555 804 enim
591 768 766 803 aetatem
800 761 933 802 habet
963 773 1177 801 annorum
1211 772 1291 799 sex
1326 756 1541 797 millies.'''³

80 837 327 891 Cyprianus
370 839 527 878 etiam:
581 835 744 882 “Sex.’'
789 836 940 888 inquit,
986 833 1158 873 “millia
1200 845 1412 872 annorum
1447 831 1538 882 jam

76 926 204 964 paene
241 911 525 964 complentur,
561 924 617 950 ex
660 924 747 963 quo
781 909 1005 949 hominem
1043 906 1245 947 diabolus
1280 906 1540 958 impugnat3

75 987 225 1026 omnia
258 999 419 1038 genera
460 985 670 1032 tentandi,
703 989 747 1023 et
776 989 889 1023 artes
921 988 1055 1035 atque
1092 981 1272 1020 insidias
1307 979 1541 1031 dejiciendi

77 1072 157 1099 usu
210 1060 305 1111 ipso
346 1058 576 1098 vetustatis
618 1056 831 1097 edidicit.”
914 1056 974 1095 Et
1017 1055 1171 1094 Petrus
1216 1052 1543 1105 Chrysologus:

76 1132 194 1173 “Ille
257 1133 329 1185 qui
395 1137 561 1171 naturae
625 1130 815 1170 coelestiS
877 1129 968 1177 fuit,
1035 1141 1150 1168 nunc
1207 1133 1272 1167 est
1333 1125 1539 1177 nequitize

77 1205 312 1259 spiritualis
344 1211 477 1244 aetate
507 1204 647 1256 major
675 1203 833 1252 seculo,
857 1202 1044 1242 nocendi
1077 1215 1155 1241 usu
1186 1200 1323 1248 tritus,
1354 1199 1542 1238 laedendi

76 1286 169 1320 arte
211 1277 435 1332 peritus.''3
512 1278 571 1317 Et
613 1277 888 1317 Bernardus:
943 1276 1195 1327 “Magnum
1240 1286 1416 1326 quoque
1458 1273 1545 1311 dis-

76 1353 253 1401 crimen,
292 1352 499 1392 adversus
533 1350 763 1409 diabolicae
801 1349 963 1389 fraudis
1006 1348 1203 1395 astutias,
1237 1352 1330 1386 tam
1372 1346 1544 1385 crebros

78 1427 168 1467 imo
199 1426 429 1466 continuos
461 1425 621 1465 habere
650 1423 888 1471 conflictus,
914 1435 1046 1475 quem
1081 1435 1159 1461 nec
1189 1420 1336 1460 videre
1365 1419 1543 1471 quidem

77 1513 322 1553 possumus,
365 1505 409 1539 et
450 1512 580 1552 quem
628 1498 756 1538 nimis
808 1502 1004 1536 astutum
1049 1495 1198 1535 fecerit
1249 1500 1341 1534 tam
1391 1499 1545 1532 natura

79 1573 261 1622 subtilis,
301 1586 433 1625 quam
471 1572 603 1624 longa
639 1571 897 1611 exercitatio
936 1569 1117 1610 malitiae
1153 1566 1305 1620 ejus.''4
1369 1566 1458 1607 Sed
1491 1565 1546 1605 de

79 1647 164 1688 hoc
205 1648 248 1687 in
287 1646 605 1687 Collationibus
643 1645 890 1693 Cassianus,
924 1643 997 1683 ubi
1041 1642 1249 1683 astutiam
1291 1641 1545 1680 daemonum

82 1721 139 1760 ad
201 1720 403 1760 notitiam
447 1733 592 1771 usque
644 1724 891 1758 nostrarum
945 1715 1266 1768 cogitationum
1324 1713 1547 1766 pervenire

82 1807 213 1846 posse
255 1793 385 1832 docet
427 1791 544 1831 nulla
586 1791 765 1843 quidem
807 1789 1000 1836 scientia,
1045 1790 1122 1828 sed
1165 1786 1403 1840 aptissimis
1446 1799 1547 1825 con-

77 1866 259 1919 jecturis
301 1871 344 1905 et
384 1864 624 1916 sagacitate
671 1861 867 1903 naturae.5
939 1861 1271 1908 Animadverte,
1314 1860 1349 1899 si
1391 1858 1548 1911 placet,

86 1938 131 1977 in
173 1938 385 1979 tentando
426 1937 512 1989 Job
554 1942 663 1989 quot
711 1935 894 1976 artificia
935 1934 1169 1987 quaesierit,
1211 1938 1256 1973 et
1298 1938 1406 1985 quot
1449 1945 1547 1971 cum

85 2011 228 2051 modis
259 2024 285 2050 a
318 2011 415 2050 Deo
448 2023 598 2062 rapere
631 2009 879 2049 truculenta
904 2007 1051 2047 bellua
1079 2006 1269 2046 tentarit.
1324 2005 1548 2057 Perpende

84 2097 218 2137 quam
252 2083 457 2123 insidiose
489 2083 591 2135 agit,
615 2083 733 2130 dum,
757 2082 813 2121 ad
846 2079 1179 2121 convellendam
1211 2083 1382 2119 tantam
1412 2078 1546 2118 animi

85 2157 447 2209 magnitudinem,
514 2156 786 2209 pedetentim
857 2153 1142 2207 progrediens
1207 2165 1233 2192 a
1303 2151 1549 2204 direptione

83 2230 302 2271 bonorum
346 2236 389 2269 et
430 2230 661 2278 asinarum,
703 2229 760 2269 ad
807 2229 1032 2268 interitum
1082 2226 1229 2266 ovium
1277 2230 1410 2278 atque
1452 2238 1550 2277 pas-

82 2309 242 2353 torum,
275 2317 384 2356 quos
418 2303 473 2343 de
507 2302 619 2343 coelo
653 2307 796 2342 tactos
830 2301 942 2354 ignis
975 2300 1166 2340 coelestis
1200 2298 1475 2351 absumpsit,
1509 2304 1552 2337 ct

84 2377 141 2417 ab
174 2376 241 2416 his
274 2376 331 2416 ad
369 2376 708 2429 captivationem
748 2375 1035 2428 praedamque
1079 2373 1241 2413 factam
1284 2370 1550 2412 camelorum

84 2450 294 2498 omnium,
347 2456 390 2489 et
430 2448 531 2488 hinc
573 2448 792 2501 deinceps,
837 2461 936 2488 cum
977 2444 1070 2499 jam
1116 2445 1173 2486 ad
1215 2445 1438 2486 tristitiam
1480 2456 1553 2483 cor

83 2522 164 2561 viri
224 2527 557 2574 praeparaverat,
617 2522 698 2561 ad·
737 2527 931 2574 stragem
994 2519 1183 2559 filiorum
1245 2517 1442 2558 omnium
1510 2522 1553 2554 et

86 2593 286 2645 filiarum,
309 2609 419 2647 quos
446 2594 677 2648 epulantes
706 2607 794 2634 una
823 2590 1155 2648 gaudentesque
1188 2591 1363 2644 propria
1395 2590 1553 2629 domus

87 2681 294 2709 corruens
336 2668 481 2709 subito
526 2667 743 2721 oppressit
793 2681 842 2708 ac
895 2666 1104 2720 sepelivit.
1182 2665 1277 2704 Nec
1318 2663 1385 2702 his
1427 2660 1553 2700 malis

130 2780 142 2799 ³
171 2782 240 2815 Ser.
263 2789 292 2823 5.
313 2782 349 2813 in
367 2782 473 2821 Quad.
495 2782 549 2813 De
564 2781 639 2823 trip.
661 2782 750 2813 mod.
774 2787 854 2813 orat.
947 2780 961 2798 2
985 2781 1039 2811 Ad
1058 2780 1194 2810 Fortun.
1215 2778 1256 2809 de
1274 2776 1396 2807 Exhor.
1414 2782 1506 2806 mart.

380 2831 394 2851 ³
421 2833 487 2865 Ser.
509 2838 560 2872 70.
696 2832 710 2850 ‘¹
735 2833 874 2865 Ibidem.
1013 2830 1025 2849 5
1050 2830 1134 2862 Coll.
1156 2840 1182 2860 c.
1208 2836 1256 2869 13.
