1903 3197
303 182 325 227 5
339 170 397 213 23
629 165 709 211 De
741 165 932 211 ratione
966 165 1161 211 vivendi
1193 165 1455 212 Socz‘elatis.

304 302 347 340 in
384 300 539 340 morbo
577 299 799 351 fortesque
836 298 1117 351 reperiuntur,
1156 305 1204 339 ut
1246 298 1355 338 infra
1393 298 1526 338 etiam
1565 297 1771 341 dicemus.

304 374 464 427 Quare,
517 387 616 413 cum
659 379 750 413 tam
794 372 943 413 multis
985 373 1113 413 rebus
1161 373 1216 413 sit
1268 377 1535 425 aegrotorum
1578 372 1772 414 conditio

304 449 502 497 deterior,
537 461 669 500 quam
713 453 829 488 recte
859 447 1110 495 valentium,
1152 447 1430 500 PraeposituS,
1469 447 1543 498 qui
1586 447 1772 487 multam

302 537 450 563 curam
489 536 638 574 gerere
672 522 870 562 omnium
905 522 1047 569 debet,
1080 521 1293 573 majorem
1332 521 1465 560 etiam
1504 521 1559 560 de
1596 521 1772 573 aegrotis

302 603 435 651 geret,
454 598 486 637 si
511 611 589 637 suo
613 597 780 636 muneri
804 610 866 645 ea,
890 610 987 648 quse
1011 610 1090 649 par
1113 601 1190 643 est,
1215 595 1345 635 laude
1368 608 1556 648 praeesse
1578 594 1692 634 velit.

388 673 492 725 Jure
525 672 656 724 igitur
690 671 743 711 N.
769 671 811 710 P.
839 671 1038 723 Ignatius
1074 683 1282 723 magnam
1319 674 1588 722 {egrotorum
1622 681 1770 708 curam

301 746 553 787 habendam
588 746 798 799 praecipit,
830 744 926 796 jure
959 744 1155 796 plerique
1191 743 1269 785 SS.
1295 743 1378 783 PP.
1403 742 1660 796 praesertim,
1697 741 1771 794 qui

301 820 489 861 familias
552 820 852 872 religiosorum
911 819 1204 867 instituerunt,
1260 817 1446 857 eandem
1502 822 1771 870 aegrotorum

299 908 447 936 curam
482 895 524 933 in
559 894 647 933 suis
682 893 856 932 familiis
890 893 980 944 geri
1015 891 1256 932 voluerunt.
1322 891 1440 930 Nam
1468 888 1693 931 ·Basilius1
1716 890 1772 930 de

300 967 503 1008 Monach.
550 967 705 1014 Instit„
750 980 849 1006 cum
897 966 1065 1017 quaerit,
1109 965 1226 1017 quali
1270 965 1327 1004 sit
1373 964 1534 1003 affectu
1589 963 1772 1003 infirmis

297 1041 504 1082 fratribus
542 1040 892 1088 ministrandum,
931 1039 1193 1091 respondet:
1241 1037 1407 1079 “Sicut
1450 1038 1531 1090 ipsi
1575 1037 1771 1078 Domino

298 1116 528 1157 afferentes
570 1115 844 1167 obsequium,
883 1115 957 1167 qui
1000 1114 1143 1153 dixit:
1188 1107 1518 1165 Quodcumque
1562 1109 1772 1152 feceritis2

297 1192 370 1231 uni
404 1204 461 1231 ex
493 1190 560 1229 his
593 1189 786 1229 minimis
817 1188 1022 1229 fratribus
1055 1189 1173 1237 meis,
1199 1187 1305 1227 mihi
1342 1185 1548 1227 fecistis.’'

384 1262 687 1317 Augustinusss
709 1264 843 1304 etiam
878 1264 921 1303 in
958 1263 1065 1315 Reg.
1095 1269 1142 1302 ut
1180 1276 1342 1315 magna
1378 1262 1596 1302 habeatur
1631 1274 1771 1314 aegro-

296 1346 442 1381 torum
475 1353 578 1380 cura
607 1338 769 1391 Ignatii
802 1338 938 1378 nostri
962 1351 1083 1378 more
1115 1351 1212 1378 eam
1246 1338 1319 1376 uni
1352 1336 1479 1376 alicui
1513 1336 1766 1385 demandat,

297 1422 345 1456 ut
367 1428 498 1467 supra
521 1413 726 1461 diximus,
747 1419 790 1453 et
811 1412 904 1453 vult
926 1427 951 1452 a
975 1412 1170 1452 Praelatis
1194 1411 1426 1464 :egrotanti
1446 1410 1580 1450 fidem
1603 1409 1768 1458 haberi,

297 1489 332 1529 si
356 1490 399 1528 in
421 1501 602 1540 corpore
632 1487 768 1527 lateat
797 1487 946 1527 dolor:
980 1486 1145 1527 famulo
1178 1487 1294 1526 enim
1329 1485 1415 1525 Dei
1452 1485 1626 1534 dicenti,
1650 1484 1769 1537 quod

296 1562 377 1603 sibi
411 1561 569 1610 doleat,
593 1562 686 1601 sine
709 1560 985 1601 dubitatione
1015 1561 1119 1600 dicit
1142 1574 1237 1600 esse
1259 1557 1560 1600 credendum.4
1624 1559 1771 1599 Idem-

297 1651 384 1691 que
421 1637 553 1677 etiam
587 1636 819 1685 lavacrum,
843 1635 876 1675 si
912 1635 1178 1675 infirmitatis
1214 1634 1453 1674 necessitas
1487 1639 1630 1686 cogat,
1666 1646 1770 1673 con-

299 1712 417 1753 cedit
468 1710 671 1763 aegrotis:
734 1710 823 1749 imo
875 1709 965 1749 fieri
1023 1709 1065 1748 id
1118 1710 1211 1748 sine
1264 1721 1485 1747 murmure
1538 1707 1665 1759 jubet
1716 1707 1772 1747 de

296 1785 479 1826 consilio
517 1784 759 1833 medicinze,
798 1784 857 1824 ita
896 1789 954 1832 ut,
990 1783 1161 1823 etiamsi
1198 1782 1308 1822 nolit
1345 1788 1549 1835 aegrotus,
1585 1781 1770 1834 jubente

300 1860 554 1913 Praeposito,
589 1858 720 1899 faciat
758 1858 877 1910 quod
921 1857 1169 1898 faciendum
1214 1863 1279 1897 est
1320 1871 1400 1910 pro
1443 1856 1592 1897 salute.
1673 1856 1771 1896 Imo

298 1948 386 1974 non
425 1933 565 1973 solum
602 1932 904 1985 aegrotationis
938 1938 1148 1985 tempore,
1183 1932 1260 1972 sed
1294 1937 1395 1984 post
1433 1931 1769 1983 zegrotationem

297 2009 358 2048 ita
401 2007 665 2056 tractandos
709 2007 782 2059 qui
836 2006 952 2046 male
993 2006 1237 2054 habuerint,
1283 2004 1512 2058 praecipit,5
1554 2011 1602 2045 ut
1643 2005 1770 2045 citius

298 2087 557 2130 recreentur,
582 2081 754 2121 etiamsi
793 2080 848 2120 de
882 2079 1128 2120 humillima
1163 2080 1310 2119 saeculi
1345 2085 1606 2132 paupertate
1639 2092 1770 2119 vene-

296 2162 408 2205 runt,
431 2162 644 2207 tanquam
675 2154 758 2195 hoc
786 2154 869 2194 illis
898 2154 1132 2194 contulerit
1164 2154 1377 2194 recentior
1398 2153 1625 2206 aegritildo,
1649 2152 1768 2205 quod

298 2229 505 2269 divitibus
528 2229 720 2282 anterior
740 2228 1024 2268 consuetudo.

384 2302 485 2354 Jam
511 2303 776 2344 Benedictus
808 2303 1032 2342 maximus
1065 2301 1382 2341 monachorum
1417 2302 1556 2350 Pater,
1580 2314 1679 2342 cum
1712 2299 1769 2341 de

298 2375 528 2416 fratribusG
583 2376 902 2429 aegrotantibus
956 2375 1152 2428 regulam
1211 2375 1369 2424 scribit,
1428 2376 1488 2415 ita
1541 2374 1768 2428 praecipit:

297 2452 318 2470 “
339 2450 619 2491 Infirmorum
650 2464 752 2491 cura
784 2456 887 2491 ante
919 2450 1067 2490 omnia
1099 2456 1142 2490 et
1176 2464 1306 2503 super
1333 2450 1484 2489 omnia
1516 2448 1769 2489 adhibenda

297 2531 374 2575 est,
412 2531 460 2565 ut
497 2525 609 2565 sicut
646 2539 794 2565 revera
833 2524 1020 2574 Christo,
1057 2525 1118 2565 ita
1154 2525 1216 2565 eis
1253 2524 1490 2575 serviatur3
1536 2525 1640 2577 quia
1674 2524 1769 2577 ipse

295 2600 491 2640 dicturus
524 2605 601 2649 est,
627 2599 833 2639 Infirmus
866 2598 924 2638 sui
958 2605 1001 2639 et
1032 2599 1242 2639 visitastis
1273 2613 1354 2648 me,
1378 2604 1420 2638 et
1450 2598 1569 2651 quod
1604 2597 1769 2638 fecistis

294 2674 368 2714 uni
391 2673 446 2714 de
468 2673 535 2714 his
557 2674 751 2714 minimis
774 2674 893 2722 meis,
918 2672 1023 2712 mihi
1051 2672 1251 2713 fecistis.'’
1317 2673 1376 2713 Et
1405 2686 1514 2713 mox
1537 2672 1765 2712 Abbatem

293 2748 359 2788 his
397 2748 540 2790 verbis
581 2754 759 2789 onerat:
804 2748 965 2800 “Ergo
1007 2762 1110 2787 cura
1153 2747 1450 2788 maxima-sit
1490 2747 1674 2796 Abbati,
1713 2759 1767 2786 ne

564 2863 574 2882 ¹
601 2865 639 2896 C.
662 2873 711 2905 30.
850 2863 863 2882 2
888 2864 984 2895 Matt.
1006 2872 1058 2902 29.
1195 2862 1208 2882 ³
1233 2864 1313 2904 Reg.
1337 2871 1366 2904 3.
1388 2873 1415 2894 c.
1436 2871 1488 2903 33.

519 2915 533 2934 ⁴
559 2917 639 2957 Reg.
663 2925 691 2957 3.
712 2926 739 2947 c.
761 2923 812 2956 31.
950 2914 962 2933 ⁵
989 2915 1071 2955 Reg.
1093 2922 1122 2955 3.
1144 2925 1170 2946 c.
1196 2914 1243 2947 16.
1381 2913 1394 2933 ⁶
1419 2914 1457 2946 C.
1479 2913 1529 2954 36.
