1903 3197
405 143 641 191 Stndz'mn
674 142 905 189 servandi
940 143 1326 189 Constitutiones.
1542 152 1607 199 27⁷

128 285 330 321 accurate
353 284 586 319 serventur.
638 279 660 295 ‘¹
676 275 808 328 Quod
832 276 865 315 si
890 274 1045 321 videt‚’'
1071 281 1118 314 ut
1141 275 1258 315 idem
1283 275 1600 314 Bonaventura

135 352 270 402 dicit,1
296 351 576 405 “regularem
609 349 935 390 observantiam
971 348 1121 396 dilabi,
1156 355 1199 388 et
1233 348 1603 400 transgressiones

137 426 425 480 multiplicari,
449 438 527 464 nec
559 438 637 477 pro
669 424 832 463 viribus
865 429 957 462 tam
987 421 1278 475 praesentibus
1301 434 1434 473 quam
1460 420 1604 460 immi-

136 501 340 541 nentibus
379 498 505 538 malis
539 498 735 545 occurrit,
769 496 988 549 triplicem
1027 496 1124 535 Deo
1159 494 1315 534 reddet
1347 493 1600 534 rationem.”

138 575 280 614 Primo
315 579 493 626 propter
521 571 848 624 negligentiam,
883 584 970 622 qua
1004 575 1151 622 partes
1186 569 1251 608 sui
1288 568 1480 607 muneris
1515 581 1602 606 non

136 648 341 701 explevit,
376 660 455 686 nec
484 646 602 698 quod
636 645 791 685 debuit
823 645 975 692 facere,
1005 643 1115 683 fecit.
1181 643 1302 682 Dicit
1334 642 1450 682 enim
1485 640 1603 693 apud

139 723 411 776 Sapientiam
442 721 663 761 Dominus
682 719 707 760 :2
742 719 893 760 “Cum
925 719 1077 758 essetis
1108 717 1294 757 ministri
1324 716 1445 768 regni
1477 714 1603 762 illius,

137 810 224 837 non
255 802 371 836 recte
399 795 641 848 judicastis,
670 808 749 834 nec
781 793 1034 833 custodistis
1068 792 1210 845 legem
1239 791 1434 844 justitiae,
1463 803 1605 842 neque

137 869 377 910 secundum
410 868 684 909 voluntatem
722 868 816 920 ejus
853 867 1143 907 ambulastis:
1186 865 1401 905 horrende
1438 870 1481 904 et
1518 864 1606 903 cito

139 943 368 997 apparebit
404 943 540 993 vobis,
579 943 789 994 quoniam
828 942 1043 994 judicium
1087 941 1369 980 durissimum
1415 937 1494 987 his,
1531 937 1606 989 qui

139 1023 346 1070 praesunt,
398 1016 508 1057 fiet.”
593 1016 825 1057 Secundo:
878 1017 981 1068 quia
1024 1015 1172 1055 omnia
1221 1018 1402 1067 peccata
1459 1012 1608 1052 subdi-

139 1098 296 1140 torum,
329 1104 429 1143 quae
467 1097 640 1144 poterat
673 1097 715 1130 et
747 1089 960 1130 debuerat
986 1089 1230 1129 correxisse
1260 1094 1303 1128 et
1335 1087 1608 1140 praecavisse,

141 1167 417 1218 imputantur
473 1165 521 1204 ei.
607 1164 714 1204 Ideo
776 1164 883 1203 dicit
931 1163 1048 1215 apud
1106 1161 1383 1202 Ezechielem
1443 1161 1566 1200 Deus
1585 1159 1611 1199 :3

140 1239 227 1280 “Si
278 1252 365 1278 non
412 1238 542 1278 fueris
589 1238 771 1285 locutus,
817 1243 865 1277 ut
908 1251 953 1276 se
996 1237 1218 1276 custodiat
1270 1236 1431 1288 impius
1474 1248 1499 1274 a
1540 1234 1611 1274 via

140 1327 230 1361 sua,
273 1313 366 1365 ipse
411 1312 455 1351 in
502 1313 730 1364 impietate
777 1325 855 1351 sua
897 1310 1117 1358 morietur,
1162 1309 1420 1361 sanguinem
1459 1313 1608 1347 autem

141 1386 235 1438 ejus
276 1386 332 1426 de
375 1399 507 1426 manu
550 1391 626 1425 tua
669 1383 922 1437 1·equi1·am.''
1016 1384 1201 1423 Tertio:
1245 1383 1347 1435 quia
1389 1387 1612 1434 potestate

141 1461 221 1500 sibi
274 1460 434 1500 collata
486 1466 529 1500 et
580 1459 748 1499 honore
791 1458 1060 1511 praelationis
1102 1457 1308 1505 abutitur,
1359 1456 1465 1495 dum
1509 1469 1610 1495 eum

144 1548 230 1574 non
277 1535 333 1574 ad
386 1534 573 1574 salutem
621 1540 664 1574 et
712 1532 938 1586 spirituale
985 1532 1270 1572 commodum
1321 1530 1609 1579 subditorum,

146 1608 221 1648 sed
281 1608 337 1648 ad
394 1621 522 1648 suum
585 1607 869 1647 commodum
928 1612 971 1646 et
1027 1606 1214 1658 gloriam
1267 1604 1407 1645 refert.
1502 1603 1610 1643 Ideo

146 1681 376 1730 Christus,4
415 1681 613 1721 “Tollite
666 1682 814 1733 itaque
856 1681 912 1720 ab
955 1694 1006 1720 eo
1049 1680 1278 1725 talentum,
1322 1685 1365 1718 et
1408 1678 1610 1718 inutilem

146 1770 317 1796 servum
370 1756 512 1807 ejicite
565 1757 607 1794 in
659 1756 861 1795 tenebras
914 1753 1191 1794 exteriores.’'
1278 1753 1455 1793 Nemini
1509 1766 1613 1805 ergo

148 1829 333 1869 molesta
369 1836 444 1869 aut
486 1829 621 1868 nimia
657 1828 793 1868 videri
831 1828 964 1867 debet
1007 1829 1335 1867 moderatorum
1378 1825 1613 1866 solicitudo

147 1917 197 1943 ac
233 1902 461 1955 vigilantia
498 1902 542 1941 in
580 1901 803 1954 exigenda
840 1900 1070 1953 disciplina
1113 1900 1349 1952 legumque
1386 1898 1612 1947 custodia;

146 1991 245 2016 cum
278 1977 451 2016 illorum
484 1976 527 2015 id
561 1989 720 2015 munus
753 1976 819 2023 sit,
843 1980 886 2014 et
914 1974 1012 2014 Deo
1045 1973 1254 2014 reddituri
1287 1973 1373 2013 sint
1396 1973 1612 2013 rationem

147 2064 224 2103 pro
259 2050 492 2090 animabus
527 2050 695 2090 nostris.
766 2048 927 2088 Gratize
964 2048 1110 2100 potius
1145 2047 1329 2100 agendae
1365 2053 1466 2086 sunt
1502 2047 1612 2094 Deo,

146 2125 263 2177 quod
305 2131 397 2165 tam
439 2124 579 2164 bonos
620 2122 826 2163 custodes
864 2121 1046 2170 dederit,
1084 2122 1306 2173 ducesque
1349 2121 1515 2161 itineris
1557 2120 1614 2160 ad

146 2199 459 2251 perfectionem
479 2212 486 2238 :
509 2204 552 2237 et
575 2196 892 2249 subjacendum
916 2202 981 2236 est
1004 2196 1076 2244 eis,
1094 2202 1142 2236 ut
1164 2201 1317 2235 monet
1336 2193 1616 2248 Apostolus,5

146 2285 199 2312 ne
236 2277 464 2324 gementes
508 2271 591 2311 hoc
628 2271 805 2319 faciunt,
840 2271 918 2310 sed
961 2284 1060 2310 cum
1104 2269 1324 2310 hilaritate
1362 2276 1405 2309 et
1440 2269 1614 2322 gaudio.

146 2346 299 2399 Atque
335 2346 430 2385 haec
467 2346 522 2386 de
561 2345 939 2385 Constitutionum
979 2344 1295 2384 observatione.

290 2457 302 2477 ¹
329 2459 430 2497 Ibid.,
452 2469 478 2490 c.
500 2467 529 2498 3,
550 2469 617 2490 non
641 2459 740 2499 longe
756 2459 798 2489 ab
816 2464 895 2490 extr.
1032 2457 1045 2475 ‘-‘
1073 2459 1149 2499 Sap.
1171 2458 1200 2490 6.
1331 2456 1344 2476 ³
1369 2469 1395 2489 c.
1417 2466 1468 2498 33.

580 2509 593 2528 ⁴
618 2510 740 2541 Matth.
762 2516 813 2550 25.
973 2508 986 2528 ⁵
1012 2510 1100 2541 Heb.
1127 2518 1174 2550 13.
