1903 3197
571 151 650 196 De
683 150 781 195 vita
818 151 1066 196 communi.
1491 151 1517 194 8
1531 165 1546 195 1

182 286 267 325 Hae
309 284 497 324 rationes
539 283 844 334 proximorum
887 280 1022 320 ferme
1064 281 1262 329 salutem,
1302 288 1345 321 et
1386 282 1549 321 bonum

94 364 292 412 spectant
322 357 513 397 alienum
532 368 540 404 3
574 355 750 406 reliquae
783 359 978 393 nostrum
1012 367 1063 393 ac
1096 355 1332 405 proprium.

181 432 349 484 Quarta
390 431 520 483 igitur
560 429 669 468 ratio
712 433 778 467 est
819 433 997 479 propter
1038 427 1315 466 concordiam
1355 434 1552 466 mutuam

92 506 427 559 religiosamque
468 503 754 555 disciplinam,
798 514 897 553 quae
949 501 991 539 in
1039 499 1106 539 his
1147 499 1248 539 vitae
1300 501 1556 547 rationibus,

90 594 199 632 quas
221 578 412 631 suscepit
435 577 643 625 Societas,
668 575 808 628 magis
829 579 1150 621 conservantur,
1176 586 1308 624 quam
1333 573 1366 611 si
1393 573 1551 612 durum

92 654 269 707 aliquod
311 653 412 692 vitae
454 664 591 703 genus
629 657 760 701 atque
802 647 990 687 insolens
1034 647 1154 699 sequi
1199 645 1359 685 mallet.
1440 646 1551 685 Cum

93 727 208 767 enim
236 725 374 764 multa
395 723 712 776 complectatur
740 721 968 761 hominum
998 733 1168 772 genera,
1193 719 1266 771 qui
1290 731 1377 758 non
1400 732 1553 758 omnes

91 799 268 840 easdem
291 799 402 838 vires
433 797 597 837 habent
629 796 893 847 easdemque
926 800 1113 842 naturas,
1148 792 1344 845 profecto
1378 805 1554 831 necesse

93 875 159 923 sit,
186 874 220 913 si
250 886 336 912 non
366 885 518 911 omnes
550 870 631 910 hac
660 870 869 909 comitate
900 869 1002 907 vitae
1032 867 1156 918 quasi
1187 865 1378 918 quadam
1409 879 1555 917 aequa-

93 947 261 987 bilitate
291 946 524 992 contineat,
549 943 745 995 quotidie
767 942 978 995 plurimos
1000 954 1026 980 a
1056 939 1363 980 communibus
1387 938 1556 990 legibus

93 1022 307 1072 excipere,
332 1025 380 1059 ut
409 1020 451 1058 in
482 1017 745 1070 quibusdam
768 1016 862 1055 aliis
885 1015 1061 1054 familiis
1085 1028 1163 1053 usu
1186 1013 1315 1053 venit.
1380 1012 1556 1052 Laudat

95 1091 337 1134 fflimacus1
366 1092 592 1132 Abbatem
622 1090 859 1142 quemdam
884 1088 1114 1139 cujusdam
1137 1087 1332 1127 arctioris
1354 1087 1555 1135 coenobii,

95 1167 213 1219 quod
256 1180 343 1206 non
386 1165 591 1205 omnibus
634 1164 787 1203 eadem
832 1162 1071 1214 dispensari
1112 1161 1296 1213 juberet,
1340 1161 1416 1200 sed
1463 1160 1557 1199 aliis

93 1240 179 1280 alia
207 1254 285 1293 pro
308 1239 518 1290 cujusque
548 1237 807 1277 necessitate
830 1249 880 1274 ac
903 1241 1065 1274 natura.
1131 1235 1190 1274 Et
1224 1234 1268 1273 B.
1295 1233 1558 1273 Benedictus

96 1328 183 1353 non
218 1326 369 1352 omnes
412 1311 543 1350 etiam
587 1311 629 1349 in
672 1323 749 1349 sua
792 1308 956 1348 familia
998 1307 1273 1359 aequabiliter
1305 1307 1559 1346 tractandos

93 1386 300 1439 praecipit,
334 1384 410 1424 sed
445 1391 539 1424 tum
572 1395 817 1435 puerorum,
852 1388 946 1421 tum
985 1394 1137 1420 senum
1176 1380 1218 1418 in
1252 1380 1558 1431 dispensandis

95 1461 155 1510 iis,
187 1474 284 1512 quae
318 1460 374 1498 ad
411 1471 567 1510 corpus
601 1457 831 1509 pertinent,
865 1455 1086 1507 propriam
1116 1453 1243 1505 jubet
1276 1453 1424 1492 haberi
1458 1454 1559 1492 rati-

94 1547 234 1574 onem.
300 1533 350 1572 In
385 1532 606 1572 Societate
635 1543 735 1569 vero
765 1529 905 1568 multo
939 1527 1078 1578 major
1109 1527 1294 1566 varietas
1327 1532 1392 1565 est
1424 1539 1557 1577 quam

96 1608 138 1646 in
162 1606 249 1646 ulla
271 1605 355 1646 alia
379 1604 553 1652 familia,
579 1617 665 1643 non
688 1609 869 1642 aetatum
894 1601 1027 1640 modo
1049 1614 1100 1639 ac
1122 1606 1387 1646 naturarum,
1405 1612 1555 1638 verum

96 1681 228 1721 etiam
273 1679 501 1719 nationum
544 1691 594 1717 ac
637 1689 893 1725 nmnerum;
932 1674 1088 1727 quibus
1122 1672 1313 1725 singuliS,
1347 1686 1434 1712 non
1465 1672 1558 1712 sine

97 1754 350 1794 domesticae
374 1752 614 1804 disciplinae
638 1749 977 1803 perturbatione,
1000 1753 1118 1786 certa
1141 1747 1195 1785 sit
1225 1745 1371 1797 quoad
1394 1746 1559 1784 victum

97 1827 300 1867 habenda
337 1826 460 1874 ratio,
503 1825 582 1863 nisi
627 1825 721 1875 ipsa
757 1823 858 1862 vitae
896 1820 1223 1868 communitate,
1261 1826 1309 1859 ut
1351 1819 1557 1866 diximus,

98 1913 223 1952 aeque
265 1898 470 1939 omnibus
512 1896 791 1944 consulatur;
834 1894 982 1934 haberi
1020 1893 1136 1932 enim
1173 1892 1273 1932 talis
1316 1892 1425 1931 ratio
1467 1892 1559 1931 sine

100 1986 259 2026 magna
302 1972 448 2024 legum
492 1970 763 2010 relaxatione
805 1975 937 2019 atque
975 1967 1236 2018 exceptione
1272 1978 1359 2005 non
1401 1971 1558 2017 potest,

97 2048 140 2086 in
183 2047 255 2086 illa
298 2059 451 2098 aspera
493 2045 688 2095 duraque
729 2043 828 2082 vita.
892 2041 1023 2093 Quod
1065 2040 1099 2079 si
1143 2039 1260 2079 nulla
1308 2039 1560 2091 hujusmodi

98 2119 323 2168 relaxatio,
358 2117 529 2158 occasio
561 2117 690 2156 datur
722 2114 902 2154 infirmis
939 2119 1015 2154 aut
1052 2113 1249 2165 rapiendi
1281 2119 1356 2152 aut
1391 2113 1561 2152 obtrec-

97 2193 230 2234 tandi.
295 2193 365 2232 Ita
401 2191 662 2231 obedientia:
701 2196 776 2229 aut
813 2188 1083 2241 paupertatis
1121 2186 1351 2239 disciplina
1392 2187 1560 2238 pericli-

98 2273 226 2315 tatur,
271 2272 318 2306 ut
369 2266 412 2305 in
466 2265 614 2304 multis
663 2262 887 2303 ordinibus
929 2261 1140 2309 usuvenit,
1185 2261 1228 2299 in
1271 2260 1429 2312 quibus
1477 2260 1560 2300 sibi

99 2341 283 2393 quisque
314 2339 518 2392 privatim
549 2338 715 2390 aliquid
745 2336 929 2389 seponit,
952 2335 1068 2374 unde
1097 2348 1186 2374 suae
1208 2334 1277 2374 vel
1300 2334 1559 2383 necessitati,

96 2414 164 2454 vel
185 2413 400 2466 voluptati
432 2412 678 2465 prospiciat.
744 2409 1001 2449 Necessaria
1033 2414 1099 2448 est
1130 2407 1261 2460 igitur
1292 2407 1558 2456 immunitas,

98 2488 333 2540 legumque
370 2486 540 2534 solutio,
573 2485 665 2537 jam
703 2484 897 2536 perfecta
934 2481 1007 2521 illa
1044 2481 1285 2534 disciplinae
1318 2482 1428 2520 ratio
1461 2494 1562 2520 con-

99 2567 213 2600 stare
244 2574 332 2600 non
364 2565 519 2612 potest.
585 2559 682 2598 Imo
714 2557 875 2597 sensim
907 2556 1067 2596 labitur
1099 2561 1142 2595 et
1174 2555 1352 2595 laxatur
1383 2555 1425 2594 in
1456 2554 1559 2603 dies,

99 2647 197 2673 curn
231 2633 426 2685 quotidie
459 2632 530 2672 alii
563 2631 657 2672 aliis
690 2631 937 2670 excitentur
968 2628 1196 2681 exemplis,
1221 2629 1294 2680 qui
1328 2628 1423 2680 lege
1455 2628 1559 2666 item

100 2706 245 2759 excipi
281 2705 443 2746 volunt.
524 2705 642 2745 Hinc
684 2717 812 2757 porro
854 2703 1099 2743 animorum
1137 2701 1387 2741 dissociatio
1428 2706 1561 2750 atque

100 2779 340 2828 dissidium,
365 2780 470 2819 dum
500 2779 572 2819 alii
602 2778 698 2818 aliis
719 2778 922 2817 videntur
943 2776 986 2815 in
1009 2775 1336 2828 dispensatione
1358 2771 1558 2825 praeferri.

565 2867 575 2886 1
602 2868 707 2909 Epist.
728 2867 770 2899 ad
795 2867 975 2906 Pastorem,
996 2876 1021 2897 c.
1047 2871 1094 2905 15.

274 2929 307 2961 G
