1903 3197
619 145 698 190 De
729 147 1048 194 Poem'tentz'is.
1479 162 1495 192 1
1505 162 1536 193 o
1543 160 1566 205 5

106 281 208 325 tate,
242 276 437 329 gustabit
474 277 519 326 is,
554 277 628 328 qui
665 278 858 329 pascitur
890 279 1001 319 inter
1033 279 1179 319 lilia.·''1
1243 279 1377 332 Quod
1414 284 1563 319 autem

106 350 162 390 de
189 350 356 402 jejunio
387 350 492 390 dicit
523 351 797 399 nominatim,
832 352 947 391 idem
986 352 1168 403 intelligi
1206 353 1338 393 debet
1370 354 1567 393 universe

107 424 162 463 de
194 424 360 463 caeteris
393 425 584 477 corporis
616 424 936 464 vexationibus.
1001 425 1060 464 Et
1098 425 1186 466 Ser.
1219 427 1273 465 de
1307 434 1413 479 sept.
1445 428 1564 479 grad.

109 496 318 537 Confess:
353 497 610 550 “Quidquid
640 498 689 537 fit
721 498 908 550 pastoris
941 499 1127 545 licentia,
1159 500 1392 550 gratiosius
1425 506 1490 540 est
1521 502 1565 540 in

106 576 343 623 conspectu
369 572 463 620 Dei,
487 578 529 611 et
560 571 680 611 illam
711 571 901 612 hostiam
935 572 1210 624 singulariter
1240 573 1398 624 accipit
1430 572 1568 612 Altis-

106 644 253 689 simus,
278 658 375 695 quae
410 658 495 684 non
531 651 596 684 est
630 646 684 685 de
721 647 907 698 propriae
945 646 1162 685 sententia
1201 646 1452 693 voluntatis,
1489 646 1564 685 sed

105 717 161 757 de
187 717 478 769 praecipientis
501 719 680 758 offertur
702 720 918 772 imperio.''
971 721 1071 772 Jam
1095 734 1193 772 quse
1220 720 1317 759 Deo
1351 733 1438 759 non
1470 733 1568 772 pro-

107 789 277 839 bantur,
320 803 371 830 ea
414 791 519 842 quid
570 791 730 832 habere
776 800 961 845 possunt
1012 794 1129 846 apud
1173 807 1272 833 eum
1321 793 1569 833 mercedis?

112 863 230 903 Hinc
272 864 403 916 igitur
433 865 761 906 benefactorum
806 868 1016 907 minuitur
1057 868 1274 913 meritum,
1319 868 1352 906 si
1394 868 1570 919 propria

108 937 311 978 voluntas
347 938 650 979 admisceatur.
730 940 861 992 Quod
905 941 1021 981 idem
1067 942 1314 981 Bernardus
1356 941 1442 981 alio
1485 955 1571 981 ser-

110 1024 239 1051 mone
271 1012 499 1064 significat,
533 1013 606 1052 ubi
649 1028 749 1054 suos
792 1015 1045 1068 perstringit
1088 1016 1337 1064 monachos,
1373 1016 1446 1068 qui
1479 1017 1571 1055 sinc

110 1085 346 1136 spiritualis
381 1086 518 1125 Patris
551 1100 730 1126 assensu
769 1102 925 1141 corpus
961 1103 1086 1128 suum
1125 1090 1218 1129 sine
1261 1090 1394 1129 modo
1436 1104 1572 1129 vexa-

111 1159 229 1199 bant.
294 1159 687 1212 “Non.legistis,''
730 1162 883 1214 inquit,
928 1164 1005 1202 “in
1058 1163 1207 1215 regula
1250 1170 1406 1211 vestra,
1450 1164 1569 1215 quod

112 1233 325 1284 quidquid
368 1232 460 1272 sine
499 1233 738 1282 voluntate,
776 1236 843 1274 vel
895 1250 1108 1276 consensu
1153 1237 1293 1276 Patris
1336 1237 1573 1290 spiritualis

112 1306 172 1353 fit,
207 1319 332 1345 vanae
373 1306 523 1358 gloriae
565 1308 861 1359 deputabitur,
897 1323 983 1349 non
1027 1310 1247 1350 mercedi?
1311 1310 1391 1350 Est
1425 1316 1572 1350 autem

114 1378 263 1431 regula
286 1380 439 1431 quinta
463 1380 508 1419 B.
536 1381 760 1420 Benedicti
784 1395 816 1421 c.
839 1381 956 1434 49.''2

201 1454 260 1493 Et
291 1453 610 1502 Bonaventura,
639 1468 738 1493 cum
769 1456 823 1495 de
852 1456 1010 1509 vigiliis
1043 1463 1086 1496 et
1119 1456 1396 1497 abstinentiis
1428 1458 1576 1509 singu-

111 1526 273 1567 laribus
326 1527 529 1579 loquitur,
583 1529 742 1568 diserte
794 1530 994 1582 praecipit
1037 1543 1109 1569 eas
1163 1544 1250 1570 non
1304 1530 1431 1570 licere
1483 1531 1576 1571 sine

116 1600 359 1653 Superioris
382 1601 701 1654 approbatione
719 1601 967 1654 suscipere.3
998 1603 1087 1642 “Et
1110 1604 1265 1655 quod‚''
1285 1604 1437 1656 inquit,
1456 1605 1578 1644 “sine

114 1675 400 1728 permissione
443 1675 582 1715 Patris
624 1676 860 1728 spiritualis
912 1676 972 1726 fit,
1017 1679 1349 1730 prcesumptioni
1393 1679 1577 1731 deputa-

116 1748 234 1788 bitur
255 1763 306 1789 ac
327 1763 452 1789 vanae
476 1750 637 1802 gloriae,
663 1763 751 1789 non
782 1749 1006 1790 mercedi.''
1062 1752 1107 1790 B.
1127 1758 1275 1792 autem
1300 1752 1577 1801 Benedictus,

117 1823 235 1862 unde
257 1822 352 1862 haec
375 1830 550 1875 sumpta
575 1830 685 1871 sunt,
705 1837 805 1863 cum
829 1824 1015 1864 dixisset
1037 1824 1195 1864 debere
1218 1839 1578 1878 unumquemque

119 1895 482 1949 Quadragesimae
524 1902 733 1949 tempore,
772 1911 904 1950 supra
945 1911 1193 1938 mensuram
1235 1899 1317 1938 sibi
1355 1899 1577 1948 indictam,

115 1972 281 2023 aliquid
304 1971 547 2011 voluntarie
569 1984 668 2010 cum
698 1971 860 2023 gaudio
894 1971 1045 2012 Sancti
1079 1972 1267 2024 Spiritus
1289 1972 1443 2013 offerre
1465 1973 1577 2021 Deo,

117 2052 162 2085 et
198 2044 454 2085 subtrahere
497 2045 666 2097 corpori
711 2058 789 2084 suo
832 2045 887 2084 de
923 2045 1032 2093 cibo,
1071 2052 1190 2098 potu,
1225 2060 1380 2086 somno
1418 2052 1497 2095 etc,
1531 2051 1580 2086 ut

116 2133 248 2172 supra
284 2119 567 2167 dicebamus;
604 2132 710 2158 mox
744 2119 805 2158 ita
841 2119 1040 2170 subjicit:
1079 2124 1098 2137 ⁴‘
1121 2120 1221 2159 Hoc
1253 2120 1395 2172 ipsum
1427 2126 1578 2160 tamen

119 2194 238 2246 quod
281 2193 578 2246 unusquisque
621 2192 747 2233 offert
790 2193 900 2242 Deo,
942 2192 1113 2233 Abbati
1156 2207 1234 2233 suo
1276 2199 1493 2246 suggerat,
1537 2198 1581 2233 et

119 2281 219 2309 cum
257 2267 350 2320 ejus
383 2267 461 2307 fiat
498 2268 696 2307 oratione
729 2273 772 2307 et
808 2267 1046 2317 voluntate,
1071 2268 1173 2320 quia
1205 2268 1324 2320 quod
1356 2268 1448 2307 sine
1485 2280 1580 2320 per-

119 2342 327 2382 missione
370 2342 510 2381 Patris
544 2341 781 2394 spiritualis
816 2341 876 2390 fit,
912 2342 1245 2395 praesumptioni
1282 2342 1578 2394 deputabitur,

118 2423 163 2457 et
195 2429 319 2456 vanae
352 2416 514 2469 gloriae,
540 2429 627 2455 non
658 2415 885 2455 mercedi.’'
948 2416 1067 2468 Ergo
1099 2417 1154 2456 de
1185 2415 1412 2456 voluntate
1441 2416 1581 2456 consi-

118 2489 267 2542 lioque
319 2491 547 2543 Praepositi
599 2489 799 2529 facienda
850 2496 953 2530 sunt
1003 2491 1163 2539 omnia,
1211 2496 1259 2530 ut
1310 2503 1361 2529 ea
1412 2495 1583 2530 constet

120 2564 295 2619 probari
320 2564 427 2613 Deo,
451 2571 494 2604 et
515 2565 633 2617 apud
657 2577 756 2603 eum
779 2563 931 2604 haberi
955 2565 1213 2604 mercedem.

209 2638 399 2690 Objiciet
416 2640 650 2691 quisquam
675 2652 884 2691 magnam
901 2639 1037 2678 videri
1061 2639 1314 2678 servitutem
1332 2644 1388 2685 ut,
1407 2637 1579 2689 quoties

122 2713 397 2766 poenitentiae
439 2712 605 2764 aliquid
657 2713 741 2752 Dei
783 2726 914 2752 causa
956 2713 1175 2765 suscipere
1216 2711 1460 2752 collibitum
1504 2714 1581 2757 est,

393 2826 405 2845 ¹
431 2828 526 2859 Cant.
550 2829 619 2860 Ser.
641 2834 692 2866 71.
1012 2826 1024 2844 ²
1049 2828 1144 2858 Cant.
1166 2827 1235 2857 Ser.
1260 2834 1306 2864 19.

471 2879 484 2897 ³
511 2880 607 2920 Spec.
628 2880 708 2911 disc.
729 2880 771 2911 de
796 2879 914 2920 captiv.
936 2889 1029 2919 prop.
1051 2878 1115 2908 vol.
1137 2888 1163 2908 c.
1184 2887 1215 2916 4.
