1903 3197
528 178 596 224 In
629 177 845 240 Regulas
879 177 1138 225 Modestz'ae.
1472 182 1567 240 689

110 324 201 363 prae
222 324 268 351 se
289 310 541 351 contemnit.
575 311 884 351 Bonaventura
906 311 1069 351 ibidem
1092 325 1124 351 c.
1143 322 1198 363 29
1216 325 1225 352 :
1253 311 1403 352 “Audi
1425 312 1567 353 humi-

109 384 209 424 liter
239 390 282 424 et
312 383 492 437 pacifice
523 384 650 433 bona,
673 398 773 437 quae
802 385 858 424 ab
887 385 982 424 aliis
1005 385 1236 425 dicuntur:
1268 399 1347 426 nec
1369 387 1567 439 disputes

110 465 274 507 contra,
298 459 410 498 sicut
431 458 610 511 quidam
633 458 799 498 faciunt
821 459 999 511 quando
1030 459 1214 499 audiunt
1236 459 1402 512 aliquid
1435 461 1538 500 boni
1557 475 1567 512 ;

110 545 165 572 ne
196 532 277 584 ipsi
307 532 538 572 videantur
568 531 778 584 ignorare,
803 532 920 583 quod
944 531 1053 572 alter
1074 533 1312 585 proposuit,
1336 534 1487 573 statim
1511 533 1567 575 de

109 605 194 646 hoc
214 605 368 646 volunt
389 606 622 658 disputare,
646 611 694 645 ut
714 605 946 645 videantur
967 607 1099 646 etiam
1122 607 1204 658 ipsi
1234 607 1400 659 aliquid
1431 608 1567 659 scire;

110 694 197 720 non
235 681 350 719 enim
387 685 588 732 quaerunt
625 679 689 719 sui
726 679 1074 727 aedificationem,
1106 680 1182 720 sed
1220 682 1564 722 ostentationem

109 755 226 807 apud
285 753 428 793 alios.’'
509 752 621 805 Quae
678 760 919 806 sequuntur
970 754 1075 806 lege.
1157 753 1286 795 Certe
1343 755 1399 795 ab
1448 756 1567 796 inani

107 826 246 880 gloria
298 832 441 867 ortum
492 827 638 874 habet,
690 834 737 867 ut
784 833 908 880 patet
956 842 1013 867 ex
1066 828 1306 879 Dorotheo,
1350 828 1440 869 Ser.
1488 840 1568 870 10:

107 900 331 949 “Inanis,''
373 901 525 953 inquit,
564 901 738 954 “gloria
783 908 861 951 est,
903 915 1002 954 quae
1049 916 1136 942 non
1184 903 1371 943 sustinet
1417 904 1568 944 audire

105 975 286 1015 verbum
319 975 389 1015 vel
430 975 661 1015 minimum
704 989 729 1015 a
766 975 898 1015 fratre
939 990 1046 1016 suo:
1096 976 1179 1017 hoc
1221 983 1296 1026 est,
1331 991 1430 1018 cum
1469 978 1567 1031 quis

106 1049 234 1089 unico
274 1049 407 1089 verbo
450 1049 643 1102 quinque
677 1049 745 1089 vel
787 1050 939 1089 decem
982 1050 1113 1102 plena
1155 1051 1274 1091 omni
1315 1053 1567 1093 turbatione

106 1123 352 1175 respondet,
386 1123 702 1176 contenditque
745 1128 789 1163 et
830 1124 981 1163 turbas
1018 1124 1131 1164 facit.
1210 1125 1412 1178 Cumque
1449 1127 1569 1179 quie-

108 1197 217 1237 verit
253 1211 279 1237 a
315 1197 606 1246 contentione,
635 1211 723 1237 non
760 1204 902 1237 cessat
933 1204 1082 1238 tamen
1121 1199 1254 1239 etiam
1289 1200 1482 1253 cogitare
1513 1201 1569 1241 de

107 1272 241 1312 verbo
267 1271 354 1321 illo,
377 1277 420 1311 et
446 1284 618 1324 semper
646 1272 690 1311 in
720 1284 772 1311 ea
800 1272 1065 1324 cogitatione
1098 1279 1175 1321 est,
1202 1273 1287 1313 hoc
1316 1280 1359 1314 et
1389 1274 1472 1315 hoc
1507 1274 1568 1315 illi

109 1344 266 1393 dicam,
296 1358 384 1385 non
419 1345 576 1385 evadet
609 1345 812 1398 impune:
846 1345 993 1398 sicque
1020 1346 1140 1387 velut
1170 1360 1323 1387 amens
1355 1354 1568 1401 perpetuo

108 1418 248 1458 furit.'’

199 1492 324 1532 Idem
354 1492 562 1533 docuerat
587 1499 691 1533 ante
723 1493 920 1541 Basilius,
943 1494 986 1533 in
1017 1495 1126 1547 Reg.
1149 1495 1262 1535 brev.
1287 1509 1324 1548 q.
1351 1497 1444 1548 289,
1469 1511 1569 1537 cum

110 1566 240 1606 docet
261 1566 304 1605 in
327 1565 585 1619 superandis
606 1566 722 1606 vitiis
743 1566 886 1606 valere
908 1566 1156 1619 plurimum,
1175 1569 1210 1608 si
1233 1582 1384 1609 eorum
1406 1570 1570 1623 primas

111 1653 275 1688 causas,
301 1653 351 1680 ac
372 1640 540 1680 radices
572 1640 769 1680 funditus
799 1647 1088 1693 amputemus
1152 1642 1423 1696 Exemplum
1446 1645 1572 1697 ponit

111 1713 156 1752 in
191 1713 484 1761 contentione,
508 1726 640 1765 quam
675 1727 732 1753 ex
767 1714 882 1754 inani
916 1714 1055 1766 gloria
1088 1721 1300 1767 tanquam
1335 1730 1392 1756 ex
1427 1717 1573 1759 radice

112 1792 257 1827 ortum
294 1800 421 1827 suum
459 1786 622 1827 habere
658 1786 884 1840 significat.
948 1787 1079 1840 Quod
1117 1795 1265 1829 autem
1302 1791 1476 1843 signum
1514 1793 1571 1833 sit

111 1861 273 1914 proprii
305 1874 470 1911 sensus
493 1862 743 1914 propriique
769 1861 933 1914 judicii,
957 1868 1080 1915 patet
1107 1877 1164 1903 ex
1188 1864 1350 1905 Paulo:
1385 1866 1571 1908 “Nolite

111 1949 206 1976 esse
227 1935 464 1988 prudentes
485 1935 601 1987 apud
625 1935 951 1988 vosmetipsos.”
985 1936 1044 1976 Et
1065 1943 1220 1990 postea
1242 1939 1390 1979 subdit
1409 1954 1417 1980 :
1449 1941 1570 1981 “Vos

111 2009 228 2062 ipsos
250 2008 572 2049 defendentes.''

199 2082 393 2136 Quinto:
424 2082 613 2135 denique
645 2089 764 2123 totus
796 2084 1021 2135 improbus
1053 2091 1118 2124 est
1150 2085 1224 2137 qui
1258 2088 1497 2137 contendit,
1526 2094 1570 2129 et

111 2157 247 2198 divini
279 2157 447 2197 timoris
478 2170 646 2210 expers.
711 2157 809 2197 Isai.
842 2157 959 2198 Abb.
994 2158 1066 2199 Or.
1090 2170 1143 2211 9:
1177 2159 1315 2200 “Noli
1345 2175 1440 2202 esse
1469 2176 1571 2203 con—

109 2232 335 2280 tentiosus,
370 2245 425 2270 ne
458 2231 602 2270 omnis
636 2231 679 2270 in
712 2237 757 2271 te
789 2231 960 2271 habitet
994 2232 1290 2285 improbitas.'’
1374 2235 1570 2289 Ideoque

109 2305 224 2345 inter
254 2305 424 2345 monita
456 2305 498 2345 P.
523 2305 576 2344 N.
604 2305 765 2357 Ignatii
797 2304 904 2345 illucl
937 2311 1002 2345 est
1032 2306 1249 2358 primum:
1293 2308 1571 2362 “Nunquam

110 2380 406 2420 contradicere
427 2379 561 2419 debes
583 2380 800 2432 cuiquam,
824 2379 914 2419 sive
945 2393 1044 2420 cum
1074 2381 1253 2430 ratione,
1278 2382 1368 2423 sive
1390 2391 1569 2436 contra;

111 2467 253 2506 neque
274 2454 496 2506 superiori,
519 2467 661 2506 neque
684 2453 886 2503 inferiori,
910 2467 1052 2507 neque
1074 2454 1269 2508 aequali.'’

200 2533 257 2578 30.
293 2527 503 2568 Cavenda
534 2533 600 2567 est
631 2528 674 2567 in
707 2541 907 2568 sermone
935 2528 1186 2578 Rusticitas,
1210 2543 1309 2583 quae
1337 2531 1380 2571 in
1407 2546 1459 2573 eo
1487 2534 1571 2576 sita

111 2607 189 2650 est,
221 2601 256 2641 si
293 2614 448 2654 parum
485 2602 622 2641 comis
659 2607 703 2641 et
738 2601 926 2642 affabilis
961 2603 1177 2644 videaris:
1220 2604 1255 2643 si
1287 2606 1573 2659 compellanti

111 2676 268 2715 durum
300 2674 612 2727 difficilemque
642 2681 687 2716 te
718 2676 944 2728 praebeas3
982 2677 1017 2716 si
1049 2691 1147 2717 cum
1178 2679 1409 2720 stomacho
1437 2687 1572 2735 atque

110 2749 347 2789 acerbitate
368 2749 645 2801 respondeas.
679 2749 866 2790 Basilius
884 2751 939 2790 ad
959 2749 1219 2804 Gregorium
1238 2765 1247 2791 :
1280 2752 1568 2805 “Jucundum

112 2829 247 2876 atque
268 2823 482 2864 blandum
504 2824 546 2864 in
570 2825 982 2877 congregationibus
1014 2840 1109 2866 esse
1140 2828 1353 2878 convenit,
1377 2829 1570 2874 dulcem-

110 2911 195 2951 que
224 2898 267 2938 in
296 2897 515 2951 eloquiis.”
578 2899 638 2939 Et
663 2912 798 2940 mox:
832 2900 1095 2942 “Placidum
1117 2915 1164 2943 se
1185 2901 1330 2955 ipsum
1353 2917 1403 2945 ac
1425 2904 1568 2950 lenem

283 2972 331 3004 SS
