1903 3197
273 184 296 231 5
309 185 369 228 24
607 168 686 214 De
721 167 912 214 ratione
944 167 1137 215 vivendi
1170 169 1430 216 Socz‘etatz's.

267 303 412 344 siones
447 307 491 342 et
525 300 802 342 decessiones
841 301 1039 351 febrium,
1075 302 1345 343 incrementa
1385 308 1428 342 et
1465 303 1745 345 decrementa

269 376 537 424 morborum,
581 389 720 428 eaque
764 375 998 427 diligenter
1038 376 1280 416 observent.
1360 377 1493 417 Tales
1537 377 1744 431 Superior

267 450 369 491 huic
419 450 587 489 muneri
644 449 866 490 ministros
918 449 1094 502 deligat,
1139 464 1316 490 necesse
1358 457 1435 500 est,
1478 452 1513 491 si
1568 465 1665 504 quae
1720 467 1745 493 a

269 524 452 565 medicis
494 524 750 577 praescripta
789 523 958 573 fuerint,
1007 538 1058 564 ea
1106 524 1196 564 fieri
1246 531 1380 577 atquc
1417 525 1591 578 explevi
1629 526 1742 566 velit.

269 600 323 639 In
364 598 432 638 his
475 598 609 651 igitur
651 598 913 651 magnitudo
949 613 1074 648 curae,
1115 613 1248 652 quam
1287 600 1342 640 de
1380 601 1558 652 :egrotis
1594 613 1745 653 gerere

271 673 529 726 Superiores
567 672 743 722 debent,
775 673 920 726 posita
953 679 1029 713 est.

270 833 391 866 QUAM
420 834 527 866 JURE
554 833 700 859 AUTEM
731 832 871 858 TANTA
900 831 926 857 A
956 831 1259 859 sUPER1oR1ssus
1289 833 1508 859 AEGRORUM
1541 834 1744 860 HAB1‹:NDA

379 896 442 923 SIT
486 895 611 931 cum,
658 895 702 920 ID
746 894 906 921 SEPTEM
952 894 1207 921 P0T1ssnxium
1250 895 1304 920 Ex
1346 895 1488 922 cAus1s
1532 896 1744 921 INTELLIGI

380 957 543 984 POTEST.

270 1035 434 1075 PRIMA
458 1038 525 1073 est
552 1033 667 1085 quia,
690 1039 739 1072 ut
765 1032 826 1072 ait
854 1032 1177 1081 Bonaventura,
1201 1031 1412 1085 flagellati
1443 1039 1545 1073 sunt
1573 1048 1598 1073 a
1621 1034 1744 1074 Deo:

270 1121 387 1161 ergO,
413 1108 447 1147 si
472 1108 528 1147 ab
550 1107 803 1147 hominibus
826 1107 959 1146 etiam
983 1106 1242 1146 deserantur
1264 1121 1314 1146 ac
1338 1107 1627 1160 negligantur,
1651 1108 1746 1161 ipsa

271 1195 422 1222 eorum
458 1181 631 1221 miseria
666 1181 829 1221 clamat
860 1180 917 1220 ad
952 1180 1127 1221 Patrem
1162 1180 1559 1221 misericordiarum
1594 1188 1747 1223 contra

272 1270 357 1305 eos,
408 1256 483 1309 qui
539 1255 635 1296 illos
690 1256 899 1296 deserunt
953 1261 997 1295 et
1052 1261 1400 1308 persequuntur;
1453 1255 1587 1308 juxta
1640 1255 1746 1296 illud

273 1329 488 1372 Psalmi:l
513 1330 778 1383 “Quoniam
817 1343 949 1382 quem
987 1335 1033 1370 tu
1068 1330 1332 1382 percussisti,
1370 1331 1585 1383 persecuti
1618 1336 1747 1371 sunt:

275 1411 320 1446 et
351 1419 483 1459 super
514 1405 714 1445 dolorem
746 1404 976 1444 vulnerum
1011 1417 1210 1444 meorum
1243 1404 1547 1445 addiderunt.‘'

362 1479 569 1521 Secunda
602 1479 724 1528 ratio,
749 1479 851 1531 quia
885 1478 1063 1518 morbus
1099 1479 1273 1518 miseria
1307 1479 1512 1530 quaedam
1546 1485 1623 1529 est,
1647 1493 1745 1532 quae

272 1555 471 1595 omnium
515 1554 696 1594 minime
739 1553 955 1593 sublevari
1003 1558 1160 1606 potest.
1245 1553 1363 1593 Nam
1411 1567 1552 1606 neque
1593 1554 1744 1602 fames,

273 1642 416 1682 neque
467 1629 572 1678 sitis,
626 1641 768 1680 neque
820 1627 1008 1677 nuditas,
1058 1641 1201 1679 neque
1248 1641 1403 1676 carcer,
1448 1642 1590 1681 neque
1641 1629 1743 1669 tecti

273 1709 407 1756 atque
449 1702 734 1742 habitationis
778 1702 936 1754 inopia,
981 1707 1242 1753 caeteraeque
1289 1701 1332 1740 id
1379 1715 1518 1754 genus
1560 1702 1745 1742 miseriae

275 1778 336 1818 ita
392 1778 584 1817 reddunt
648 1777 874 1816 hominem
940 1777 1138 1828 ineptum
1202 1775 1258 1815 ad
1325 1789 1449 1815 suam
1514 1776 1746 1817 levandam

276 1852 510 1901 miseriam,
555 1857 603 1891 ut
655 1851 898 1904 aegrotatio,
942 1864 1041 1902 quae
1082 1851 1194 1890 vires
1243 1850 1436 1903 corporis
1482 1850 1638 1891 adimit
1678 1850 1747 1891 vel

276 1927 484 1980 infringit.
553 1926 635 1967 Cui
688 1926 868 1978 quidem
911 1924 1187 1977 aegrotationi
1239 1938 1357 1977 saepe
1409 1938 1488 1964 nec
1539 1925 1746 1974 medicus,

277 2015 358 2042 nec
400 2001 622 2041 medicina
664 2000 747 2040 fert
794 2013 937 2053 opem,
977 1999 1058 2039 nisi
1106 2012 1202 2039 eam
1246 1998 1355 2038 ferat
1407 1999 1555 2038 Deus:
1591 1997 1748 2051 “Quia

277 2077 371 2129 ipse
413 2075 614 2115 vulnerat
656 2081 699 2114 et
742 2075 952 2122 medetur,
991 2073 1180 2126 percutit
1217 2079 1260 2113 et
1297 2086 1453 2113 manus
1491 2073 1585 2125 ejus
1622 2086 1747 2112 sana-

275 2150 423 2199 bunt‚”
461 2156 508 2190 ut
547 2149 706 2189 dicitur
743 2148 830 2201 Job
864 2160 900 2201 9.
966 2149 1025 2188 Et
1062 2148 1104 2187 in
1142 2148 1310 2188 caeteris
1348 2146 1525 2199 quidem
1564 2147 1747 2186 miseriis

276 2223 411 2264 homo
433 2224 600 2263 homini
623 2223 828 2276 opitulari
861 2228 1033 2275 potest:
1066 2227 1213 2275 potest
1239 2222 1367 2269 enim,
1392 2221 1426 2261 si
1458 2234 1564 2273 opes
1586 2220 1746 2269 adsint,

276 2311 456 2351 pascere
508 2298 784 2345 esurientem,
837 2303 991 2349 potare
1046 2296 1279 2343 sitientem,
1333 2296 1501 2348 operire
1550 2295 1746 2335 vestibus

277 2372 458 2420 nudum,
502 2377 545 2411 et
597 2371 691 2411 aliis
734 2370 985 2422 hujusmodi
1038 2370 1166 2410 rebus
1218 2370 1328 2410 alter
1371 2370 1494 2410 alteri
1537 2369 1745 2422 prodesse

274 2451 449 2498 potest:
482 2445 586 2498 quia
617 2445 711 2485 haec
747 2446 927 2485 demum
963 2459 1020 2484 ex
1056 2444 1160 2497 ejus,
1184 2445 1257 2496 qui
1293 2444 1482 2496 adjuvet,
1505 2444 1744 2493 voluntate,

276 2519 475 2573 pendent
498 2519 655 2560 omnia.
720 2519 785 2559 At
808 2520 985 2572 :egrotis
1008 2519 1152 2559 nullus
1180 2519 1313 2559 ullam
1348 2533 1466 2572 saepe
1499 2518 1580 2559 fert
1612 2532 1743 2572 opem

277 2600 354 2634 aut
378 2594 609 2634 levationis
627 2594 802 2646 aliquid,
828 2594 998 2634 etiamsi
1017 2600 1199 2634 conetur
1217 2599 1260 2633 et
1276 2593 1389 2634 velit.
1456 2593 1563 2633 Ideo
1587 2594 1743 2643 David,

277 2682 376 2708 curn
420 2669 475 2708 ad
524 2668 864 2708 misericordiam
914 2681 1152 2721 provocare
1198 2668 1290 2708 vult
1338 2668 1497 2716 Deum,
1541 2668 1742 2707 morbum

276 2743 410 2782 animi
433 2743 498 2782 sui
522 2748 736 2795 tanquam
759 2756 979 2782 summam
1011 2743 1205 2794 aliquam
1239 2742 1459 2782 miseriam
1482 2743 1525 2781 in
1549 2742 1743 2781 medium

274 2816 512 2858 adducit:2
565 2815 844 2866 “Miserere,’'
895 2817 1048 2869 inquit,
1099 2817 1224 2856 “mei
1280 2816 1483 2864 Domine,
1535 2816 1742 2868 quoniam

787 2905 799 2924 1
824 2907 876 2938 Ps.
897 2906 949 2938 68.
1087 2905 1100 2924 ²
1124 2907 1175 2937 Ps.
1197 2906 1226 2937 6.
