1903 3197
590 169 658 215 In
692 168 909 231 Regulas
942 167 1207 215 Modestz‘oe.
1544 179 1635 228 715

171 316 318 344 coram
342 309 385 344 te
406 303 562 345 litteris
584 304 756 345 erudito
774 304 884 344 muti
903 317 1076 357 semper
1093 317 1187 344 esse
1204 308 1436 356 cogantur:
1458 303 1639 357 perinde

171 378 288 418 enim
324 385 390 419 est
423 379 479 419 de
514 379 642 420 rebus
678 379 804 419 alteri
842 379 1077 432 incognitis
1108 379 1344 432 disputare,
1376 392 1428 418 ac
1459 377 1641 419 diversis

171 452 292 506 loqui
316 454 476 508 linguis
494 468 583 495 non
606 454 812 495 omnibus
834 454 969 504 notis;
992 454 1053 494 ita
1070 460 1172 494 sunt
1194 454 1497 507 imperitorum
1514 467 1642 494 aures

171 527 301 568 rebus
342 528 653 579 subtilioribus,
694 535 743 569 ut
794 518 954 582 iinguis
1005 529 1244 582 peregrinis
1295 534 1429 581 atque
1479 528 1645 569 exteris

170 603 324 643 surdae.
390 603 538 656 Quare
572 603 832 657 Gregorius:
866 604 988 644 “Pro
1019 603 1267 657 qualitate,''
1301 603 1454 656 inquit,
1485 603 1644 644 “audi-

170 677 338 718 entium
370 678 548 719 formari
577 679 711 719 debet
739 692 883 719 sermo
909 678 1169 728 doctorum;
1202 684 1250 718 ut
1279 684 1323 718 et
1351 692 1430 718 sua
1458 678 1642 732 singulis

170 759 427 805 congruant,
461 759 506 794 et
538 759 689 794 tamen
727 768 753 794 a
786 754 1033 794 communis
1064 753 1370 794 :edificationis
1405 758 1498 793 arte
1531 767 1642 794 nun-

168 840 303 879 quam
327 828 551 869 recedat:’'
579 839 602 880 3
626 842 714 881 par.
733 835 843 881 past.
863 829 906 868 in
929 843 1019 881 pro.
1053 827 1187 881 Quod
1210 834 1358 868 autem
1376 828 1563 868 dicimus
1584 829 1641 870 de

167 902 561 943 accommodandis
602 903 659 943 ad
701 909 882 956 captum
924 903 1137 957 cujusque
1177 903 1466 953 sermonibus,
1501 903 1641 958 accipi

170 976 305 1017 etiam
328 977 460 1018 debet
482 978 538 1018 de
570 978 725 1018 iisdem
759 978 1150 1019 accommodandis
1181 979 1236 1018 ad
1269 979 1639 1032 praeparationem

170 1051 429 1102 animorum,
455 1059 497 1093 et
520 1053 818 1093 conditionem
852 1067 1149 1106 personarum.
1212 1054 1332 1094 Dicit
1362 1067 1465 1094 nam
1495 1053 1640 1108 Scrip-

168 1132 279 1176 tura,
305 1127 425 1168 Prov.
451 1139 502 1179 23
524 1145 532 1168 :
565 1133 586 1148 “
603 1129 655 1168 In
679 1129 856 1169 auribus
885 1129 1185 1182 insipientium
1208 1143 1263 1168 ne
1284 1129 1504 1182 loquaris;
1535 1131 1642 1183 quia

170 1201 416 1255 despicient
439 1203 684 1244 doctrinam
709 1203 870 1256 eloquii
893 1203 992 1243 tui.’'
1057 1204 1116 1244 Et
1144 1204 1264 1244 Prov.
1295 1204 1343 1244 18
1362 1218 1370 1244 :
1403 1207 1425 1223 “
1443 1204 1503 1244 Et
1524 1205 1640 1245 auris

170 1277 436 1329 sapientium
459 1279 616 1331 quaerit
637 1277 920 1319 doctrinam.’'
970 1279 1029 1319 Et
1052 1279 1183 1320 Eccli.
1214 1280 1262 1319 18
1283 1296 1289 1319 :
1322 1279 1464 1319 “Non
1488 1279 1641 1333 recipit

171 1351 332 1391 stultus
354 1352 486 1392 verba
515 1353 798 1406 prudentiae.''
862 1353 1063 1394 Christus
1093 1359 1252 1402 autem,
1284 1354 1386 1407 quia
1415 1367 1504 1394 non
1533 1355 1641 1395 satis

171 1432 444 1478 praeparatos
466 1427 661 1468 habebat
682 1428 995 1481 discipulorum
1023 1429 1193 1468 animos
1216 1429 1272 1468 ad
1295 1443 1347 1469 ea
1369 1430 1519 1469 omnia
1540 1443 1640 1483 quae

169 1507 321 1551 posset
339 1501 626 1554 dicere‚Joan.
651 1502 709 1541 16.
746 1502 975 1551 “Adhuc‚'’
994 1503 1146 1555 inquit,
1168 1503 1335 1542 “multa
1357 1502 1500 1543 habeo
1517 1503 1642 1544 vobis

169 1573 340 1626 dicere;
373 1576 450 1615 sed
484 1589 572 1616 non
603 1577 790 1629 potestis
822 1583 996 1630 portare
1018 1577 1214 1617 modo:”
1247 1583 1479 1630 propterea
1501 1577 1642 1619 multa

168 1649 331 1698 reticet,
355 1655 399 1690 et
419 1650 463 1690 in
485 1657 661 1704 tempus
683 1652 800 1692 aliud
825 1652 966 1705 magis
989 1658 1286 1705 opportunum
1310 1658 1510 1693 reservat.

259 1723 412 1777 Atque
447 1725 542 1766 haec
580 1726 635 1766 de
673 1727 906 1775 Modestia,
945 1733 988 1767 et
1026 1727 1195 1767 ratione
1236 1727 1456 1780 loquendi,
1496 1728 1640 1781 deque

172 1803 267 1838 tota
289 1799 588 1852 disputatione
610 1815 760 1842 earum
791 1801 950 1855 legum,
975 1801 1134 1854 quibus
1161 1802 1396 1843 Modestiae
1418 1809 1641 1857 praecepta

169 1874 458 1916 continentur.

836 2061 980 2094 FINIS.
