1903 3197
247 157 344 203 280
561 153 641 200 De
674 152 864 199 ratione
897 151 1089 198 vivendi
1123 151 1385 198 Socz'etatz‘s.

244 293 417 329 nostras
450 286 587 327 sensit
620 285 811 326 offensas
856 290 900 325 et
933 283 1125 337 injurias,
1161 284 1223 324 sic
1261 283 1394 324 etiam
1431 297 1511 325 nos
1543 288 1659 323 recte
1691 297 1717 324 a

243 361 453 411 Domino,
496 373 628 412 quem
680 358 750 399 vel
801 358 940 412 ignari
982 357 1233 410 frequenter
1274 357 1549 406 offendimus,
1593 356 1717 410 flagi-

243 442 390 477 tamus
432 440 481 475 ut
522 433 788 474 offensarum
831 432 1129 486 cognitionem
1178 431 1304 472 nobis
1347 432 1511 480 afferat,
1555 436 1603 471 ut
1644 445 1718 472 eas

243 516 289 552 et
322 509 469 550 delere
503 522 619 549 nunc
652 507 828 548 fletibus
863 512 907 546 et
941 507 984 546 in
1018 512 1245 559 posterum
1281 519 1434 546 cavere
1470 505 1716 558 possimus;

244 589 379 637 atque
421 583 484 624 ita
526 596 614 623 non
651 588 743 622 tam
786 594 1032 629 commune,
1072 593 1205 633 quam
1248 579 1473 632 proprium
1514 578 1598 619 hoc
1635 579 1718 619 erit

243 658 301 699 ad
353 656 663 710 cognoscenda
713 661 896 708 peccata
946 654 1213 708 praesidium.
1307 652 1577 706 Quanquam
1629 665 1718 693 non

245 731 389 773 solum
427 731 531 784 quia
566 731 660 783 ipse
695 735 761 770 est
793 730 997 778 offensus,
1031 728 1174 769 lucem
1212 727 1338 768 nobis
1377 727 1500 767 Deus
1537 727 1593 767 ad
1632 726 1722 767 dis—

244 805 471 860 piciendas
507 805 698 846 offensas
735 804 873 853 affert,
897 805 973 844 sed
1011 804 1156 856 gratia
1192 803 1271 843 lux
1309 802 1405 855 ipsa
1441 815 1540 842 cum
1578 802 1646 852 sit,
1676 807 1721 842 et

245 879 382 920 nostri
412 878 593 919 effector
614 877 856 930 opifexque
890 877 1101 929 figmenti,
1130 876 1286 916 intima
1319 880 1469 916 nostra
1497 875 1717 929 perspicit,

247 957 291 993 et
323 951 457 993 corda
488 956 709 991 scrutatur
740 964 791 990 ac
824 963 959 990 renes.

335 1025 512 1066 Deinde
554 1022 801 1077 respondeo
844 1023 1065 1076 sapienter
1107 1035 1133 1064 a
1183 1023 1311 1064 Patre
1352 1028 1503 1064 nostro
1554 1024 1721 1064 factum

246 1112 352 1150 esse,
396 1104 444 1138 ut
485 1097 542 1138 ad
584 1097 883 1150 cognitionem
927 1103 1211 1150 peccatorum
1255 1097 1587 1150 adipiscendam
1630 1111 1720 1138 non

248 1172 411 1214 multas
443 1171 570 1212 nobis
602 1170 856 1211 ostenderet
887 1171 991 1222 vias,
1022 1172 1099 1212 sed
1133 1184 1266 1211 unam
1299 1170 1539 1212 dumtaxat
1570 1171 1723 1224 praeci-

247 1257 384 1300 puam
421 1259 473 1286 ac
513 1245 748 1299 propriam,
792 1258 891 1298 quae
934 1250 1001 1285 est
1043 1259 1095 1285 ea
1137 1258 1271 1298 quam
1315 1244 1522 1286 diximus.
1589 1244 1717 1298 Quia,

249 1333 351 1360 cum
381 1319 661 1360 excutiendae
692 1319 972 1359 conscientiae
1003 1318 1191 1359 formam
1214 1319 1418 1369 traderet,
1442 1332 1618 1360 necesse
1640 1319 1723 1361 fuit

248 1393 482 1448 perpaucis
514 1407 614 1434 eam
645 1392 1030 1446 comprehendere,
1056 1398 1100 1433 et
1130 1392 1224 1445 ejus
1253 1393 1457 1433 brevitati
1487 1392 1725 1444 consulere,

250 1467 403 1521 quales
446 1467 590 1508 solent
632 1481 727 1508 esse
768 1468 857 1508 fere
899 1467 1117 1519 ejusmodi
1152 1466 1350 1507 formulae
1372 1479 1381 1516 ;
1414 1466 1581 1520 reliqua
1620 1481 1723 1508 vero

253 1553 352 1594 quae
387 1541 491 1581 addi
525 1546 720 1594 possent,
748 1555 799 1581 ea
831 1540 1046 1594 cujusque
1081 1541 1259 1581 arbitrio
1292 1540 1596 1596 voluntatique
1629 1555 1727 1595 per--

254 1615 440 1657 mittere.
509 1615 607 1655 Nec
640 1615 757 1655 enim
791 1620 914 1656 vetat
947 1630 1027 1656 nos
1061 1616 1168 1657 alias
1202 1616 1258 1657 ad
1294 1630 1392 1657 eam
1426 1616 1725 1669 cognitionem

253 1688 380 1729 nobis
423 1689 770 1741 comparandam
811 1689 905 1730 vias
948 1689 1170 1743 indagare,
1209 1704 1308 1743 quae
1350 1690 1530 1743 quidem
1573 1688 1725 1729 multae

254 1767 390 1816 atque
425 1763 649 1816 expeditae
683 1763 836 1804 deesse
865 1776 953 1804 non
983 1771 1179 1817 possunt,
1204 1771 1247 1804 et
1279 1764 1459 1817 quidem
1492 1777 1550 1803 ex
1584 1762 1729 1803 Sacris

256 1836 417 1878 Literis
453 1842 541 1878 tres
575 1838 767 1891 optimas
802 1837 1007 1890 colligere
1039 1852 1285 1891 possumus.

345 1911 492 1952 Prima
530 1917 597 1952 est
633 1925 680 1952 se
712 1912 857 1965 ipsum
892 1913 932 1952 in
974 1917 1214 1965 conspectu
1252 1912 1338 1952 Dei
1372 1918 1516 1953 totum
1550 1913 1730 1953 scrutari

255 1992 389 2039 atque
436 1985 666 2035 discutere,
711 1991 759 2026 ut
810 1986 1001 2026 faciebat
1051 1986 1150 2038 Job,
1194 1999 1294 2026 cum
1344 1986 1546 2027 dicebat:
1595 1986 1731 2027 “Vias

254 2074 376 2101 meas
404 2060 447 2100 in
475 2065 714 2113 conspectu
749 2059 843 2112 ejus
876 2059 1121 2112 arguam.''1
1163 2059 1271 2100 Vias
1298 2066 1448 2100 autem
1486 2066 1657 2101 nostras
1686 2061 1731 2100 in

255 2140 494 2187 conspectu
538 2134 623 2173 Dei
664 2133 902 2186 arguimus,
942 2147 1042 2173 cum
1075 2137 1292 2186 “peccata
1324 2140 1473 2173 nostra
1513 2133 1732 2175 subtiliter

255 2209 582 2261 perpendentes
621 2207 665 2246 in
705 2206 798 2258 ejus
842 2220 922 2246 nos
964 2212 1202 2259 conspectu
1240 2207 1458 2260 punimus,
1498 2213 1542 2248 et
1582 2207 1732 2248 flendo

256 2279 586 2333 dijudicamus,”
621 2285 670 2319 ut
708 2278 946 2331 Gregorius
983 2278 1074 2319 ait.2
1120 2280 1233 2319 Haec
1266 2286 1332 2320 est
1368 2281 1537 2333 optima
1572 2281 1644 2321 via
1674 2281 1732 2321 ad

257 2354 557 2406 cognitionem
615 2359 901 2406 peccatorum
963 2353 1332 2404 consequendam,
1376 2355 1479 2406 quia
1529 2354 1636 2394 dum
1688 2355 1733 2394 in

256 2432 494 2480 conspectu
529 2427 616 2467 Dei
651 2440 730 2467 nos
764 2426 846 2479 ipsi
878 2427 1149 2474 discutimus,
1174 2426 1281 2466 nihil
1313 2427 1394 2467 sibi
1427 2433 1577 2468 nostra
1607 2427 1732 2468 blan·

256 2501 377 2542 ditur
418 2501 660 2551 infirmitas,
705 2507 840 2553 atque
882 2501 924 2540 in
967 2500 1046 2552 his,
1090 2514 1189 2553 quae
1242 2501 1403 2551 recolit,
1445 2502 1729 2555 semetipsam

255 2574 445 2616 delicate
488 2588 576 2615 non
626 2575 792 2628 palpat,
837 2575 957 2628 quod
1001 2574 1143 2615 facere
1185 2589 1265 2616 nos
1311 2575 1439 2628 jubet
1481 2575 1728 2629 Gregorius.

256 2648 358 2688 Deo
408 2648 495 2700 Job
557 2648 676 2689 idem
739 2650 795 2689 de
856 2663 903 2689 se
960 2649 1053 2703 ipse
1110 2649 1241 2690 dicit:
1320 2650 1522 2691 “Ponam
1580 2663 1727 2691 coram

256 2737 310 2765 eo
339 2723 566 2776 judicium,
597 2730 641 2764 et
674 2737 722 2764 os
756 2738 904 2765 meum
939 2725 1119 2778 replebo
1148 2722 1578 2778 increpationibus.''3
1638 2724 1730 2765 Ubi

258 2797 529 2852 Gregorius:
567 2798 765 2840 “Coram
808 2799 943 2849 Deo,’'
977 2800 1132 2852 inquit,
1167 2799 1418 2852 “judicium
1460 2811 1622 2851 ponere
1664 2804 1731 2838 est

489 2886 501 2907 1
522 2889 589 2930 Job
618 2896 665 2929 13.
803 2886 816 2906 2
837 2872 960 2920 'Mm-al.
976 2889 996 2920 1.
1019 2897 1067 2920 11.
1085 2899 1111 2920 e.
1131 2888 1181 2929 36.
1319 2887 1332 2907 ³
1353 2888 1420 2929 Job
1443 2896 1494 2928 23.
