1903 3197
281 211 375 254 628
608 208 688 253 De
719 208 910 254 ratione
943 207 1136 253 vivendi
1170 207 1430 254 Socz'etaliS.

279 342 401 382 vultu
453 347 648 382 testatur.
735 342 836 383 Hoc
887 342 1083 395 quotidie
1134 342 1177 382 in
1229 343 1279 382 iis
1329 343 1402 395 qui
1453 356 1479 382 a
1520 343 1748 383 vocatione

282 417 507 465 excidunt,
541 417 804 470 experimur.

371 490 487 531 Sane
525 492 569 531 B.
607 491 844 544 Gregorius
880 492 1183 532 Nazianzenus
1221 492 1275 532 de
1312 491 1487 543 Juliano
1524 491 1748 544 Apostata

282 567 415 606 etiam
438 572 533 606 tum
557 565 835 607 adolescente
864 568 1073 620 praedixit
1102 567 1145 607 id
1176 566 1293 620 quod
1325 567 1367 606 in
1391 580 1442 606 eo
1465 572 1747 606 consecutum

283 646 376 680 est:
414 641 663 692 conjectura
697 641 855 682 ductus
888 656 944 682 ex
980 643 1244 695 perturbatis
1274 642 1359 681 oris
1393 640 1680 688 lineamentis,
1706 646 1750 680 et

282 716 367 755 risu
411 715 638 768 petulanti,
682 722 726 756 et
767 717 903 756 ferino
955 723 1146 769 aspectu,
1190 723 1233 757 et
1274 722 1369 756 toto
1413 729 1593 768 corpore
1634 729 1748 768 vago

282 795 536 842 temereque
567 790 866 831 subsultante:
910 798 957 830 ut
979 791 1022 830 in
1053 791 1247 843 Gregorii
1271 792 1361 830 vita
1382 790 1551 842 legitur.

373 864 576 905 Secunda
610 878 751 904 causa.
818 865 890 904 Ad
925 866 1179 904 societatem
1215 871 1258 904 et
1290 878 1584 918 congressum,
1616 870 1659 903 et
1693 864 1749 903 ad

282 939 544 992 p1·aebendos
586 938 837 979 hominibus
880 938 1108 979 facillimos
1151 939 1296 979 aditus
1338 938 1491 979 frontis
1538 939 1748 978 serenitas

280 1014 529 1065 imperatur.
606 1012 728 1052 Nihil
770 1015 887 1053 enim
930 1014 991 1053 sic
1033 1012 1168 1053 allicit
1209 1013 1421 1061 homines,
1461 1018 1509 1052 ut
1551 1011 1749 1065 ejusdem

281 1087 493 1126 serenitas
535 1085 698 1135 frontis,
735 1087 841 1127 nihil
883 1088 944 1128 ita
985 1088 1175 1128 deterret
1218 1094 1265 1127 ut
1308 1087 1461 1127 frontis
1498 1088 1750 1127 contractio.

284 1161 449 1200 Nostra
496 1166 644 1200 autem
693 1162 782 1202 vita
824 1176 923 1202 cum
973 1163 1029 1202 sit
1071 1162 1269 1215 gregalis,
1308 1175 1616 1214 versemurque
1658 1167 1754 1201 tum

285 1249 403 1288 saepe
432 1249 512 1275 nos
542 1236 655 1275 inter
684 1250 774 1285 nos,
799 1242 893 1277 tum
928 1238 1040 1277 inter
1072 1244 1290 1285 externos,
1316 1250 1491 1276 necesse
1523 1242 1589 1275 est
1621 1242 1664 1276 et
1697 1236 1753 1276 ad

286 1310 525 1350 tenendam
560 1310 672 1350 inter
713 1325 793 1351 nos
831 1311 1000 1352 facilius
1035 1312 1291 1352 societatem
1330 1312 1580 1361 fraternam,
1618 1317 1662 1351 et
1698 1312 1754 1351 ad

286 1385 525 1439 capiendos
586 1385 928 1440 alliciendosque
984 1388 1195 1436 homines,
1249 1387 1509 1440 quibuscum
1571 1387 1754 1439 agimus,

287 1475 466 1501 omnem
501 1462 757 1502 comitatem
789 1463 1143 1516 hilaritatemque
1176 1463 1297 1504 vultu
1330 1463 1624 1516 praeferamus.
1685 1462 1757 1502 Ac

289 1536 397 1576 mihi
450 1536 629 1588 quidem
687 1537 841 1578 frontis
898 1538 1137 1591 explicatio
1194 1544 1327 1590 atque
1382 1538 1603 1585 serenitas,
1657 1537 1755 1577 coeli

289 1611 524 1659 serenitati,
558 1613 800 1652 contractio
834 1613 1089 1665 tempestati
1120 1612 1318 1652 obscurae
1355 1612 1587 1665 persimilis
1620 1612 1756 1652 videri

289 1685 412 1725 solet.
489 1685 553 1726 Ut
595 1687 710 1725 enim
754 1688 930 1740 egregia
976 1693 1217 1739 tempestas
1264 1700 1554 1739 serenumque
1596 1687 1756 1726 coelum

291 1759 625 1812 quodammodo
667 1760 887 1800 exhilarat
929 1761 1187 1810 universos3
1239 1766 1334 1800 atra
1374 1774 1477 1800 vero
1517 1766 1760 1813 tempestas

290 1834 622 1887 obductumque
660 1835 848 1875 nubibus
886 1834 1046 1875 coelum
1082 1836 1206 1888 quasi
1245 1835 1438 1887 quadam
1471 1834 1647 1874 tristitia
1684 1848 1759 1875 eos

293 1908 452 1948 afficit:
503 1909 564 1948 sic
605 1908 691 1948 oris
733 1909 942 1949 serenitas
983 1909 1090 1949 mire
1131 1909 1250 1962 capit
1300 1908 1530 1948 hominum
1579 1909 1763 1957 animos,

293 1983 471 2023 tristitia
504 1989 638 2036 atque
675 1984 917 2024 contractio
959 1984 1160 2024 deterret.
1240 1983 1408 2024 Omnes
1445 1983 1559 2023 enim
1593 1997 1619 2023 a
1649 1983 1763 2023 tristi

294 2072 344 2098 ac
381 2058 629 2098 truculento
664 2058 789 2099 vultu
824 2058 1070 2111 refugiunt:
1117 2064 1269 2098 contra
1301 2057 1484 2098 hilarem
1522 2063 1764 2110 sequuntur

294 2146 474 2173 omnes:
522 2138 565 2172 et
603 2138 650 2173 ut
687 2134 748 2173 ait
786 2144 820 2172 2.
859 2132 946 2173 Cic.
983 2132 1038 2173 de
1072 2138 1157 2185 pet.
1195 2132 1357 2173 consul.
1422 2133 1585 2172 Fronte
1622 2132 1763 2185 magis

296 2221 430 2260 quam
463 2207 677 2248 beneficio
714 2207 916 2248 homines
952 2208 1194 2261 capiuntur.
1257 2207 1477 2247 Nimirum
1511 2207 1613 2259 quia
1646 2207 1764 2246 frons

297 2282 462 2322 indicat
496 2282 783 2332 voluntatem,
811 2296 910 2335 quae
944 2283 979 2322 si
1013 2282 1166 2322 abdita
1200 2296 1250 2322 ac
1284 2287 1451 2322 retrusa
1483 2280 1761 2333 significetur,

297 2357 420 2411 parvi
453 2357 581 2398 refert
612 2357 837 2397 liberalem
870 2371 972 2398 esse.

389 2432 536 2485 Quare
570 2433 889 2480 Bonaventura,
924 2433 966 2472 in
1001 2432 1176 2472 Morum
1216 2431 1472 2484 Disciplina,
1502 2436 1606 2471 tom.
1641 2442 1677 2470 2.
1710 2429 1766 2471 de

302 2509 469 2548 Proces.
515 2507 610 2548 Rel.
648 2522 681 2548 c.
726 2518 761 2548 2.
805 2507 1124 2559 benignitatem
1181 2507 1332 2559 exigit,
1378 2506 1524 2546 vultus
1573 2505 1766 2546 scilicet:

302 2597 402 2636 quse
451 2581 702 2634 religiosum
755 2581 859 2622 facit
901 2580 1075 2634 (inquit)
1118 2580 1352 2630 affabilem,
1394 2579 1682 2630 tractabilem,
1724 2581 1769 2619 in

303 2658 422 2698 bono
463 2656 657 2706 hilarem,
702 2663 745 2697 et
786 2657 985 2697 modeste
1019 2656 1275 2709 jucundum,
1319 2655 1539 2705 socialem,
1581 2661 1767 2707 gratum,

305 2732 510 2773 omnibus
542 2732 794 2785 gratiosum.

394 2807 455 2847 Et
476 2807 531 2847 de
555 2807 685 2847 Infor.
706 2807 816 2847 Nov.
835 2820 868 2847 c.
889 2817 952 2847 21.
972 2821 980 2847 :
1014 2809 1035 2826 “
1051 2805 1227 2856 Stude,’'
1250 2806 1403 2859 inquit,
1430 2804 1653 2845 “multum
1677 2816 1771 2844 esse

306 2896 494 2931 serenus,
520 2896 606 2922 non
629 2881 917 2931 turbulentus,
942 2896 1019 2922 nec
1043 2879 1433 2934 indignabundus.'’

396 2957 456 2998 Et
489 2957 747 3008 Bernardus,
772 2957 815 2997 in
838 2956 1045 2998 Formula
1066 2956 1263 2997 honestae
1289 2956 1416 2997 vitae:
1456 2951 1770 3001 “Tristitian1,⁷’
