1903 3197
496 164 564 209 In
598 163 814 225 ngulas
849 161 1108 208 Modestz'ae.
1443 171 1536 219 595

75 297 275 348 humiles,
293 312 379 338 non
397 297 628 337 reddentes
645 295 808 335 malum
831 309 909 348 pro
928 293 1079 335 malo.''
1114 293 1175 333 Et
1192 306 1323 346 supra
1343 291 1538 332 dixerat:

71 374 100 392 ‘¹‘
121 372 271 412 Homo
312 372 354 411 in
396 369 804 422 incorruptibilitate
837 369 973 421 quieti
1016 373 1060 408 et
1101 366 1289 406 modesti
1323 364 1538 418 spiritus.’'

77 444 195 499 Quia
216 446 437 486 humilitas
459 443 564 484 nihil
586 449 652 483 est
673 443 790 482 aliud
814 456 946 495 quam
970 441 1215 481 moderatio
1239 440 1426 493 spiritus.

168 519 407 560 Humilitas
439 519 569 571 igitur
589 530 688 569 quae
717 516 1016 568 religiosorum
1045 515 1221 568 propria
1245 520 1322 563 est,
1347 514 1390 553 in
1415 520 1540 554 exte—

74 594 261 634 rioribus
295 605 468 646 quoque
505 604 654 631 eorum
690 591 880 630 motibus
912 589 1080 629 elucere
1112 588 1273 637 debet;
1306 594 1541 640 propterea

79 668 397 714 Bonaventura,
442 665 566 719 Spec.
608 665 710 705 disc.
753 679 792 717 p.
831 675 864 715 3.
908 677 940 704 c.
992 674 1041 703 2:
1096 661 1329 711 “Gestus,”
1383 662 1537 713 inquit,

74 741 302 794 “religiosi
344 741 475 780 debet
516 753 609 780 esse
649 738 860 780 humilis.''
923 737 1060 790 Cujus
1092 736 1225 777 etiam
1264 736 1323 775 rei
1357 748 1536 775 causam

76 830 187 856 mox
208 815 352 855 affert:
382 813 526 866 “Quia
548 815 685 867 turpis
708 814 750 853 in
771 812 1031 853 humilitatis
1054 810 1298 864 professore
1320 809 1536 862 superbia,

75 889 198 930 *foeda
228 903 403 942 prorsus
429 890 472 928 in
493 888 646 928 humili
668 888 819 928 habitu
846 886 1121 940 gesticulatio
1144 882 1378 925 fastuosa.’'
1440 882 1539 923 Ad-

78 964 196 1004 ditur
226 963 358 1003 etiam
390 964 445 1003 ad
478 963 740 1003 modestiam
772 961 1004 1009 humilitas,
1028 960 1129 1013 quia
1152 972 1238 999 non
1262 958 1394 997 debet
1416 970 1536 997 com-

79 1037 239 1092 positio
286 1037 472 1090 religiosi
514 1036 772 1076 secularium
824 1035 1115 1088 quorumdam
1168 1031 1535 1085 compositionem

77 1112 250 1161 imitari,
274 1113 348 1164 qui
381 1112 486 1151 dum
518 1111 780 1151 exteriorem
812 1115 1083 1162 componunt
1116 1108 1352 1155 hominem,
1385 1119 1533 1158 super-

78 1187 197 1227 biam
231 1186 455 1233 adornant,
479 1192 522 1225 et
552 1185 701 1237 gloriae
724 1185 923 1224 serviunt.
991 1183 1107 1223 Huic
1139 1181 1377 1221 humilitati
1411 1180 1534 1231 adju-

79 1266 230 1300 mento
272 1260 396 1299 nobis
438 1261 517 1299 erit
565 1272 805 1312 pauperum
843 1264 886 1297 et
927 1257 1225 1297 mendicorum
1264 1254 1534 1307 exemplum,

77 1335 122 1374 in
145 1334 301 1386 quibus
331 1333 449 1372 nulla
481 1334 694 1385 superbia,
719 1332 860 1372 nullus
886 1331 1023 1371 fastus
1055 1331 1312 1383 plerumque
1334 1329 1535 1369 cernitur.

78 1408 387 1448 Bonaventura
409 1407 463 1447 de
487 1407 565 1447 Inf.
590 1421 683 1447 nov.
709 1421 739 1446 c.
766 1408 801 1447 8.
882 1405 1164 1453 “Videmus,'‘
1188 1405 1341 1456 inquit,
1365 1406 1536 1455 “quam

78 1481 264 1522 humiles
286 1487 434 1534 gestus
456 1495 668 1534 pauperes
690 1481 864 1529 habent,
886 1493 1018 1532 quam
1049 1478 1238 1530 simplex
1262 1490 1533 1530 responsum,

72 1569 211 1610 quam
243 1557 451 1608 pavidum
483 1554 715 1595 animum.’'
779 1554 897 1606 Ergo
920 1560 962 1593 et
987 1552 1146 1593 Christi
1179 1564 1392 1605 pauperes
1419 1551 1536 1590 idem

76 1630 240 1671 habere
262 1631 434 1670 debent.

168 1711 235 1755 3¹¹¹.
270 1703 490 1756 Quoniam
527 1704 621 1743 haec
657 1703 879 1743 humilitas
915 1707 1064 1755 posset
1100 1715 1193 1741 esse
1234 1701 1277 1740 in
1319 1699 1537 1752 aliquibus

76 1779 296 1827 affectata,
351 1792 537 1831 quaeque
592 1779 737 1831 potius
794 1777 1074 1817 ambitiosam
1127 1776 1350 1828 quandam
1403 1774 1537 1814 animi

79 1853 302 1893 levitatem
355 1853 576 1901 indicaret,
629 1865 761 1904 quam
813 1851 1132 1891 consideratam
1187 1849 1536 1897 submissionem,

80 1928 240 1967 idcirco
272 1926 426 1967 volunt
461 1926 620 1978 regulae
654 1926 765 1965 hanc
803 1926 942 1978 ipsam
981 1923 1272 1963 humilitatem
1306 1936 1406 1962 cum
1441 1921 1537 1961 reli-

77 2002 201 2055 giosa
232 2001 484 2041 maturitate
515 2000 732 2052 conjungi,
771 1999 934 2039 scilicet
965 2012 1019 2038 ne
1059 2003 1373 2045 contemnatur,
1407 2002 1452 2036 et
1492 1997 1537 2036 in

78 2075 246 2115 honore
274 2075 338 2115 sit.
404 2075 534 2114 Levis
566 2075 681 2114 enim
713 2073 937 2114 humilitas
968 2072 1239 2124 contemptui
1263 2078 1338 2111 est.
1401 2069 1535 2122 Quod

78 2150 222 2202 ipsum
257 2149 456 2202 praecipit
492 2150 808 2196 Bonaventura,
848 2161 899 2187 eo
941 2159 1071 2199 quem
1105 2145 1237 2199 paulo
1271 2132 1539 2197 ante'signi-

74 2223 203 2263 ficavi
226 2223 332 2263 loco.
401 2226 421 2243 “
437 2222 631 2271 Gestus‚‘’
655 2223 805 2275 inquit,
831 2225 851 2240 “
869 2221 1055 2274 religiosi
1078 2221 1210 2261 debet
1232 2233 1325 2260 esse
1347 2218 1535 2267 humilis,

78 2298 222 2351 gravis
244 2304 287 2338 et
309 2297 516 2338 severus.”
561 2297 619 2337 Et
642 2311 774 2337 mox:
815 2300 837 2316 “
852 2295 1089 2336 Gravitatis
1112 2295 1327 2334 modestia
1350 2293 1536 2333 multam

73 2372 206 2412 affert
247 2378 418 2412 servata
459 2371 652 2411 moribus
689 2371 978 2419 honestatem,
1011 2368 1210 2422 neglecta
1242 2367 1460 2408 maculam
1493 2372 1538 2406 et

73 2445 417 2499 ⁴contemptum.'’
500 2447 560 2486 Et
603 2446 807 2495 Isidorus,
850 2445 872 2485 l.
914 2455 948 2484 2.
988 2445 1043 2484 de
1080 2443 1351 2495 Soliloquio:
1395 2440 1536 2490 “Sit‚''

80 2519 232 2572 inquit,
257 2520 338 2559 “in
370 2526 495 2572 gestu
519 2527 595 2560 tuo
618 2520 819 2572 gravitaS,
843 2520 885 2558 in
908 2525 1029 2558 motu
1054 2516 1346 2570 simplicitas.’'
1410 2515 1536 2555 Idem

80 2593 388 2634 Bonaventura
414 2608 521 2634 mox
553 2594 624 2643 ait,
648 2596 669 2612 “
686 2594 987 2633 Maturitatem
1018 2605 1111 2632 esse
1136 2595 1535 2644 temperamentum

79 2667 351 2717 humilitatis,
369 2681 423 2707 ne
445 2668 572 2707 nimis
594 2668 775 2719 abjecta,
791 2668 858 2707 vel
880 2667 1086 2707 affectata
1108 2663 1367 2718 reputetur,'’
1384 2678 1423 2717 p.
1447 2674 1536 2704 102.

81 2741 255 2793 Regula
276 2748 423 2782 autem
447 2748 595 2782 nostra
617 2741 771 2782 maluit
799 2741 1098 2782 maturitatem
1121 2740 1380 2792 religiosam,
1403 2750 1538 2791 quarn

81 2816 340 2868 gravitatem
363 2822 438 2856 aut
460 2816 735 2856 severitatem
757 2815 989 2869 appellare,
1012 2820 1060 2854 ut
1081 2814 1291 2855 excludat
1312 2812 1537 2867 politicam

74 2890 352 2943 gravitatem,
374 2904 472 2944 quae
504 2891 649 2944 potius
682 2904 889 2933 nauseam
921 2889 1057 2939 affert,
1091 2902 1223 2943 quam
1256 2894 1304 2930 ut
1335 2886 1537 2930 aedificet.

253 2965 331 2997 MM
365 2968 388 2997 2
