1903 3197
306 201 322 232 1
336 187 395 244 38
623 186 702 231 De
734 186 925 232 ratione
958 186 1151 232 vivendi
1184 186 1446 233 Socielalzk.

298 319 534 359 remittitur
555 318 693 371 culpa.
740 319 870 359 Ferre
891 325 1039 359 autem
1062 325 1219 372 pacate
1244 319 1483 371 sedateque
1506 319 1760 372 impositam

300 406 493 445 poenam,
545 393 787 446 praesertim
829 393 1013 446 publice,
1058 394 1163 446 quid
1207 393 1326 434 aliud
1369 398 1446 441 est,
1491 393 1572 433 nisi
1615 393 1761 446 palam

300 472 343 505 et
378 480 523 506 coram
554 467 767 514 omnibus,
792 468 885 519 ejus
917 481 963 507 se
995 467 1135 520 culpae
1169 480 1290 506 reum
1313 480 1391 519 pro
1422 479 1509 518 qua
1542 466 1759 519 plectitur,

298 540 526 580 confiteri?
589 540 725 592 Cujus
748 541 925 593 quidem
950 541 1203 593 ignominiae
1227 541 1552 593 perpessionem
1576 540 1764 595 legimus

299 620 470 654 tantam
521 615 761 667 aliquando
813 615 901 654 vim
954 615 1171 663 habuisse,
1221 621 1267 654 ut
1319 615 1452 654 etiam
1505 615 1763 667 gravissima

299 693 491 740 peccata,
536 689 656 728 nullo
697 689 897 729 adhibito
939 695 1214 729 sacramento
1254 689 1412 742 (neque
1456 688 1571 728 enim
1615 688 1763 728 divina

297 763 434 802 viltus
468 769 681 816 perpetuo
714 763 893 815 alligata
932 768 997 803 est
1028 763 1341 814 sacramentis),
1376 763 1509 816 plane
1544 762 1762 802 deleverit.

299 837 461 877 Narrat
483 838 647 889 quippe
671 836 893 877 Climacus
921 836 1141 877 latronum
1172 837 1396 889 quendam
1422 836 1765 889 resipiscentem,

297 916 340 951 et
378 910 644 951 monachum
682 924 727 951 se
764 910 854 950 fieri
892 911 1155 963 cupientem,
1195 911 1251 951 ab
1288 911 1473 951 Abbate
1512 911 1681 962 jussum
1721 911 1764 950 in

296 990 513 1025 conventu
543 985 858 1024 monachorum
882 984 1079 1024 omnium
1103 998 1181 1024 sua
1210 990 1392 1036 peccata
1422 997 1623 1034 narra1·e;
1657 984 1764 1024 dum

298 1059 512 1112 imperata
535 1058 648 1106 facit,
673 1059 987 1098 commeruisse
1009 1063 1057 1097 ut
1080 1058 1117 1097 ei
1146 1058 1268 1097 Deus
1299 1059 1447 1098 omnia
1469 1059 1571 1098 vitae
1604 1058 1766 1098 scelera

296 1133 579 1180 condonaret,
612 1133 844 1184 visumque
886 1145 981 1172 esse
1017 1131 1244 1185 Angelum
1291 1132 1375 1172 Dei
1419 1132 1768 1184 unumquodque

296 1212 538 1258 peccatum,
575 1213 622 1246 ut
665 1206 736 1246 ille
778 1206 1013 1259 pandebat,
1051 1220 1108 1246 ex
1146 1207 1300 1246 ordine
1342 1206 1516 1246 calamo
1560 1207 1766 1247 inducere

296 1285 339 1320 et
372 1280 427 1320 de
449 1280 612 1320 tabella
641 1280 812 1328 delere;
846 1286 1017 1320 tantam
1050 1281 1137 1319 vim
1168 1279 1321 1320 habuit
1353 1280 1483 1332 hujus
1513 1280 1769 1332 ignominiae

294 1355 529 1406 perpessio.
570 1354 863 1406 Narravitque
885 1353 1043 1394 Abbas
1063 1353 1134 1393 ille
1154 1353 1351 1394 Climaco
1370 1353 1534 1393 idcirco
1553 1354 1595 1393 id
1620 1367 1767 1406 poenae

295 1440 436 1479 genus
481 1428 741 1480 imposuisse
778 1427 947 1476 latroni,
993 1434 1040 1467 ut
1077 1441 1154 1480 per
1189 1426 1435 1479 temporale
1478 1427 1669 1467 dedecus
1711 1427 1766 1466 ab

296 1505 462 1541 aeterna
494 1501 735 1553 ignominia
768 1501 876 1541 liber
908 1508 1034 1542 esset.

383 1574 517 1627 Quod
570 1581 716 1615 autem
771 1575 989 1627 ejusmodi
1041 1575 1293 1628 ignominiae
1347 1575 1584 1628 perpessio,
1636 1587 1766 1626 aequo

296 1648 446 1689 animo
475 1648 687 1697 toleratae,
719 1655 890 1690 tantam
920 1650 1008 1690 vim
1040 1650 1202 1690 habeat
1231 1649 1393 1689 docent
1422 1650 1555 1689 etiam
1587 1648 1768 1697 Sancti;

296 1728 340 1763 et
387 1722 567 1775 quidem
611 1737 728 1776 saepe
772 1724 806 1763 is
849 1737 979 1775 quem
1028 1723 1251 1763 nominavi
1297 1723 1519 1764 Climacus
1562 1723 1694 1764 Grad.
1726 1735 1765 1773 4.

297 1797 421 1837 “Per
462 1796 718 1845 salubrem,''
759 1798 912 1849 inquit,
957 1797 1313 1850 “objurgationis
1354 1797 1592 1850 potionem,
1632 1796 1767 1837 animi

296 1869 474 1911 lascivia
517 1876 560 1910 et
603 1871 777 1911 luxuria
820 1870 1070 1924 purgatur.''
1130 1871 1189 1911 Et
1227 1884 1358 1924 supra
1395 1870 1600 1911 dixerat:
1644 1869 1767 1923 “Qui

296 1944 640 1997 increpationem
674 1945 764 1985 sive
805 1958 905 1984 cum
939 1944 1098 1993 labore,
1137 1945 1228 1984 sive
1259 1945 1353 1984 sine
1385 1944 1535 1985 labore
1572 1944 1765 1997 suscipit,

295 2019 384 2059 cito
415 2032 594 2059 suorum
628 2019 888 2059 delictorum
921 2020 1050 2059 venia
1073 2025 1116 2059 et
1148 2019 1403 2059 remissione
1435 2017 1663 2071 potietur.''

383 2091 637 2133 Dorotheus
660 2092 804 2139 etiam,
831 2093 920 2134 Ser.
941 2103 1005 2141 21,
1024 2093 1182 2144 probat
1206 2092 1461 2144 ignominiae
1483 2092 1762 2132 tolerantiam

295 2166 440 2206 valere
480 2166 536 2206 ad
590 2166 891 2206 remissionem
939 2172 1220 2218 peccatorum
1265 2171 1307 2205 et
1354 2165 1503 2213 debiti,
1546 2172 1593 2206 ut
1645 2166 1764 2219 apud

294 2238 508 2289 homines,
546 2240 619 2291 qui
662 2240 807 2294 alteri-j
829 2240 974 2287 debet,
1014 2240 1047 2279 si
1086 2239 1197 2280 forte
1240 2239 1482 2292 ignominia
1523 2239 1697 2292 publice
1740 2254 1765 2279 a

297 2312 511 2353 creditore
545 2313 762 2353 officiatur
793 2313 912 2365 quod
947 2313 1147 2353 debitum
1185 2326 1272 2353 non
1310 2313 1577 2366 persolverit,
1613 2313 1766 2353 erube-

296 2386 388 2434 scit,
447 2392 491 2426 et
547 2387 608 2426 sic
665 2387 863 2427 debitum
930 2387 1069 2427 solvit.
1155 2387 1360 2440 Itemque
1413 2387 1588 2427 Marcus
1640 2386 1765 2427 Ana-

298 2458 478 2500 choreta
525 2460 580 2500 de
634 2461 755 2513 Lege
808 2461 948 2513 Spin:
1012 2460 1255 2510 “Probro‚'’
1298 2461 1452 2513 inquit,
1490 2464 1572 2501 “et
1613 2465 1767 2501 contu-

299 2534 431 2575 melia
467 2535 694 2576 lacessitus
735 2536 792 2575 ab
834 2535 994 2588 aliquo,
1027 2535 1096 2575 fac
1130 2549 1183 2575 ne
1220 2535 1369 2575 animo
1410 2540 1556 2575 tecum
1600 2534 1767 2587 cogites

299 2608 418 2662 quod
481 2614 547 2649 est
608 2623 814 2661 praesens,
872 2609 949 2649 sed
1012 2608 1217 2649 futurum.
1316 2608 1469 2660 Atque
1526 2609 1586 2648 ita
1642 2613 1764 2648 certo

299 2683 492 2723 invenies
534 2696 633 2722 eum
677 2682 918 2722 multorum
961 2683 1178 2723 bonorum
1221 2682 1301 2722 tibi
1345 2682 1477 2722 fuisse
1525 2687 1762 2735 auctorem,

300 2770 387 2797 non
429 2762 601 2797 tantum
640 2757 683 2796 in
725 2756 808 2796 hoc
861 2756 1020 2805 seculo,
1064 2756 1141 2796 sed
1184 2757 1318 2796 etiam
1365 2756 1408 2796 in
1445 2755 1626 2796 futuro.‘’
1689 2756 1763 2796 Ex

299 2831 457 2882 quibus
499 2831 706 2871 omnibus
743 2830 852 2870 effici
891 2836 1039 2883 potest
1077 2844 1189 2879 eum,
1233 2830 1308 2882 qui
1342 2830 1572 2883 impositas
1609 2843 1765 2883 poenas

295 2904 518 2945 humiliter
580 2918 631 2945 ac
683 2904 869 2945 libenter
919 2904 1127 2953 admittit,
1169 2903 1354 2945 liberum
1405 2904 1498 2944 fore
1544 2917 1569 2944 a
1615 2898 1764 2944 multis
