1903 3197
381 208 462 254 De
491 208 669 255 studiis
702 210 873 256 mentis
906 209 1328 273 inlermmzpendzk.
1483 227 1513 271 4
1520 224 1577 272 35

116 340 172 381 ad
218 354 370 381 sensus
411 346 544 394 atque
585 340 641 381 ad
688 340 913 382 oculorum
956 344 1321 384 consuetudinem
1365 357 1579 387 revocare.

118 413 201 454 His
227 414 359 467 igitur
386 416 575 467 primum
606 414 812 455 interiora
843 416 988 455 studia
1019 416 1381 470 interrumpenda
1407 418 1582 459 Consti-

114 487 225 527 tutio
276 488 548 541 praescribit:
601 494 735 540 atque
786 487 857 528 hic
907 494 974 528 est
1015 490 1181 541 primus
1234 491 1581 544 interrumpendi

114 560 282 609 modus,
310 575 388 614 per
413 561 755 601 vicissitudinem
788 567 833 602 et
864 563 1259 602 commutationem
1292 565 1548 605 studiorum.

199 634 329 674 Alter
364 635 708 687 interrumpendi
744 634 900 675 modus
940 641 1017 684 est,
1057 641 1105 675 ut
1148 636 1390 677 secundum
1428 637 1580 690 epulas

111 721 137 748 a
177 708 447 761 gravioribus
497 709 657 748 mentis
701 709 1092 750 exercitationibus
1141 714 1421 762 temperetur.
1506 710 1581 751 Sic

111 783 226 823 enim
267 782 402 822 habet
435 782 775 823 Constitutionis
807 782 1073 824 declaratio:
1122 782 1204 823 “A
1249 783 1434 836 prandio
1468 798 1579 837 prae·

109 856 258 895 sertim
290 856 334 895 in
366 862 531 905 aestate,
555 870 633 909 per
663 857 791 897 unius
823 856 892 897 vel
924 857 1110 897 duarum
1144 856 1351 897 horarum
1384 857 1579 910 spatium

108 929 301 982 permitti
334 943 421 970 non
455 930 629 979 debent,
655 930 800 983 quoad
839 930 932 983 ejus
964 930 1055 970 fieri
1088 931 1262 983 poterit,
1286 931 1480 984 corporis
1503 937 1580 973 aut

110 1003 269 1043 mentis
303 1003 503 1056 graviora
540 1003 788 1044 exercitia.'‘
855 1004 959 1056 Jure
992 1010 1142 1045 autem
1180 1009 1303 1044 vetat
1337 1005 1578 1046 secundum

109 1077 255 1126 cibum
288 1078 490 1130 graviora
524 1077 684 1118 mentis
722 1077 944 1127 exercitia,
981 1078 1084 1130 quia
1119 1078 1205 1118 cibi
1245 1080 1577 1120 concoctionem

109 1149 365 1203 impediunt,
400 1150 505 1190 dum
540 1151 719 1203 spiritus
750 1150 896 1192 vitalis
927 1151 1083 1191 caloris
1115 1165 1287 1192 sursum
1321 1153 1577 1203 ascendunt,

107 1223 472 1276 stomachumque
513 1224 771 1273 destituunt,
811 1231 855 1265 et
896 1226 1115 1265 nutriendi
1154 1225 1338 1267 facultas
1381 1226 1579 1267 redditur

107 1296 336 1346 imbecilla,
389 1299 632 1350 praesertim
685 1299 849 1339 aestivis
900 1299 1130 1348 caloribus,
1181 1300 1340 1352 quibus
1395 1313 1579 1354 corpora

104 1369 297 1410 humana
334 1370 634 1423 languescunt.
713 1371 911 1413 Omnino
954 1386 1021 1413 res
1069 1374 1130 1413 sic
1167 1387 1213 1413 se
1261 1374 1408 1424 habet,
1446 1380 1495 1414 ut
1532 1374 1577 1414 in

105 1444 351 1484 cursoribus
393 1450 436 1484 et
469 1445 860 1498 peregrinantibus,
900 1446 974 1498 qui
1012 1446 1046 1486 si
1084 1459 1310 1499 nunquam
1346 1447 1577 1488 interrum-

105 1524 212 1570 pant
249 1519 330 1558 iter
365 1518 421 1558 ad
465 1519 615 1559 solitas
658 1519 840 1572 quietes,
879 1532 1093 1572 curasque
1130 1520 1334 1573 corporis,
1373 1526 1416 1561 et
1451 1534 1498 1561 se
1532 1527 1577 1562 et

105 1604 266 1643 equum
304 1591 377 1631 ubi
415 1592 582 1641 sedent,
620 1606 771 1633 cursus
813 1592 1073 1633 assiduitate
1114 1593 1379 1645 conficiant;
1432 1608 1576 1647 neque

104 1664 334 1705 diuturnus
366 1679 516 1705 cursus
549 1666 642 1719 ipse
674 1667 844 1707 futurus
878 1667 943 1716 sit,
969 1667 1083 1720 quia,
1107 1668 1224 1720 quod
1258 1673 1376 1708 caret
1407 1668 1575 1709 alterna

105 1739 263 1790 requie,
299 1739 499 1779 durabile
533 1753 621 1780 non
656 1746 732 1781 est.
798 1741 868 1781 Ita
905 1741 948 1781 in
983 1741 1140 1781 studiis
1174 1742 1333 1782 mentis
1367 1743 1434 1792 sit,
1471 1756 1573 1795 quae

103 1811 138 1851 si
176 1813 422 1852 contentius
461 1813 554 1852 sine
592 1813 680 1853 ulla
717 1827 867 1854 cursus
909 1814 1230 1855 intermissione
1267 1816 1569 1868 suscipiantur,

105 1885 361 1938 frangantur
392 1892 436 1926 et
470 1886 604 1926 animi
638 1891 682 1926 et
713 1887 906 1940 corporis
937 1888 1059 1936 vires,
1094 1901 1174 1928 nec
1206 1889 1311 1928 satis
1343 1889 1571 1930 diuturnas

103 1972 198 1999 esse
237 1960 433 2012 possint:
497 1960 610 2012 quia,
653 1959 790 2001 fracto
839 1974 1031 2014 corpore,
1076 1962 1219 2002 minus
1271 1968 1337 2003 est
1385 1963 1569 2004 idoneus

103 2033 276 2073 animus
307 2033 362 2073 ad
394 2046 473 2073 sua
507 2046 690 2074 munera
723 2034 957 2084 obeunda3
1005 2035 1070 2075 sin
1105 2035 1336 2088 dispertita
1367 2042 1568 2090 tempora

101 2106 293 2147 habeant
329 2107 487 2160 quietis
525 2113 568 2148 et
604 2106 776 2157 laboris,
808 2108 881 2148 diu
915 2108 1093 2162 vigeant
1130 2123 1180 2149 ac
1213 2109 1408 2159 floreant,
1442 2116 1570 2164 opta-

100 2186 258 2234 tosque
280 2181 335 2221 ad
363 2181 509 2221 exitus
539 2181 845 2234 provehantur.
912 2182 1031 2222 Hinc
1063 2184 1285 2236 sapienter
1316 2183 1565 2225 institutum

101 2268 195 2295 esse
227 2254 511 2307 intelligimus
549 2256 592 2295 in
627 2255 850 2297 Societate
888 2262 1036 2296 nostra
1074 2270 1241 2297 morem
1276 2257 1392 2298 hunc
1423 2258 1567 2299 relax-

101 2328 202 2368 andi
232 2329 403 2369 animos
435 2329 677 2370 secundum
711 2329 868 2381 cibum,
892 2330 1048 2371 saltem
1081 2332 1137 2371 ad
1170 2331 1323 2372 horam
1352 2332 1442 2372 sive
1464 2339 1567 2386 post

99 2403 330 2454 prandium
368 2403 459 2443 sive
494 2408 595 2455 post
636 2417 820 2445 coenam.
891 2402 1062 2457 Quibus
1095 2406 1367 2458 temporibus
1400 2407 1565 2447 nemini

99 2474 199 2515 licet
222 2475 465 2530 Superioris
488 2476 654 2529 injussu
678 2477 721 2517 in
750 2477 1001 2518 cubiculum
1032 2492 1078 2518 se
1110 2480 1301 2532 recipere
1323 2479 1379 2520 ad
1402 2481 1564 2522 usitata

99 2549 244 2589 studia
285 2556 417 2602 atque
460 2564 670 2601 munera;
723 2565 773 2592 ac
810 2566 864 2593 ne
905 2553 961 2593 ad
999 2553 1213 2594 orandum
1257 2554 1450 2607 quidem,
1485 2561 1563 2595 aut

98 2623 154 2662 ad
189 2622 359 2665 labores
393 2625 525 2664 etiam
563 2626 756 2678 corporis
789 2626 1034 2678 graviores:
1072 2627 1205 2679 idque
1240 2633 1287 2668 ut
1320 2627 1561 2668 valetudini

99 2696 350 2736 consulatur
386 2698 640 2738 remissione
671 2713 872 2740 curarum
910 2707 1044 2754 atque
1076 2701 1285 2741 laborum.
1350 2700 1483 2753 Quod
1525 2702 1560 2741 si

98 2772 333 2812 necessitas
370 2771 518 2824 aliqua
553 2772 852 2825 postulaverit,
885 2781 933 2816 ut
969 2776 1012 2815 id
1045 2775 1255 2828 temporis
1288 2774 1561 2827 gravioribus

95 2846 207 2885 curis
258 2845 502 2898 studiisque
552 2846 699 2887 danda
739 2848 796 2888 sit
837 2861 981 2902 opera,
1024 2848 1151 2901 jubet
1203 2848 1459 2889 constitutio
1500 2847 1557 2899 id,

97 2925 262 2970 quanta
324 2920 522 2961 maxima
584 2921 765 2963 caritate
827 2921 920 2963 fieri
986 2923 1160 2975 poterit,
1225 2921 1556 2964 moderandum.

267 2994 324 3026 CC
357 2997 381 3025 2
