1903 3197
375 144 455 190 De
484 143 831 190 antevertendz's
867 143 1218 191 tentationibus.
1434 158 1452 189 1
1463 155 1523 203 95

62 276 275 317 clivitates
332 276 388 316 ad
442 276 548 316 vitia
604 275 765 316 sensim
822 280 1021 315 crescunt
1072 280 1117 315 et
1165 275 1424 316 adolescunt
1481 275 1525 316 in

64 352 252 404 impetus
274 351 595 399 tentationum;
629 349 788 402 partim
818 349 921 401 quia
951 347 1140 388 Satanas
1171 349 1221 388 iis
1249 350 1385 390 utitur
1406 347 1527 390 velut

62 425 329 465 administris
360 424 415 464 ad
448 423 719 464 tentandum.
784 421 1097 470 ProclivitateS,
1122 422 1314 473 inquam,
1339 422 1394 462 ad
1417 423 1524 464 vitia

62 500 223 538 sensim
257 504 466 546 crescunt,
500 503 547 537 ut
581 510 680 537 cum
711 496 808 549 quis
842 495 1046 548 proclivis
1080 502 1146 535 est
1180 495 1235 535 ad
1274 496 1524 548 superbiam

62 579 106 612 ct
138 572 312 612 inanem
344 571 540 624 gloriam,
568 571 602 610 si
635 569 862 623 negligens
895 569 950 610 sit
983 569 1025 608 in
1059 568 1188 620 hujus
1219 569 1524 621 propensionis

62 645 180 685 velut
211 645 448 685 seminibus
481 643 805 696 extinguendis,
832 643 966 682 sumit
1000 642 1074 682 illa
1102 642 1214 681 vires
1249 647 1292 681 et
1323 642 1367 681 in
1395 640 1526 683 vehe-

63 726 254 759 mentem
280 719 571 759 tentationem
600 716 755 758 evadit.
820 717 949 765 Nam,
976 715 1286 769 progrediente
1313 721 1524 768 tempore,

62 792 246 832 honores
289 798 331 832 et
382 791 663 844 praefecturas
706 804 793 830 non
835 790 1057 830 dubitabit
1098 789 1275 838 ambire,
1319 788 1528 829 mediocri

60 871 176 906 statu
209 871 440 906 contentus
476 878 563 905 non
597 865 703 907 erit:
737 864 856 917 quod
894 865 927 903 si
967 863 1009 903 in
1043 863 1251 916 religione
1286 862 1448 903 habere
1481 876 1528 902 se

62 939 334 993 perspexerit
356 940 398 979 in
421 939 665 992 postremis,
690 952 769 978 nec
792 951 954 990 magno
971 937 1074 977 loco
1097 937 1208 985 duci,
1234 936 1528 977 defectionem

61 1014 272 1066 cogitabit
306 1019 348 1053 et
385 1012 547 1064 fugam.
612 1011 722 1064 Quis
756 1011 872 1051 hunc
909 1011 1041 1063 igitur
1073 1011 1115 1050 in
1148 1010 1294 1050 locum
1328 1008 1531 1062 conjecit,

62 1092 110 1127 ut
131 1086 354 1127 discedere
377 1101 401 1126 a
426 1086 523 1125 Deo
546 1090 590 1125 et
612 1090 734 1138 terga
756 1091 923 1125 vertere
950 1097 1037 1124 non
1060 1084 1291 1123 vereatur?
1355 1083 1529 1137 Nempe

62 1161 328 1213 negligentia
359 1160 684 1200 antevertendae
721 1159 977 1199 tentationis
1010 1172 1067 1198 ex
1100 1157 1317 1211 superbiae
1356 1163 1528 1198 tumore

59 1234 278 1287 profectae.
343 1232 476 1286 Quod
518 1233 552 1272 si
602 1232 726 1272 initio
769 1231 996 1272 contrariis
1047 1231 1215 1280 studiiS,
1267 1230 1529 1271 humilitatis

60 1309 241 1360 inquam
284 1306 611 1354 exercitatione,
654 1305 783 1358 hujus
835 1318 981 1358 pravae
1030 1304 1324 1345 inclinationis
1377 1317 1526 1344 semen

60 1380 304 1421 obtundere
329 1387 463 1432 atque
486 1379 745 1432 extinguere
775 1379 1046 1427 instituisset,
1071 1392 1159 1418 non
1190 1380 1233 1418 in
1264 1392 1361 1418 eam
1383 1384 1527 1419 tenta-

60 1455 225 1495 tionem
268 1455 339 1495 die
380 1453 648 1508 procedente
691 1467 736 1493 se
778 1452 1046 1506 conjecisset.
1113 1453 1230 1494 Sane
1268 1465 1419 1492 verum
1463 1457 1529 1492 est

62 1529 182 1581 quod
205 1529 311 1569 dicit
334 1527 461 1568 Nilus
484 1528 527 1567 in
551 1526 657 1567 illud
681 1527 767 1579 Job
788 1539 825 1578 4.
847 1525 1148 1579 Myrmecoleo
1171 1526 1311 1579 periit,
1335 1539 1387 1566 eo
1410 1524 1531 1578 quod

61 1616 205 1643 escam
239 1616 326 1642 non
357 1602 548 1650 haberet,
578 1602 638 1641 sic
668 1601 785 1642 enim
808 1606 984 1641 vertunt
1015 1600 1298 1653 septuaginta
1330 1599 1373 1640 id
1407 1591 1547 1652 quod‘

62 1677 196 1717 editio
217 1676 397 1729 vulgata
429 1676 587 1716 habet:
622 1674 801 1727 “Tigris
831 1674 969 1728 periit.
994 1688 1045 1714 eo
1075 1674 1194 1726 quod
1226 1687 1314 1713 non
1345 1673 1530 1714 haberet

62 1748 293 1803 przedamff'
326 1749 407 1790 Ait
423 1755 572 1789 autem
592 1747 957 1801 myrmeeoleonis
977 1747 1153 1788 nomine
1174 1746 1309 1800 (quod
1329 1760 1385 1787 ex
1403 1746 1531 1788 leone

62 1830 105 1864 ct
128 1823 308 1863 formica
336 1822 630 1876 compositum
662 1822 757 1872 est),
781 1820 1014 1873 significari
1048 1826 1250 1860 naturam
1281 1820 1529 1861 insidiantis

63 1897 404 1950 perturbationis
427 1910 477 1936 ac
500 1895 804 1948 propensionis
823 1909 831 1941 ;
864 1908 963 1946 quse
988 1894 1110 1934 initio
1133 1894 1311 1946 quidem
1335 1893 1528 1935 formicae

63 1972 198 2012 instar
229 1971 415 2011 latenter
443 1969 626 2022 obrepit,
651 1969 723 2009 ubi
746 1982 848 2009 vero
877 1982 923 2008 se
953 1968 1228 2008 confirmavit
1251 1974 1294 2008 et
1322 1968 1527 2019 adolevit,

63 2045 198 2085 leonis
240 2044 376 2083 instar
417 2042 608 2083 efficitur.
687 2043 795 2082 Ideo
837 2041 1182 2082 subtrahendam
1226 2055 1370 2082 escam
1423 2042 1530 2083 dicit

63 2132 157 2158 esse
188 2116 589 2171 perturbationibus
619 2130 669 2156 ac
697 2115 1074 2169 propensionibus,
1099 2121 1146 2156 ut
1168 2116 1314 2156 subito
1345 2122 1532 2157 extenu-

64 2197 190 2232 entur
231 2197 274 2232 et
326 2191 655 2244 extinguantur,
709 2203 763 2229 ne
813 2189 847 2229 si
894 2189 1004 2229 vires
1056 2188 1217 2229 fuerint
1269 2196 1530 2241 consecutae,

62 2265 199 2306 leonis
254 2264 553 2318 perdifficilem
607 2262 985 2316 expugnationem
1040 2262 1244 2304 habeant.
1339 2263 1529 2305 Satanas

61 2353 189 2392 porro
227 2338 541 2379 tentationibus
579 2351 629 2378 ac
665 2336 1068 2390 perturbationibus
1103 2338 1263 2377 nostris
1303 2338 1438 2378 utitur
1470 2338 1526 2379 ad

62 2427 141 2453 nos
182 2413 418 2453 tentandos
465 2411 586 2452 velut
637 2410 917 2459 administris,
961 2411 1074 2463 quia,
1126 2417 1174 2451 ut
1219 2411 1281 2452 ait
1334 2412 1379 2452 B.
1406 2411 1529 2453 Leo:

64 2486 313 2527 “Omnium
343 2486 522 2526 discutit
543 2484 921 2534 consuetudinem,
944 2484 1127 2525 ventilat
1149 2499 1285 2534 curas,
1309 2491 1528 2526 scrutatur

62 2560 256 2609 affectus,
286 2565 329 2600 et
358 2560 415 2600 ibi
445 2572 597 2600 causas
622 2558 778 2611 quaerit
805 2558 1002 2607 nocendi,
1027 2558 1100 2599 ubi
1130 2572 1350 2612 quemque
1371 2558 1529 2599 viderit

63 2633 299 2674 studiosius
322 2633 535 2686 occupari.
586 2632 684 2672 Imo
708 2632 749 2672 in
772 2632 1188 2685 perturbationibus,
1204 2633 1315 2674 sicut
1336 2632 1529 2685 piscator

64 2709 106 2747 in
139 2721 253 2759 aqua
284 2707 538 2760 perturbata
571 2706 725 2747 melius
757 2707 876 2760 capit
917 2705 1110 2747 fallendo
1152 2707 1308 2759 pisces,
1343 2705 1403 2746 sic
1437 2704 1529 2746 dia-

63 2780 188 2821 bolus
221 2778 420 2820 animas.1

581 2867 592 2887 ¹
619 2867 684 2902 Ser.
706 2876 733 2910 7.
757 2869 790 2900 in
808 2869 887 2900 Nat.
904 2869 1005 2901 Dom.

241 2930 274 2961 N
309 2931 334 2960 2
