1903 3197
302 185 397 229 104
622 171 702 216 De
734 171 923 218 ratione
957 171 1148 219 vivendi
1181 172 1444 219 Socz'elczlz's.

295 317 370 344 eas
402 303 684 356 poenitentias
716 305 976 358 suscipimus
1009 320 1107 358 quae
1142 306 1306 346 morbis
1339 305 1499 345 nostris
1531 318 1619 345 non
1652 307 1763 345 satis

297 376 542 417 admodum
579 385 852 432 congruunt;
896 386 943 420 ut
985 380 1096 420 infra
1133 381 1338 420 dicemus.
1404 378 1765 419 “Difficillimum

301 457 451 491 autem
495 457 562 492 est
603 466 648 492 se
690 454 834 506 ipsum
877 453 1041 502 nosse,”
1076 454 1263 494 Basilius
1306 453 1457 505 inquit,
1493 456 1572 492 “et
1614 466 1764 493 curare

298 531 536 578 propterea
558 526 676 579 quod
706 528 963 568 naturaliter
991 529 1182 581 seipsum
1207 528 1392 580 quisque
1415 534 1546 575 amat,
1572 533 1614 566 et
1637 526 1766 579 quili-

303 599 391 648 bet,
422 606 655 653 propterea
687 602 806 653 quod
840 602 883 641 in
915 603 1082 655 seipsos
1108 603 1311 655 propensi
1345 608 1456 650 sunt,
1492 601 1534 640 in
1566 601 1763 641 veritatis

297 673 467 725 judicio
490 674 703 714 fallantur.
768 676 901 715 Porro
930 677 986 716 ab
1012 677 1098 716 alio
1131 677 1348 729 cognosci,
1381 676 1608 728 curarique
1641 675 1768 715 facile

300 754 382 795 est,
420 761 519 787 cum
557 749 607 788 iis
645 749 718 801 qui
756 750 924 789 caeteris
955 750 1155 802 judicant
1196 751 1251 790 ad
1290 750 1627 789 discernendum
1659 750 1769 789 veri-

300 826 442 861 tatem
478 836 758 875 nequaquam
796 824 944 864 obstat
979 838 1103 864 amor
1139 825 1203 864 sui
1247 825 1442 877 ipsorum
1463 823 1505 870 ;''
1539 823 1634 863 hfec
1668 822 1769 863 ille.1

302 896 379 936 Ex
399 897 557 949 quibus
581 898 765 937 efficitur
787 899 829 937 in
852 899 1114 938 asciscendis
1136 899 1217 938 sibi
1242 898 1355 938 ultro
1373 900 1526 951 poenis,
1546 913 1645 950 quae
1668 904 1770 938 sunt

303 970 440 1010 animi
474 971 714 1021 medicinae,
749 986 836 1011 non
870 986 949 1012 nos
982 973 1099 1024 ipsos
1131 972 1423 1011 consulendos
1450 978 1493 1011 ct
1526 972 1770 1012 audiendos

305 1058 413 1091 esse,
451 1045 527 1084 sed
568 1046 857 1098 Praepositum
897 1052 1106 1094 nostrum,
1146 1045 1327 1097 ejusque
1365 1046 1591 1085 consilium
1628 1053 1671 1086 et
1708 1060 1774 1086 as-

304 1132 484 1158 sensum
528 1118 869 1170 expectandum,
899 1119 1077 1170 quando
1110 1120 1288 1171 quidem
1322 1119 1356 1159 is
1389 1119 1544 1159 melius
1576 1120 1775 1172 pervidet

308 1206 409 1243 quae
458 1191 614 1243 cuique
657 1193 811 1232 morbo
854 1194 1051 1232 maxime
1093 1199 1307 1246 congruat
1351 1194 1577 1234 medicina.
1642 1195 1775 1248 Quod

307 1265 343 1305 si
381 1265 455 1304 lex
492 1271 613 1305 vetat
651 1266 856 1314 medicos
895 1281 993 1307 cum
1032 1273 1260 1320 aegrotant,
1300 1281 1449 1307 curare
1486 1282 1532 1308 se
1569 1270 1686 1321 ipsos
1719 1269 1791 1309 obv

309 1340 497 1380 eandem
523 1340 670 1379 Basilii
704 1354 893 1390 causam,
919 1342 1020 1394 quia
1052 1343 1117 1381 sui
1151 1342 1311 1382 amoris
1343 1342 1525 1382 affectus
1558 1343 1779 1383 adulterat

306 1415 522 1466 judicium
564 1416 684 1465 veri;
731 1429 806 1454 cur
848 1416 890 1454 in
934 1417 1090 1455 animis
1132 1430 1211 1468 par
1251 1416 1491 1469 periculum
1534 1431 1622 1457 non
1665 1418 1779 1458 exti-

313 1495 491 1537 mescat,
535 1489 569 1528 si
612 1489 708 1541 quis
750 1490 1028 1542 susceptione
1070 1504 1301 1543 poenarum
1351 1504 1430 1530 suo
1479 1492 1691 1531 arbitratu
1734 1505 1780 1531 se

310 1571 433 1606 curet
453 1565 466 1604 ?

402 1638 573 1691 Quarta
605 1639 716 1679 ratio
749 1641 913 1692 petitur
945 1653 1000 1679 ex
1035 1640 1190 1679 merito
1213 1640 1366 1692 operis,
1391 1645 1438 1679 ut
1461 1645 1632 1679 constet
1655 1639 1780 1679 nobis

312 1713 599 1767 poenitentias
633 1719 803 1753 nostras
841 1714 1016 1766 probari
1057 1715 1166 1763 Deo,
1199 1721 1242 1753 et
1277 1714 1394 1766 apud
1434 1714 1581 1753 Deum
1618 1713 1781 1753 habere

314 1788 573 1828 mercedem.
639 1787 690 1826 Id
724 1787 887 1839 duplici
911 1788 980 1827 via
1009 1793 1209 1828 constare
1231 1787 1357 1827 nobis
1383 1793 1559 1839 potest:
1591 1788 1782 1839 primum

315 1862 430 1914 quia,
455 1875 554 1901 curn
583 1861 792 1913 Superior
815 1862 870 1900 sit
900 1861 1059 1901 divinae
1083 1861 1322 1901 voluntatis
1345 1862 1570 1914 interpres,
1595 1867 1642 1901 ut
1666 1861 1783 1901 Con-

315 1935 567 1975 stitutiones
600 1940 759 1974 nostrae
789 1935 950 1983 dicunt,
975 1935 1188 1987 quidquid
1223 1936 1258 1975 is
1290 1935 1507 1988 approbat
1538 1935 1784 1988 approbare

316 2010 542 2063 putandus
595 2015 660 2048 est
721 2009 854 2058 Deus,
909 2010 1042 2049 modo
1095 2009 1138 2049 id
1192 2010 1290 2049 Deo
1341 2023 1429 2049 11011
1482 2009 1737 2048 adversetur
1755 2007 1785 2048 2‘2

317 2084 489 2132 deinde,
533 2083 636 2135 quia
683 2083 969 2135 poenitentiae,
1013 2097 1122 2135 quas
1175 2083 1260 2122 Dei
1303 2096 1433 2122 causa
1479 2082 1624 2122 subire
1664 2081 1786 2122 volu-

317 2172 428 2205 mus,
467 2171 554 2208 quo
593 2158 737 2195 minus
774 2156 939 2195 habent
977 2157 1031 2195 dc
1070 2156 1187 2208 lepra
1224 2157 1412 2209 propriae
1449 2155 1701 2205 voluntatis,
1739 2161 1788 2196 ut

317 2231 514 2284 appellat
543 2230 803 2279 Bernardus,
828 2243 879 2270 60
909 2231 1048 2282 magis
1080 2231 1177 2269 Deo
1207 2231 1287 2282 ipsi
1320 2229 1505 2283 placent.
1567 2229 1788 2270 Voluntas

319 2306 436 2345 enim
474 2305 649 2358 propria
687 2318 804 2357 saepe
842 2304 957 2352 facit,
997 2311 1044 2344 ut
1080 2304 1149 2344 vel
1187 2305 1281 2357 ipsa
1317 2305 1434 2344 bona
1471 2309 1630 2352 nostra,
1669 2303 1785 2343 bona

319 2392 407 2419 11011
451 2380 547 2427 sint,
592 2384 640 2418 ut
683 2378 799 2418 idem
845 2379 1093 2418 Bernardus
1142 2379 1213 2426 ait,
1263 2378 1386 2430 cujus
1438 2383 1481 2417 et
1531 2377 1604 2417 illa
1655 2382 1786 2416 sunt:

317 2453 516 2493 “Vereor
546 2467 600 2492 116
634 2459 676 2492 ct
708 2453 820 2492 inter
849 2466 929 2492 nos
962 2452 1095 2504 aliqui
1125 2453 1222 2500 sint,
1247 2465 1431 2504 quorum
1466 2465 1553 2490 non
1584 2456 1785 2503 acceptet

321 2540 505 2566 munera
547 2539 745 2579 sponsus,
790 2540 841 2566 eo
884 2527 1003 2578 quod
1046 2539 1133 2565 non
1176 2525 1402 2565 redoleant
1442 2524 1542 2564 lilia.
1606 2524 1784 2564 Etenim

319 2601 355 2641 si
394 2602 436 2640 111
476 2601 546 2640 die
580 2600 736 2652 jejunii
775 2601 859 2640 mci
898 2600 1144 2640 inveniatur
1178 2599 1382 2639 voluntas
1424 2612 1532 2647 mea,
1572 2612 1661 2639 11011
1698 2598 1787 2639 tale

317 2675 536 2729 jejunium
580 2674 713 2726 elegit
754 2688 952 2727 sponsus,
990 2688 1069 2714 nec
1111 2674 1225 2726 sapit
1267 2672 1326 2712 illi
1365 2672 1581 2725 jejunium
1625 2686 1802 2721 meum„

321 2748 444 2801 quod
476 2762 563 2788 non
596 2747 735 2788 lilium
759 2748 1037 2796 obedientiae,
1061 2748 1137 2788 sed
1164 2746 1352 2800 propi-ize
1373 2746 1613 2786 voluntatis
1635 2745 1786 2799 sapit.''

321 2823 382 2863 Et
401 2836 520 2870 mox,
538 2821 696 2861 “Nihil
714 2822 905 2870 omnino,
923 2822 1042 2874 quod
1065 2821 1243 2874 propria
1264 2821 1542 2873 inquinatum
1566 2819 1620 2860 sit
1633 2819 1806 2860 volun·-

465 2911 477 2930 1
502 2912 555 2944 De
571 2912 638 2943 vita
657 2912 751 2944 Solit.
774 2912 886 2943 Const.
910 2912 1002 2943 Mon.
1024 2922 1050 2943 c.
1071 2919 1122 2951 23.
1285 2910 1297 2929 ²
1322 2911 1358 2942 P.
1381 2916 1410 2950 7.
1431 2922 1457 2942 c.
1479 2919 1508 2941 2.
1530 2911 1545 2948 ἓ
1566 2918 1592 2941 1.
