1903 3197
219 165 314 212 714
535 150 616 196 De
652 150 841 196 ratione
875 149 1072 196 vivendi
1105 149 1366 197 Societatz's.

304 289 430 329 Idem
474 287 650 327 Martin.
675 303 682 328 ε
715 287 913 327 “Lauda
944 301 1086 340 parce,
1117 287 1319 340 vitupera
1349 286 1551 341 parcius;
1585 300 1689 327 nam

213 362 448 412 similiter,”
491 363 645 415 inquit,
686 361 1073 415 “reprehensibilis
1110 368 1178 402 est
1219 361 1357 402 nimia
1399 361 1606 411 laudatio,
1641 367 1691 402 ut

214 439 509 480 immoderata
549 438 848 491 vituperatio:
900 437 973 478 illa
1024 437 1242 491 siquidem
1296 436 1561 485 adulatione,
1605 437 1689 478 ista

211 514 490 568 malignitate
531 519 747 566 suspecta,
789 513 1093 553 testimonium
1135 513 1319 561 veritati,
1355 526 1443 552 non
1479 513 1688 552 amicitiae

211 587 405 630 reddes.'’
469 588 593 628 Duas
626 588 817 628 rationes
849 588 1039 641 attingit,
1070 603 1146 629 cur
1178 602 1258 628 nec
1289 588 1475 628 nimium
1507 587 1688 628 laudare

211 664 468 718 quempiam
492 669 705 716 oporteat,
730 678 809 704 nec
830 664 1089 717 vituperare.
1139 663 1343 712 Primam,
1367 663 1470 716 quia
1491 663 1689 717 gignitur

211 739 403 793 suspicio
455 738 734 788 adulationis,
777 738 846 779 vel
890 738 1189 792 malignitatis.
1275 738 1541 787 Secundam,
1584 739 1688 791 quia

211 814 417 855 amicitiae
457 812 526 854 vel
567 813 670 854 odio
710 814 886 854 videtur
927 814 1051 854 reddi
1095 814 1410 863 testimonium,
1450 827 1537 854 non
1577 814 1687 854 veri-

210 890 304 931 tati.
366 889 502 929 Adde
524 889 710 929 tertiam.
776 887 893 941 Quia
926 902 1014 929 non
1047 894 1114 929 est
1146 890 1364 943 pudentis,
1388 895 1432 929 et
1452 889 1686 930 verecundi

208 965 413 1013 hominis,
457 964 701 1017 praesertim
738 978 887 1004 coram
930 964 1234 1017 prudentibus,
1278 964 1334 1005 de
1375 964 1560 1005 aliorum
1596 966 1688 1006 vita

211 1039 496 1092 moribusque
532 1039 642 1079 ferre
674 1039 953 1089 sententiam,
983 1039 1273 1093 judicumque
1309 1054 1436 1080 suum
1471 1046 1685 1094 tanquam

208 1115 470 1156 excellentis
493 1116 755 1155 auctoritate
777 1115 968 1156 hominis
991 1116 1280 1169 interponere.
1338 1115 1529 1156 Accedit
1551 1117 1685 1156 etiam

207 1196 395 1244 quarta;
426 1190 545 1243 quod
577 1190 836 1244 plerumque
859 1191 995 1231 nimia
1026 1190 1213 1231 aliorum
1237 1191 1432 1231 laudatio
1454 1204 1602 1231 coram
1634 1191 1686 1232 iis

209 1267 283 1320 qui
307 1266 389 1307 sibi
413 1266 579 1319 aliquid
603 1280 697 1306 esse
719 1267 934 1315 videntur,
959 1273 1035 1307 aut
1066 1281 1110 1307 re
1132 1281 1235 1307 vera
1263 1273 1376 1317 sunt,
1401 1267 1546 1307 minus
1574 1266 1687 1308 solet

210 1355 306 1382 esse
344 1341 566 1395 jucunda;
614 1348 776 1395 putant
813 1343 930 1382 enim
969 1357 1015 1382 se
1052 1357 1142 1396 prae
1185 1342 1280 1391 illis,
1318 1344 1394 1396 qui
1437 1342 1683 1392 laudantur,

209 1417 360 1458 haberi
413 1417 620 1457 minoris:
672 1423 806 1470 atque
870 1418 1031 1459 idcirco
1083 1419 1314 1459 evitandus
1366 1418 1435 1458 hic
1480 1418 1685 1472 scopulus

207 1491 451 1545 diligenter.

299 1567 560 1607 Dilectionis
592 1573 753 1616 autem,
790 1573 833 1607 et
874 1567 1101 1608 charitatis
1135 1569 1226 1618 erit,
1270 1575 1335 1608 1¹¹¹.
1367 1568 1402 1609 si
1439 1569 1495 1609 de
1531 1582 1682 1609 eorum

210 1643 359 1696 potius
408 1643 670 1695 quibuscum
735 1642 967 1695 loquimur,
1022 1643 1161 1692 rebus,
1217 1657 1349 1696 quam
1406 1644 1463 1684 de
1526 1646 1685 1686 nostris

208 1731 458 1758 sermonem
493 1717 739 1757 inferemus.
805 1717 918 1758 Sunt
948 1718 1063 1758 enim
1095 1719 1233 1767 multi,
1258 1720 1331 1772 qui
1361 1720 1417 1759 de
1443 1720 1532 1760 suis
1554 1721 1684 1761 rebus

209 1793 396 1833 nimium
420 1793 605 1833 libenter
627 1807 875 1833 sermonem
901 1793 1103 1834 inferunt.
1151 1793 1224 1833 Ex
1247 1808 1336 1848 quo
1358 1794 1417 1844 fit,
1442 1802 1489 1835 ut
1511 1810 1686 1850 semper

208 1868 293 1922 ipsi
316 1868 580 1921 loquantur:
614 1869 717 1921 quia
738 1882 888 1909 amore
918 1883 1094 1909 suarum
1125 1884 1279 1920 rerum,
1301 1869 1370 1910 vel
1393 1885 1484 1911 suae
1505 1872 1611 1911 artis
1632 1885 1685 1912 ac

209 1942 498 1997 professionis
543 1942 674 1997 longe
711 1945 917 1996 provecti,
952 1946 1134 1985 modum
1188 1946 1231 1985 in
1276 1945 1497 1999 loquendo
1534 1952 1685 1987 tenere

212 2032 303 2058 non
335 2024 547 2071 possunt;
578 2019 748 2059 caeteris
785 2025 934 2060 autem
968 2021 1045 2060 vix
1078 2020 1287 2073 loquendi
1325 2022 1517 2074 spatium
1544 2022 1682 2062 ullum

206 2094 328 2134 dant.
393 2092 506 2134 Cum
539 2100 692 2134 contra
723 2095 909 2135 suadeat
944 2094 1145 2144 charitas,
1178 2102 1225 2136 ut
1258 2097 1406 2149 potius
1440 2096 1496 2136 de
1528 2111 1681 2137 eorum

206 2167 471 2221 quibuscum
506 2168 688 2222 agimus,
724 2168 958 2222 loquamur
991 2170 1119 2210 rebus
1148 2183 1282 2223 quam
1317 2170 1372 2211 de
1401 2172 1588 2223 nostris;
1621 2173 1683 2212 sic

205 2244 324 2284 enim
369 2242 495 2283 facile
536 2244 856 2296 consequimur,
900 2250 949 2284 ut
1000 2244 1059 2284 illi
1102 2246 1184 2298 ipsi
1227 2246 1302 2298 qui
1354 2247 1397 2286 in
1444 2260 1680 2299 congressu

207 2318 499 2371 convictuque
522 2325 672 2358 nostro
696 2319 805 2359 muti
829 2326 942 2368 sunt,
967 2326 1010 2360 et
1031 2320 1265 2360 verborum
1294 2320 1498 2361 laborant
1520 2322 1680 2375 inopia,

207 2407 386 2433 suarum
411 2407 552 2433 rerum
576 2394 889 2443 recordatione,
912 2402 1045 2448 atque
1062 2409 1212 2436 amore
1234 2396 1428 2446 excitati,
1448 2397 1680 2437 materiam

207 2467 401 2521 aliquam
435 2469 650 2508 sermonis
682 2469 915 2510 inveniant.

297 2550 366 2585 2¹¹¹.
403 2543 644 2584 Charitatis
675 2544 820 2594 etiam,
845 2551 887 2585 et
916 2545 1162 2598 prudentiae
1186 2545 1314 2586 fuerit
1342 2547 1680 2588 accommodare

208 2632 433 2659 sermones
475 2619 531 2659 ad
581 2632 743 2668 eorum,
788 2620 1049 2672 quibuscum
1096 2620 1281 2673 agimus,
1323 2627 1503 2675 captum
1545 2628 1680 2676 atque

209 2694 559 2747 intelligentiam.
633 2694 871 2747 Propterea
914 2696 1031 2735 enim
1074 2695 1201 2735 multi
1244 2696 1383 2746 silent,
1417 2698 1520 2750 quia
1560 2712 1680 2751 saepe

208 2770 263 2809 de
286 2769 414 2809 rebus
437 2783 546 2822 quas
575 2769 657 2822 ipsi
688 2769 832 2809 minus
854 2769 1046 2822 capiunt,
1070 2770 1361 2811 introducitur
1381 2786 1536 2814 sermo.
1601 2773 1677 2823 Ut,

207 2845 241 2884 si
280 2858 429 2884 coram
461 2845 512 2884 iis
547 2845 621 2897 qui
654 2843 822 2884 litteras
857 2858 945 2884 non
979 2851 1204 2894 noverunt,
1237 2846 1292 2886 de
1324 2846 1490 2897 litteris,
1518 2861 1570 2888 ac
1597 2847 1678 2888 sci-

210 2919 328 2960 entia
358 2932 606 2960 sermonem
636 2918 807 2970 inferas,
832 2925 909 2960 etc.
977 2919 1041 2960 Ut
1065 2919 1162 2973 jure
1191 2921 1247 2961 ad
1280 2920 1389 2962 alios
1418 2921 1600 2976 fugiant,
1623 2936 1680 2964 ne
