1903 3197
434 196 512 241 De
544 211 590 240 se
624 196 821 240 invicem
858 196 1226 257 nmnffestcmdo.
1474 201 1563 256 167

88 327 345 380 «confingere
377 341 427 367 ac
459 327 730 367 comminisci
765 327 874 366 istuc
908 334 982 367 est.
1054 328 1262 369 Cavenda
1296 335 1398 369 sunt
1430 329 1563 381 igitur

97 403 139 441 in
174 401 420 441 deferendis
458 401 660 440 fratribus
699 400 792 441 hzec
830 401 912 440 tria
943 402 1174 453 praecipue‚
1208 409 1255 441 ut
1284 404 1340 442 sit
1369 403 1562 455 simplex

97 475 394 515 manifestatio
433 474 609 524 delicti;
653 474 944 521 mendacium,
985 474 1269 526 amplificatio
1311 476 1557 523 verborum,

90 554 244 588 motus
286 548 419 588 animi
463 548 822 587 vehementiores.
909 548 1191 588 Mendacium
1226 549 1416 600 quidem,
1456 551 1561 601 quia

99 622 337 662 mentiendi
379 622 532 661 vitium
581 622 623 660 in
666 621 842 661 alterius
885 622 1197 662 detrimentum
1242 622 1495 674 longissime
1537 637 1562 663 a

89 695 310 747 religiosis
333 696 486 735 abesse
509 695 652 743 debet,
672 696 843 735 etiamsi
869 695 1011 735 nullus
1035 697 1089 735 sit
1113 696 1284 735 animus
1308 697 1559 736 mentiendi.

98 769 151 808 Id
174 770 290 809 enim
309 769 412 810 olim
437 783 461 809 a
484 769 645 809 sanctis
663 770 765 808 viris
785 769 970 821 legimus
988 770 1258 809 severissime
1277 769 1559 816 vindicatum,

96 847 144 882 ut
178 843 233 883 de
275 843 467 895 quodam
512 842 728 882 monacho
767 850 914 883 narrat
959 843 1192 891 Climacus,
1236 844 1309 895 qui
1350 843 1562 896 expulsus

83 922 159 957 -est
181 916 237 956 ab
259 916 439 956 Abbate
458 930 465 956 :
501 916 662 968 “Quod
686 917 940 969 proximum
966 931 1105 963 suum,
1125 923 1172 957 ut
1195 918 1321 970 nugis
1344 924 1387 957 et
1410 918 1561 970 loqua-

82 990 216 1030 »citati
243 990 455 1039 deditum,
478 990 595 1042 apud
630 990 751 1029 illum
782 991 922 1031 fuerat
949 992 1214 1031 criminatus.
1261 991 1347 1043 Qui
1382 993 1556 1043 quidem

93 1063 149 1103 ad
195 1064 450 1103 Monasterii
492 1064 674 1115 januam
718 1071 886 1117 septem
929 1065 1022 1104 dies
1067 1079 1348 1118 perseverans
1390 1065 1557 1113 orabat,

84 1142 142 1177 ·ut
178 1137 372 1189 ingressu
411 1137 540 1176 simul
579 1144 622 1178 et
655 1139 781 1178 venia
817 1139 947 1191 potiri
992 1146 1258 1188 mereretur;
1302 1139 1419 1192 quod
1458 1154 1556 1179 cum

82 1210 319 1250 didicisset
341 1212 562 1251 studiosus
597 1211 667 1251 ille
696 1213 941 1251 animarum
972 1218 1130 1261 custos,
1156 1213 1351 1266 nihilque
1378 1215 1558 1253 omnino

93 1297 174 1324 sex
227 1284 309 1323 illis
361 1284 515 1324 diebus
569 1284 689 1324 illum
742 1286 985 1325 comedisse
1032 1287 1318 1339 explorasset,
1362 1287 1445 1327 hoc
1498 1287 1557 1326 illi

78 1357 339 1405 denunciat,
379 1364 426 1398 ut
468 1358 502 1397 si
544 1357 743 1398 habitare
784 1360 965 1399 omnino
1009 1361 1050 1399 in
1095 1361 1366 1400 Monasterio
1409 1360 1557 1409 vellet,

90 1432 376 1471 statuendum
406 1445 451 1471 se
483 1432 611 1472 sciret
635 1433 676 1471 in
710 1433 1020 1485 poenitentium
1052 1435 1214 1474 ordine.
1280 1435 1393 1474 Cum
1427 1436 1559 1487 igitur

80 1503 173 1545 ⁴=hoc
215 1505 401 1546 libenter
441 1505 779 1558 amplecteretur
827 1508 1058 1559 poenitens,
1097 1507 1227 1560 jussit
1265 1522 1363 1548 eum
1407 1515 1559 1561 pastor

76 1579 146 1620 ad
199 1586 449 1632 separatum
492 1587 674 1632 peccata
725 1580 977 1633 lugentibus
1022 1582 1340 1622 Monasterium
1386 1583 1556 1629 deduci,

75 1654 209 1705 -quod
240 1660 283 1694 et
305 1653 469 1694 factum
498 1653 622 1694 est.’'1

176 1727 291 1767 Vide
334 1728 466 1780 igitur
507 1742 639 1780 quam
684 1728 822 1768 multa
860 1729 960 1769 huic
997 1744 1150 1783 aspera
1193 1737 1236 1770 et
1277 1732 1386 1771 dura
1429 1732 1556 1772 unius

91 1800 210 1841 salsae
254 1801 486 1841 delationis
524 1802 693 1841 crimini
733 1803 938 1854 imposita
976 1805 1072 1844 sint.
1138 1804 1225 1844 Sed
1265 1811 1365 1844 sunt
1407 1805 1554 1857 aliqui,

90 1874 162 1927 qui
195 1873 263 1914 vel
295 1875 593 1927 imprudentes
628 1876 959 1928 nescientesque
993 1878 1294 1927 mentiuntur3
1328 1879 1419 1917 sive
1451 1879 1555 1930 quia

81 1961 178 1988 non
220 1949 326 1988 satis
374 1962 437 1998 ea,
479 1962 577 2000 quae
626 1948 838 1998 deserunt,
888 1951 1275 2000 animadvertunt3
1321 1952 1411 1991 sive
1453 1953 1556 2003 quia

76 2034 191 2070 rem,
234 2021 358 2062 aliter
399 2036 448 2061 ac
486 2036 531 2062 se
569 2022 712 2070 habet,
752 2024 900 2063 animo
944 2024 1333 2077 comprehendunt.
1398 2024 1555 2077 Qualis

87 2102 234 2136 autem
259 2101 325 2135 est
347 2095 638 2148 apprehensio
661 2097 841 2136 rationis
863 2111 912 2137 ac
941 2099 1111 2146 mentis,
1136 2098 1236 2138 talis
1266 2112 1384 2151 saepe
1413 2100 1554 2139 oratio

70 2175 220 2221 atque
263 2168 435 2209 locutio.
512 2169 595 2208 His
638 2169 769 2222 igitur
811 2170 1059 2210 faciendum
1103 2178 1169 2211 est
1211 2177 1269 2221 ut,
1314 2179 1553 2225 antequam

86 2242 329 2295 quidquam
357 2243 412 2282 de
443 2242 528 2282 alio
561 2243 768 2292 deferant,
797 2245 1153 2296 praemeditatum
1184 2244 1388 2294 habeant,
1422 2246 1554 2299 idque

86 2316 128 2355 in
160 2322 397 2368 conspectu
431 2316 515 2356 Dei
549 2322 681 2369 atque
713 2318 756 2356 in
788 2318 1038 2370 precatione
1069 2332 1361 2371 perpensum3
1399 2320 1549 2359 simul-

68 2403 170 2442 «que
207 2397 470 2439 assuescant,
510 2404 596 2430 non
629 2405 708 2443 pro
746 2392 951 2444 opinione
989 2392 1119 2445 loqui,
1152 2394 1241 2442 sed,
1276 2394 1309 2433 si
1349 2407 1415 2433 res
1452 2408 1551 2446 quae

86 2462 335 2502 deferendae
358 2470 459 2503 sunt
492 2477 579 2503 non
606 2465 712 2504 satis
739 2464 898 2505 fuerint
925 2466 1181 2518 exploratae,
1204 2466 1360 2506 malint
1384 2466 1550 2508 factum

86 2535 229 2576 fratris
262 2537 304 2576 in
336 2537 562 2577 meliorem
595 2551 770 2578 sensum
805 2546 1088 2588 commutare,
1112 2554 1246 2592 quam
1275 2541 1401 2580 celeri
1427 2541 1550 2581 dam-

87 2622 190 2649 nare
212 2612 437 2652 sententia.
475 2612 583 2652 Ideo
608 2612 880 2653 Dorotheus:
901 2613 1072 2663 “Noli,’'
1089 2615 1240 2667 inquit,
1258 2618 1552 2667 “cognoscere

87 2682 251 2723 malum
285 2685 489 2737 proximi,
524 2699 665 2738 neque
703 2687 968 2740 suspiciosus
1003 2689 1061 2728 sis
1096 2689 1138 2728 in
1177 2689 1331 2741 ipsum,
1363 2690 1480 2740 quod
1517 2689 1551 2727 si

72 2756 362 2809 malignitate
396 2758 579 2799 aliorum
618 2760 766 2812 aliqua
801 2762 1152 2810 disseminantur,
1184 2762 1311 2802 stude
1346 2775 1397 2802 ea
1431 2774 1552 2801 com-

73 2836 257 2872 mutare
300 2833 341 2871 in
385 2832 610 2874 meliorem
660 2834 898 2875 sensum.'’2
960 2835 1019 2876 Et
1073 2836 1380 2875 Bonaventura
1430 2841 1551 2876 vetat

540 2921 549 2939 ¹
577 2922 678 2954 Grad.
700 2932 730 2963 4.
913 2923 926 2941 ⁴:
955 2924 1020 2955 Ser.
1047 2930 1094 2962 17.
