1903 3197
601 155 680 200 De
712 154 1031 200 Pa’m‘lentz'is.
1465 164 1553 208 103

94 290 254 331 nentiae
278 290 419 342 rigore
450 289 506 328 ab
534 287 788 327 insidiatore
810 285 997 334 delusus,
1023 284 1317 337 “gravissimo
1350 295 1555 323 corruens

96 365 221 417 lapsu
254 369 434 404 cunctos
466 363 509 401 in
542 374 593 401 ea
624 359 859 400 solitudine
886 359 1150 398 constitutos
1180 358 1379 398 luctuoso
1407 356 1559 397 dolore

95 438 292 491 perculit,
335 437 378 476 in
430 435 690 476 altissimum
742 434 906 486 quippe
956 439 1139 485 puteum
1191 445 1237 470 se
1288 431 1558 483 prsecipitem

100 510 269 564 egit;''1
292 517 340 551 ut
361 510 557 563 pluribus
581 509 698 548 idem
720 512 881 547 auctor.
946 506 1014 545 De
1041 506 1234 557 quodam
1258 505 1389 544 etiam
1415 509 1561 543 narrat

101 585 322 626 Climacus
354 598 399 624 se
433 598 459 624 a
490 583 766 623 sanctissimo
798 580 1055 633 Aigyptiaci
1087 578 1345 618 Monasterii
1382 578 1562 616 Pastore

94 657 346 707 audivisse,2
362 658 435 709 qui
458 658 563 697 dum
586 655 889 696 vehementius
912 654 1053 700 currit,
1078 652 1263 691 offendit
1285 652 1339 690 ad
1369 650 1561 702 lapidem

94 732 259 785 ,pedem
293 744 430 779 suum,
456 737 499 770 et
532 730 695 769 invidia
727 728 888 768 diaboli
922 727 1106 779 turpiter
1139 727 1286 778 lapsus
1322 730 1397 764 est.
1463 723 1564 763 Hoc

100 811 167 846 est
199 805 318 858 quod
351 804 467 844 dixit
500 805 542 843 in
580 803 766 856 epistola
808 816 886 841 sua
920 801 1082 841 Beatus
1115 806 1262 839 noster
1295 799 1433 845 Pater,
1465 811 1567 837 cau-

99 880 266 920 tionem
308 878 605 919 adhibendam
649 891 742 916 esse
784 877 826 915 in
869 876 934 915 his
977 875 1117 914 causis
1165 872 1461 925 spiritualibus
1514 884 1567 910 eo

101 953 326 1006 majorem,
361 966 448 1005 quo
485 951 659 1005 gravius
697 956 762 990 est
799 949 1036 1002 spiritualis
1070 949 1171 988 vitae
1208 946 1460 1000 periculum.

189 1028 250 1067 Et
291 1027 450 1067 Abbas
504 1026 696 1078 Moyses,
738 1025 855 1076 apud
909 1024 1096 1063 eundem
1151 1022 1423 1069 Cassianum,
1467 1032 1568 1059 cum

102 1102 289 1142 dixisset
311 1101 563 1140 innumeros
585 1099 794 1139 acerrime
822 1097 998 1149 jejuniis
1028 1110 1102 1136 seu
1126 1095 1283 1148 vigiliis
1311 1094 1572 1134 incubantes

103 1176 164 1216 ita
198 1182 377 1228 repente
413 1174 546 1213 fuisse
583 1173 803 1224 deceptos,
838 1177 885 1211 ut
919 1184 1141 1211 summum
1180 1169 1393 1208 fervorem
1427 1168 1574 1207 detes-

88 1249 226 1290 stabili
253 1248 340 1287 fine
362 1247 664 1294 concluserint,
688 1247 743 1285 ad
771 1252 1020 1285 extremum
1054 1244 1183 1295 hujus
1206 1242 1369 1282 fraudis
1393 1254 1572 1281 causam

103 1335 307 1362 enarrans
345 1322 405 1361 ita
442 1321 577 1360 dicit:
632 1320 755 1359 “Nec
793 1319 909 1358 enim
945 1318 1031 1358 alia
1068 1319 1216 1370 lapsus
1253 1329 1405 1356 eorum
1438 1327 1572 1355 causa

105 1394 458 1449 deprehenditur,
503 1394 584 1433 nisi
636 1393 755 1445 quod
808 1393 952 1432 minus
1004 1406 1030 1431 a
1081 1391 1324 1430 senioribus
1373 1387 1577 1436 instituti,

90 1482 386 1522 nequaquam
409 1473 613 1521 poterant
635 1467 849 1508 rationem
873 1465 1147 1506 discretionis
1169 1462 1387 1516 adipisci.''
1428 1461 1576 1513 “Quae

105 1543 284 1596 quidem
317 1542 535 1582 institutio
568 1540 825 1589 seniorum,’'
851 1546 899 1579 ut
925 1540 986 1580 ait
1017 1539 1137 1587 infra,
1165 1541 1289 1577 “non
1323 1537 1465 1576 solum
1497 1547 1577 1588 pet

105 1630 255 1657 veram
297 1615 570 1656 discretionis
609 1615 726 1655 viam
766 1614 973 1666 juvenem
1017 1617 1134 1652 recto
1177 1610 1353 1651 tramite
1398 1608 1578 1649 docebit

93 1690 319 1740 incedere,
361 1703 513 1730 verum
566 1689 699 1729 etiam
747 1702 771 1727 a
813 1687 982 1727 cunctis
1034 1685 1260 1726 fraudibus
1313 1689 1356 1724 et
1408 1682 1578 1722 insidiis

108 1764 271 1804 inimici
314 1764 505 1803 servabit
542 1760 786 1802 illaestim.’'³

199 1838 438 1889 Praecipuae
461 1843 609 1876 autem
633 1835 807 1874 fraudes
826 1839 913 1873 tres
931 1846 1025 1873 esse
1045 1833 1198 1872 solent.
1241 1830 1325 1871 Vel
1343 1837 1390 1870 ut
1409 1829 1579 1881 majora

92 1913 239 1960 bona,
263 1911 369 1950 dum
402 1911 560 1950 modus
589 1909 827 1956 exceditur,
853 1908 1141 1955 omittantur;
1178 1906 1297 1957 quod
1330 1904 1577 1944 cavendum

110 1985 322 2026 admonet
359 1990 507 2024 noster
541 1984 677 2023 Pater.
741 1982 824 2022 Vel
858 1988 906 2021 ut
938 1980 1082 2020 nimiis
1115 1978 1444 2019 austeritatibus
1477 1977 1577 2017 fati-

86 2097 95 2109 Γ
112 2065 242 2113 gatus
276 2059 333 2098 ad
376 2056 698 2097 intolerabilem
736 2054 896 2095 deinde
934 2055 996 2094 tui
1034 2053 1226 2106 corporis
1258 2051 1580 2105 indulgentiam

115 2132 467 2184 obsequiumque
489 2130 731 2171 descendas
751 2143 760 2180 ;
794 2129 913 2180 quod
941 2128 1143 2168 observat
1175 2127 1218 2166 in
1241 2126 1451 2166 Tractatu
1478 2125 1581 2165 vitae

115 2205 365 2260 spiritualis,
403 2205 447 2245 B.
472 2205 743 2244 Vincentius.
806 2202 890 2242 Vel
923 2201 1114 2253 denique
1148 2206 1196 2241 ut
1228 2201 1504 2247 intumescas,
1539 2203 1584 2239 et

113 2279 193 2320 tibi
233 2292 327 2319 esse
367 2278 545 2329 aliquod
583 2277 784 2326 videare,
827 2276 946 2327 quod
990 2275 1141 2314 Patres
1183 2274 1226 2313 in
1275 2272 1584 2313 collationibus

94 2353 488 2394 animadvertunt.
583 2351 706 2404 Quas
763 2363 915 2390 omnes
978 2349 1151 2389 fraudes
1214 2347 1341 2388 facile
1391 2347 1584 2386 declinat

122 2427 329 2480 quisquis,
383 2425 631 2466 inconsulto
684 2425 937 2477 Praeposito,
992 2422 1097 2462 nihil
1148 2422 1283 2462 audet
1334 2422 1376 2460 in
1429 2432 1586 2472 corpus

87 2537 89 2539 .
112 2514 251 2541 suum.

208 2573 335 2613 Idem
370 2586 473 2613 vero
517 2573 735 2625 Superior,
775 2577 822 2611 ut
865 2571 1072 2619 medicus,
1112 2569 1266 2609 melius
1308 2569 1400 2621 ipse
1442 2579 1586 2607 mores

117 2653 297 2688 nostros
333 2653 378 2687 et
414 2647 599 2687 affectus
640 2646 864 2697 animique
907 2651 1053 2685 motus
1091 2644 1212 2684 novit
1249 2643 1510 2696 expendere,
1545 2646 1589 2682 et

123 2722 181 2763 ad
213 2721 387 2762 illorum
420 2722 635 2761 rationem
667 2733 804 2770 suam,
828 2725 876 2760 ut
902 2719 1089 2759 Basilius
1118 2719 1190 2768 ait,
1213 2716 1588 2769 dispensationem

104 2796 354 2849 adaptare,
381 2808 498 2848 saepe
530 2795 646 2834 enim
680 2807 769 2843 nos,
793 2793 867 2845 qui
899 2806 987 2833 non
1019 2793 1125 2833 satis
1156 2791 1237 2843 ipsi
1272 2803 1350 2829 nos
1377 2787 1590 2856 novimus,

206 2883 219 2902 1
245 2885 328 2917 Coll.
355 2893 385 2916 2.
407 2895 434 2916 c.
454 2891 482 2926 5.
620 2883 634 2902 ²
658 2884 758 2916 Grad.
779 2889 806 2924 5.
824 2884 866 2915 de
884 2883 976 2914 Poen.
1112 2880 1126 2899 ³
1150 2880 1235 2912 Coll.
1252 2887 1282 2910 2.
1303 2889 1329 2910 c.
1351 2886 1379 2911 2.
1401 2881 1432 2909 et
1452 2886 1499 2910 10.
