1903 3197
298 185 314 215 1
328 185 350 215 2
566 172 646 218 De
683 173 727 219 C
724 173 1098 222 07zslc'tut2‘07mm
1139 177 1486 225 Observatione.

291 304 529 357 corrumpit
562 304 780 359 exemplo,
811 309 1054 360 praesertim
1083 310 1118 349 si
1148 311 1184 350 is
1219 310 1464 364 Religionis
1493 311 1757 364 antiquitate

291 379 460 417 caeteris
482 385 672 430 praestet.
737 381 853 421 Nam
884 383 1208 424 recentissimus
1231 385 1416 437 quisque
1439 384 1482 424 id
1505 384 1608 425 facit
1637 387 1756 437 quod

292 449 382 490 fieri
443 452 499 491 ab
553 453 871 505 antiquioribus
928 457 1247 497 animadvertit,
1333 457 1482 509 Quare
1538 458 1760 510 sapienter

292 524 631 575 Bonaventura,1
665 541 763 568 cum
798 530 987 570 rationes
1020 531 1214 583 undique
1247 531 1425 584 colligit,
1458 545 1534 571 cur
1563 531 1759 585 Religio-

290 613 436 640 sorum
496 601 685 650 familiae,
730 616 827 654 quae
880 610 972 643 tam
1030 605 1238 657 praeclare
1290 606 1413 645 initio
1466 605 1662 645 fundatae
1714 612 1758 646 et

290 675 542 715 constitutae
595 676 894 725 cernebantur,
938 679 1204 730 procedente
1254 685 1455 732 tempore
1501 694 1526 719 a
1572 680 1758 732 pristino

291 747 364 788 illo
402 749 623 789 initiorum
663 750 817 790 ardore
854 751 1072 801 deficiant,
1107 760 1151 793 et
1188 753 1243 793 ad
1283 760 1532 794 extremum
1571 755 1755 794 nimium

291 823 424 863 edant
447 824 603 872 ruinas,
620 823 732 864 hanc
756 825 798 864 in
822 826 990 865 caeteris
1014 827 1228 867 rationem
1253 827 1388 876 affert,
1406 829 1508 880 quia
1530 828 1758 868 severioris

289 897 530 950 disciplinae
563 898 723 938 desunt
755 899 974 952 exempla,
996 901 1086 940 vita
1119 901 1326 942 extinctis
1359 908 1435 942 aut
1467 903 1600 942 etiam
1634 916 1757 942 sene-

290 971 511 1010 scentibus
544 973 617 1024 qui
652 986 701 1012 ea
733 973 994 1025 praebebant
1027 975 1228 1027 egregia;
1264 976 1383 1027 quod
1417 976 1595 1027 quidem
1628 975 1758 1015 valde

289 1058 649 1098 unumquemque
680 1052 840 1086 terrere
872 1047 1017 1096 debet,
1044 1048 1313 1099 cogitantem
1347 1062 1404 1088 ex
1437 1062 1516 1088 suo
1549 1049 1759 1102 exemplo

289 1133 378 1159 succ
402 1119 594 1172 pendere
617 1120 794 1159 familiae
817 1120 886 1160 vel
911 1121 1135 1161 interitum
1158 1121 1226 1161 vel
1250 1121 1468 1162 salutem.2
1495 1126 1514 1141 “
1532 1123 1685 1171 Nam,”
1709 1129 1757 1163 ut

289 1194 350 1232 ait
374 1193 513 1241 Nilus,
539 1194 794 1233 “neminem
820 1201 999 1234 manent
1022 1196 1206 1236 certiora
1229 1197 1443 1249 supplicia
1465 1211 1598 1250 quam
1623 1197 1757 1247 illum,

287 1267 361 1318 qui
398 1267 603 1306 vitiorum
647 1282 824 1308 suorum
868 1269 1107 1322 discipulos
1149 1270 1262 1310 facit.
1329 1271 1605 1311 Imitantium
1640 1273 1756 1312 enim

288 1341 489 1380 interitus
531 1355 761 1394 poenarum
807 1344 1158 1395 magnitudinem
1203 1344 1330 1384 offert
1367 1347 1637 1398 praeceptori‚
1678 1360 1757 1386 nec

286 1421 436 1455 tamen
472 1414 672 1467 discipuli
712 1429 919 1468 magnam
956 1417 1167 1470 effugient
1202 1418 1547 1467 damnationem,
1579 1434 1679 1459 cum
1714 1420 1757 1459 in

289 1489 500 1541 magistro
532 1503 584 1529 ea
613 1491 797 1542 turpiter
829 1491 1064 1541 imitentur,
1089 1505 1187 1544 quae
1219 1493 1281 1532 uti
1315 1492 1434 1533 foeda
1464 1493 1632 1533 ratione
1664 1495 1759 1547 ipsa

287 1566 399 1605 duce
425 1566 574 1618 fugere
597 1566 887 1607 debuissent.’'
940 1567 1093 1620 Atque
1120 1568 1228 1608 haec
1255 1575 1320 1609 est
1342 1583 1474 1609 causa
1501 1584 1577 1610 cur
1598 1569 1757 1610 Abbas

290 1638 552 1680 Chaeremon
574 1640 693 1692 apud
719 1640 978 1681 Cassianum
1012 1656 1098 1682 non
1126 1644 1411 1695 permittebat
1433 1658 1581 1684 secum
1605 1657 1758 1696 quem-

288 1728 421 1766 quam
465 1729 522 1755 ex
570 1714 816 1767 junioribus
858 1715 1067 1767 habitare,
1111 1731 1165 1757 ne
1206 1732 1286 1770 pro
1329 1719 1537 1772 exemplo
1580 1719 1758 1760 alterius

287 1790 502 1830 districtio
534 1788 788 1830 laxaretur.3

376 1862 548 1916 Quarta
578 1863 743 1903 utilitas
774 1870 840 1904 est
863 1864 1074 1904 Ecclesiae
1098 1865 1310 1905 universae
1343 1865 1520 1906 bonum.
1599 1867 1758 1916 Patet;

288 1937 391 1989 quia
420 1937 463 1976 in
501 1937 839 1978 Constitutionis
872 1938 1169 1979 declaratione
1198 1940 1357 1980 dicitur
1388 1940 1486 1980 finis
1516 1954 1610 1981 esse
1642 1941 1758 1981 Con-

288 2011 568 2051 stitutionum
601 2018 649 2052 ut
676 2013 927 2052 universum
957 2027 1114 2066 corpus
1139 2013 1374 2054 Societatis
1406 2020 1449 2053 et
1478 2015 1757 2067 particularia

289 2085 382 2137 ejus
420 2086 618 2125 membra
653 2085 708 2125 ad
746 2087 810 2125 sui
850 2089 1227 2127 conservationem
1267 2094 1309 2127 et
1342 2089 1673 2135 incrementum,
1699 2090 1754 2129 ad

287 2158 472 2212 gloriam
526 2159 610 2198 Dei
655 2166 698 2199 et
740 2160 993 2201 universalis
1042 2161 1250 2202 Ecclesiae
1303 2162 1469 2202 bonum
1518 2163 1755 2215 juventur;

288 2246 431 2285 neque
478 2233 594 2272 enim
635 2233 833 2274 Societas
880 2235 959 2274 sibi
1008 2240 1182 2275 tantum
1226 2236 1385 2286 studet,
1424 2250 1576 2276 verum
1621 2237 1755 2276 etiam

287 2307 502 2359 proximis
550 2308 771 2356 universis,
818 2322 960 2360 neque
1013 2309 1111 2349 ideo
1157 2310 1358 2350 instituta
1404 2316 1480 2359 est,
1520 2316 1568 2350 ut
1616 2311 1758 2363 priva-

287 2386 433 2420 torum
464 2381 713 2430 dumtaxat,
738 2383 811 2434 qui
836 2383 879 2422 in
904 2396 954 2422 ea
984 2383 1151 2436 degunt
1184 2384 1371 2424 salutem
1401 2390 1444 2424 et
1476 2385 1754 2425 sanctitatem

289 2460 469 2507 spectet,
486 2469 638 2495 verum
657 2456 790 2495 etiam
809 2462 856 2496 ut
874 2471 968 2497 sese
990 2458 1185 2510 porrigat
1203 2464 1246 2498 et
1264 2458 1457 2511 explicet
1475 2459 1529 2499 ad
1553 2459 1750 2498 omnium

287 2528 516 2569 hominum
569 2529 755 2569 salutem
808 2544 858 2570 ac
908 2531 1235 2584 perfectionem,
1278 2538 1331 2581 et,
1375 2538 1423 2572 ut
1477 2532 1637 2572 Paulus
1679 2532 1752 2580 ait,

288 2602 531 2643 exhibeant
573 2617 749 2643 omnem
787 2604 1012 2645 hominem
1055 2607 1299 2659 perfectum
1338 2606 1381 2645 in
1421 2605 1597 2646 Christo
1639 2606 1754 2658 Jesu.

289 2676 437 2729 Quare
478 2677 552 2729 qui
594 2678 636 2716 in
680 2692 732 2717 ea
772 2685 884 2727 sunt,
924 2679 958 2719 si
1001 2694 1047 2720 se
1089 2680 1170 2733 ipsi
1214 2680 1333 2720 omni
1371 2680 1519 2720 studio
1560 2693 1752 2732 curaque

287 2750 528 2804 perficiant,
563 2751 606 2790 id
645 2751 764 2803 quod
802 2752 1002 2805 diligenti
1038 2753 1417 2794 Constitutionum
1452 2753 1759 2794 observatione

742 2906 744 2908 v
764 2864 775 2883 ¹
803 2867 844 2897 In
868 2872 983 2908 qurest,
1005 2868 1091 2899 circa
1114 2867 1269 2908 regulam.

632 2915 644 2934 2
669 2917 733 2948 Bib
756 2922 853 2949 ascet.
1099 2917 1112 2937 3
1138 2919 1224 2950 Coll.
1246 2919 1302 2957 xi„
1324 2929 1350 2949 c.
1371 2928 1402 2958 4.
