1903 3197
266 192 359 250 348
588 192 666 238 De
698 193 888 239 ratione
921 194 1115 240 vivendi
1148 194 1409 242 Socz'etatz's.

262 323 466 364 dominus
520 325 702 365 domum
756 327 896 366 carnis
952 327 1172 376 deleverit,
1235 329 1506 382 domumque
1565 330 1726 371 animae

261 397 554 448 aedificaverit,
602 399 760 439 frustra
812 401 1029 454 quispiam
1081 402 1195 441 hanc
1232 402 1476 454 jejunando
1527 417 1578 443 ac
1617 404 1726 458 vigi-

261 470 394 511 lando
436 472 659 513 destruere
700 474 878 524 nititur3
930 476 1039 516 offer
1079 483 1182 516 ante
1226 476 1377 517 oculos
1418 483 1517 517 tuos
1558 477 1726 518 domini

261 546 403 586 carnis
436 547 680 588 naturalem
713 549 1024 598 infirmitatem,
1064 557 1106 590 et
1138 556 1260 591 tuam
1293 550 1547 592 humiliatus
1589 552 1727 592 imbe-

260 619 487 661 cillitatem
521 635 774 674 agnoscens,
812 638 986 677 prorsus
1019 626 1191 678 suscipe
1232 627 1276 665 in
1314 626 1478 666 intimis
1510 626 1726 666 castitatis

261 693 463 735 donum.”
1200 692 1209 700 “

348 769 577 822 Quantum
628 778 776 812 autem
829 774 1014 825 quisque
1065 774 1145 813 sibi
1198 775 1291 827 ipse
1332 774 1500 821 diffidit,
1551 781 1723 815 tantum

260 844 359 884 Deo
391 845 584 885 confidat
616 852 801 899 oportet,
827 853 870 886 et
901 861 1000 886 cum
1031 847 1285 900 Augustino
1318 849 1462 889 dicat:
1496 849 1726 890 “Domine

257 920 574 959 continentiam
622 920 762 971 jubes,
815 921 872 960 da
924 922 1043 973 quod
1104 922 1243 974 jubes,
1292 922 1398 974 jube
1459 924 1578 976 quod
1621 924 1724 965 vis.'’

258 993 483 1046 Exemplo
534 994 662 1034 nobis
715 996 770 1034 sit
824 995 1085 1035 Pachomius
1137 997 1286 1045 abbas,
1339 998 1413 1049 qui
1463 998 1505 1037 in
1552 1000 1723 1051 magnis

257 1067 560 1120 diuturnisque
628 1069 819 1109 libidinis
883 1070 1201 1111 tentationibus
1272 1077 1405 1124 atque
1483 1073 1721 1121 ardoribus,

255 1155 355 1181 cum
409 1155 488 1181 suo
540 1144 710 1195 corpori
760 1144 959 1196 aspidem
1012 1145 1292 1193 admovisset,
1336 1151 1384 1185 ut
1432 1145 1525 1198 ejus
1577 1160 1723 1187 morsu

254 1215 390 1255 vitam
430 1230 529 1255 cum
567 1218 811 1257 tentatione
853 1218 1006 1266 finiret,
1045 1232 1199 1258 vocem
1241 1233 1299 1258 ex
1336 1220 1508 1259 occulto
1547 1221 1724 1261 missam

254 1289 560 1342 hujuscemodi
612 1291 805 1331 audivit:
869 1292 1029 1332 “Vade
1083 1292 1302 1341 Pachomi,
1347 1300 1391 1333 et
1432 1308 1457 1334 a
1508 1296 1726 1336 sententia

255 1364 428 1414 desiste,
467 1364 567 1405 ideo
605 1365 721 1404 enim
759 1371 803 1406 et
841 1366 963 1406 Deus
1000 1368 1151 1407 vexari
1188 1368 1396 1421 permisit,
1436 1374 1484 1408 ut
1520 1375 1563 1409 et
1600 1375 1722 1409 tuam

253 1451 469 1491 agnoscas
511 1439 812 1480 infirmitatem
855 1446 898 1480 et
940 1441 1114 1481 Divinae
1161 1443 1314 1494 gratiae
1348 1443 1448 1490 vim,
1490 1443 1546 1482 ad
1590 1457 1722 1496 quam

255 1513 491 1564 confugere
528 1519 624 1553 tuto
667 1513 864 1555 debeas.’'
948 1514 1133 1567 Signum
1177 1522 1325 1556 autem
1370 1516 1473 1568 ejus,
1515 1518 1587 1569 qui
1631 1532 1721 1557 suae

253 1586 403 1627 virtuti
436 1587 621 1627 nimium
648 1588 756 1637 fidit,
791 1595 856 1628 est
889 1603 987 1629 cum
1020 1590 1221 1641 periculis
1245 1597 1288 1630 et
1321 1590 1565 1631 manifestis
1597 1606 1721 1632 occa-

253 1661 449 1701 sionibus
491 1676 586 1702 sese
629 1663 824 1715 exponit,
857 1662 936 1703 has
978 1664 1095 1703 enim
1131 1665 1328 1716 quisquis
1371 1665 1590 1705 declinare
1632 1680 1720 1707 non

252 1735 412 1783 studet,
444 1749 498 1775 ne
527 1737 615 1776 vim
644 1737 824 1789 quidem
858 1738 912 1777 ad
947 1738 1238 1778 resistendum
1268 1752 1293 1778 a
1324 1739 1422 1779 Deo
1454 1740 1639 1792 accipit;
1674 1747 1722 1781 ut

251 1808 334 1849 hoc
357 1810 501 1862 ipsum
525 1811 635 1850 infra
658 1811 864 1864 pluribus.

339 1883 510 1936 Quarta
540 1885 677 1925 virtus
714 1891 779 1925 est
811 1887 1023 1938 patientia
1062 1901 1112 1926 ac
1145 1888 1378 1928 tolerantia
1412 1890 1720 1937 tentationum,

249 1971 348 2010 quae
381 1958 641 1999 humilitatis
676 1966 741 1999 est
776 1960 893 2010 filia;
927 1961 1103 2001 humilis
1139 1963 1267 2011 enim,
1298 1976 1396 2014 qua:
1432 1977 1456 2002 a
1493 1964 1590 2004 Deo
1625 1978 1722 2017 per-

250 2032 495 2082 mittuntur,
521 2034 748 2074 moderate
778 2034 870 2083 fert,
895 2041 938 2074 et
970 2037 1188 2088 patienter
1220 2042 1427 2089 expectat
1458 2038 1563 2077 dum
1594 2052 1718 2081 suam

252 2106 373 2146 Deus
403 2107 635 2148 dexteram
670 2110 875 2161 porrigat.
941 2108 1089 2161 Quare
1127 2110 1172 2149 B.
1199 2111 1419 2163 Ephraem,
1455 2112 1497 2151 in
1533 2112 1720 2153 Contro-

247 2181 388 2220 versia
411 2181 466 2221 de
488 2182 738 2234 virginitate
761 2189 803 2222 et
826 2184 1116 2224 continentia:
1146 2184 1411 2232 “Fratrem,”
1435 2185 1577 2237 inquit
1600 2186 1719 2226 “sive

248 2268 440 2295 sororem
471 2256 725 2308 aggreditur
746 2257 934 2305 daemon,
959 2258 1020 2296 sic
1043 2271 1117 2297 eos
1140 2258 1308 2298 affatur.
1356 2260 1365 2276 ‘
1381 2258 1496 2298 Ecce
1519 2261 1717 2312 quotidie

248 2327 548 2369 fornicationis
590 2330 779 2370 stimulis
821 2331 1087 2382 concitaris;
1140 2345 1228 2384 quo
1276 2346 1414 2384 usque
1466 2333 1714 2375 molestiam

246 2416 344 2442 eam
378 2404 557 2443 sufferes
590 2411 633 2444 et
664 2405 837 2457 patiens
870 2404 1006 2445 e1·is?’
1069 2405 1145 2445 Ad
1173 2409 1317 2458 quem,
1343 2406 1498 2448 frater:
1536 2409 1714 2450 ‘Donec

249 2477 493 2525 Dominus,’
527 2478 679 2530 inquit,
715 2480 981 2531 ‘respexerit
1023 2480 1066 2519 in
1108 2479 1405 2521 humilitatem
1444 2489 1486 2522 et
1518 2482 1715 2524 laborem

250 2564 410 2601 meum,
448 2552 730 2605 remittatque
762 2553 962 2593 universa
993 2560 1175 2606 peccata
1207 2555 1364 2596 mea.‘''
1448 2556 1507 2596 Et
1541 2557 1717 2598 Marcus

245 2624 575 2666 Anachoretus:
610 2627 894 2676 “Patientia,’'
928 2628 1080 2680 inquit,
1106 2632 1179 2669 “et
1208 2630 1406 2670 oratione
1428 2631 1622 2683 fuganda
1649 2639 1714 2672 est

244 2700 442 2750 tentatio,
467 2714 566 2753 quae
601 2702 634 2741 si
670 2702 826 2751 absint,
862 2703 895 2741 si
931 2708 974 2742 te
1016 2703 1077 2742 illi
1112 2705 1380 2756 opposueris,
1411 2705 1716 2746 vehementius

243 2780 287 2814 te
310 2774 647 2828 impugnabit.’'1
682 2777 741 2816 Et
764 2776 818 2816 de
843 2776 964 2829 Lege
988 2776 1213 2830 Spirituali
1233 2793 1240 2818 :
1275 2780 1295 2797 “
1311 2777 1398 2830 Qui
1422 2779 1529 2819 citra
1555 2781 1715 2820 oratio-

242 2862 343 2888 nem
372 2855 414 2889 et
446 2849 707 2902 patientiam
731 2851 997 2891 tentationes
1018 2852 1191 2892 vincere
1215 2853 1411 2903 voluerit,
1435 2867 1713 2906 nequaquam

885 2941 897 2959 1
922 2942 1018 2983 Disp.
1040 2951 1070 2982 3.
