1903 3197
351 148 442 192 392
683 132 762 178 De
795 132 986 179 ratione
1018 131 1211 178 vivendi
1245 131 1506 178 Socz'etalz's.

438 266 540 306 Hoc
575 265 722 306 studio
756 272 889 318 atque
922 265 1004 306 hac
1038 280 1140 306 cura
1172 265 1349 306 lectioni
1385 277 1519 316 opera
1549 262 1696 303 danda
1726 270 1823 314 est·,

348 347 483 382 restat
535 347 582 381 ut
640 340 762 393 cujus
814 341 995 381 tandem
1048 340 1193 381 futura
1248 340 1304 379 sit
1366 338 1539 391 generis
1590 337 1815 378 indicetur.

349 415 543 456 Facilem
577 429 674 455 eam
709 414 977 455 Constitutio
999 414 1204 468 postulat,
1236 420 1280 454 et
1310 417 1405 452 “ex
1428 412 1502 465 pio
1526 411 1672 464 potius
1694 411 1821 461 libro,

349 503 482 542 quam
525 489 699 537 difficili,
737 502 867 541 quem
920 487 1110 541 capere,”
1149 488 1303 540 inquit,
1344 489 1424 526 “et
1465 499 1492 525 a
1533 498 1620 537 quo
1665 498 1824 525 omnes

345 563 485 615 juvari
527 562 731 616 possint.''
795 563 911 602 Nam
950 576 1029 603 nec
1063 575 1216 602 omnes
1253 574 1381 613 aeque
1414 573 1492 612 per
1534 559 1696 612 ingenii
1741 565 1817 598 aut

348 638 542 678 scientize
580 637 834 677 facultatem
872 637 1044 689 assequi
1082 641 1267 690 possunt
1301 649 1352 675 ea
1387 648 1485 687 quae
1526 632 1740 685 leguntur,
1775 639 1817 672 et

348 713 375 752 ii
419 712 500 765 ipsi
535 712 609 764 qui
651 712 830 751 scientia
873 711 1137 763 ingenioque
1171 716 1273 750 sunt
1314 708 1503 762 praediti,
1549 708 1583 747 si
1627 721 1694 747 res
1731 707 1823 746 sint,

348 787 630 835 obscuriores,
669 800 755 825 non
797 785 982 824 libenter
1023 784 1066 824 id
1109 783 1319 836 temporis
1364 782 1578 834 adjiciunt
1619 781 1816 821 animum

347 861 404 901 ad
451 861 694 901 lectionem.
780 860 904 899 Facit
944 865 1094 898 autem
1139 857 1410 898 Constitutio
1458 861 1726 908 potestatem
1769 861 1819 895 ut

348 948 427 987 pro
461 934 647 974 lectione
679 933 829 973 concio
865 931 1084 973 interdum
1113 930 1340 979 habeatur,
1369 930 1439 970 vel
1474 929 1640 981 aliquid
1674 929 1816 969 simile

347 1007 404 1048 ad
428 1008 511 1047 Dei
535 1007 719 1060 gloriam
742 1006 819 1047 fiat
837 1004 868 1056 ;1
900 1012 948 1046 ut
970 1019 1069 1045 cum
1092 1004 1160 1045 vel
1183 1004 1267 1057 piae
1291 1003 1451 1056 aliquae
1474 1002 1826 1043 declamationes.

348 1082 667 1133 orationesque,
720 1079 1049 1120 exercitationis
1101 1079 1253 1132 gratia,
1302 1076 1371 1117 vel
1423 1076 1610 1130 publicae
1658 1075 1817 1128 aliquae

349 1155 683 1202 admonitiones,
713 1155 829 1194 unde
864 1154 1052 1207 plurima
1088 1153 1144 1193 ad
1179 1153 1402 1192 universos
1437 1156 1608 1203 spectat
1640 1150 1826 1199 utilitas,

349 1228 498 1269 haberi
536 1228 688 1269 solent.
766 1227 898 1280 Quod
938 1228 972 1267 si
1011 1227 1117 1267 nihil
1154 1225 1310 1266 horum
1351 1225 1571 1264 interdum
1615 1224 1731 1263 unde
1773 1237 1819 1263 se

350 1308 502 1355 pascat
544 1302 727 1350 animus,
760 1301 828 1341 vel
871 1316 949 1355 per
990 1301 1073 1341 loci
1116 1299 1382 1346 facultatem,
1415 1297 1483 1338 vel
1525 1311 1603 1350 per
1643 1303 1821 1349 tempus

350 1376 499 1416 haberi
529 1381 674 1428 queat,
698 1382 793 1415 tum
823 1375 1069 1415 audiendus
1100 1380 1165 1414 est
1189 1373 1438 1413 Bernardus
1465 1372 1538 1424 qui
1568 1370 1623 1410 de
1652 1383 1819 1410 memo-

350 1450 412 1490 ria
439 1450 667 1490 suavitatis
696 1449 890 1498 Domini,
913 1450 982 1491 vel
1011 1449 1335 1501 Scripturarum
1359 1445 1536 1498 aliquid,
1560 1444 1678 1497 quod
1711 1444 1817 1484 dum

351 1523 586 1585 reficimur,
615 1530 810 1564 mentem
853 1530 1017 1576 pascat,
1056 1528 1244 1563 tractare
1285 1521 1434 1561 animo
1475 1525 1609 1571 atque
1651 1518 1819 1571 agitare

350 1611 429 1637 nos
448 1597 573 1649 jubet
592 1596 619 1648 ;2
646 1604 688 1638 et
711 1598 754 1638 id
779 1598 922 1650 ipsum
942 1597 1099 1637 suadet
1122 1597 1285 1636 Beatus
1298 1591 1587 1634 Vincentius.3
1618 1592 1817 1632 Tametsi

352 1672 596 1712 cavendum
636 1678 702 1712 est
737 1685 790 1711 ne
824 1671 1009 1723 agitatio
1045 1670 1205 1710 mentis
1239 1667 1455 1720 ejusmodi
1489 1668 1547 1706 sit
1578 1680 1678 1718 quae
1703 1665 1821 1706 vale-

351 1745 492 1785 tudini
528 1745 691 1785 offieiat
720 1745 1001 1798 corporisque
1036 1744 1274 1791 refectioni,
1308 1754 1451 1794 neque
1485 1741 1599 1780 enim
1634 1746 1729 1779 tum
1762 1753 1820 1779 ex

351 1819 552 1859 instituto
591 1819 806 1859 orandum
846 1825 923 1868 est,
953 1817 1031 1858 sed
1067 1818 1153 1871 piae
1189 1817 1336 1870 potius
1369 1815 1666 1868 jucundaeque
1703 1815 1821 1866 cogi-

351 1893 531 1933 tationis
563 1892 702 1946 epulis
730 1906 854 1932 mens
878 1892 1047 1940 alenda,
1071 1904 1205 1944 quarn
1229 1889 1527 1930 subtilioribus
1550 1893 1832 1929 commenta-

351 1967 546 2007 tionibus
569 1966 804 2020 alliganda.
846 1967 906 2007 Et
928 1980 985 2006 ex
1008 1966 1104 2019 ipsa
1132 1965 1328 2005 ciborum
1359 1968 1526 2010 natura,
1555 1969 1602 2002 ut
1635 1961 1822 2001 Basilius

352 2041 562 2094 praecipit,
610 2041 915 2093 sumentisque
959 2040 1151 2093 corporis
1200 2038 1343 2078 officio
1388 2037 1602 2077 sumenda
1649 2035 1821 2075 occasio

355 2114 668 2168 “glorificandi
712 2114 808 2163 Dei,
858 2121 907 2154 ut
956 2114 1087 2154 variae
1130 2113 1326 2152 ciborum
1368 2110 1533 2164 species
1574 2109 1820 2149 salubritati

353 2189 700 2241 proprietatique
732 2201 965 2240 corporum
1009 2187 1328 2230 convenientes,
1365 2185 1421 2225 ab
1463 2198 1515 2224 eo
1556 2184 1630 2235 qui
1662 2188 1821 2223 cuncta

352 2262 676 2315 sapientissime
712 2261 939 2313 dispensat
981 2261 1250 2312 excogitatae
1292 2256 1451 2299 sunt.'’4
1525 2256 1679 2309 Atque
1726 2256 1821 2296 haec

354 2341 398 2375 et
444 2335 499 2374 de
546 2348 668 2374 sacra
712 2348 875 2374 mensae
918 2333 1116 2382 lectione,
1150 2339 1194 2373 et
1239 2332 1294 2371 de
1346 2338 1441 2372 tota
1492 2330 1694 2371 sumendi
1736 2330 1819 2370 cibi

352 2408 586 2461 disciplina
617 2409 704 2448 sint
735 2408 862 2448 dieta.

440 2482 517 2522 Ad
549 2482 762 2522 honorem
795 2488 838 2522 et
868 2481 1052 2534 gloriam
1085 2480 1234 2533 magni
1268 2479 1363 2520 Dei.
1425 2478 1585 2518 Amen.

483 2621 495 2641 ²
520 2623 555 2655 P.
577 2630 605 2663 3.
627 2633 653 2654 c.
679 2631 704 2654 1.
727 2623 742 2660 ἓ
760 2628 788 2662 5.
810 2622 855 2652 lit.
878 2622 917 2652 E.
1165 2619 1178 2637 2
1202 2620 1258 2650 Ad
1276 2620 1406 2651 Fratres
1423 2620 1464 2650 de
1482 2619 1588 2650 Mont.
1610 2618 1685 2649 Dei.

548 2673 561 2692 ³
585 2674 693 2705 Traet.
709 2673 777 2704 Vit.
801 2673 886 2714 Spir.
910 2683 936 2703 c.
959 2678 988 2712 7.
1146 2670 1160 2689 4
1184 2671 1247 2712 Ep.
1273 2679 1298 2702 1.
1319 2671 1361 2701 ad
1386 2670 1484 2711 Greg.
1501 2669 1619 2700 Theol.
