1903 3197
415 158 651 204 Studium
685 159 914 204 servandi
951 161 1332 208 constitutiones.
1551 178 1565 207 1
1581 178 1606 220 9

125 289 340 331 ‘conditio
374 304 523 330 eorum
561 290 676 330 tollit
709 304 909 340 errorem,
943 293 1016 343 qui
1050 292 1092 331 in
1125 293 1348 333 servandis
1382 293 1607 333 Constitu—

144 365 337 405 tionibus
370 364 640 417 gravioribus
673 364 867 404 studium
891 365 971 404 sibi
1006 366 1266 406 existimant
1294 366 1607 417 adhibendum,

142 439 188 478 in
222 438 452 478 levioribus
488 438 782 478 minoribusve
805 451 892 478 non
922 438 1038 478 item.
1102 439 1184 478 Est
1214 439 1330 478 enim
1364 454 1603 492 paucorum

145 511 516 553 Constitutionum
535 511 733 551 omnium
751 511 818 551 vel
842 511 1123 551 minimorum
1142 512 1312 565 integra
1328 513 1574 554 observatio
1597 530 1605 563 ;

139 586 256 638 quia,
279 591 326 625 ut
345 578 408 624 ait
442 584 657 634 Basilius,l
679 586 976 637 quorumlibet
1008 586 1271 637 evangelicae
1294 586 1395 626 vitae
1428 599 1606 627 conver-

139 659 357 699 sationem
400 658 603 710 deligere,
641 659 968 699 observantiam
1005 672 1108 698 vero
1145 659 1259 698 illius
1297 659 1429 699 etiam
1467 673 1605 712 usquc

141 732 196 772 ad
227 732 518 772 minutissima
550 733 777 781 deducere,
810 732 892 772 hoc
915 732 1095 772 demum
1128 746 1153 772 a
1184 733 1346 785 paucis,
1371 734 1445 785 qui
1478 733 1605 773 nobis

139 806 226 845 sint
257 806 432 858 cogniti,
466 812 710 859 prcestatur.
774 805 863 846 Sed
897 819 963 845 res
996 812 1062 846 est
1099 806 1230 858 plena
1263 806 1442 859 periculi
1478 807 1605 846 mini—

139 893 308 920 morum
342 880 558 932 jacturam
598 880 826 932 negligere.
907 880 1024 919 Nam
1058 880 1243 920 callidus
1279 880 1430 930 hostis,
1464 887 1512 921 ut
1544 881 1606 921 ait

138 953 180 995 S.
207 953 446 1006 Ephraem,2
467 968 544 1007 per
575 954 669 994 haec
701 968 799 1006 quse
832 953 1033 994 homines
1070 960 1118 994 ut
1151 954 1320 994 minimi
1353 968 1404 994 ac
1442 954 1603 994 nullius

137 1028 349 1068 momenti
402 1028 490 1067 fere
532 1028 770 1080 negligunt,
815 1041 889 1067 eos
931 1028 974 1066 in
1017 1028 1216 1067 maxima
1257 1034 1301 1068 et
1342 1028 1600 1081 gravissima

136 1102 381 1154 praecipites
404 1101 547 1141 trahit.
612 1102 670 1141 Et
703 1102 858 1141 beatus
883 1100 1049 1141 Isaias3
1071 1102 1187 1151 dicit,
1211 1102 1601 1154 quemadmodum,

135 1176 170 1214 si
208 1190 295 1228 qua
336 1176 378 1214 in
413 1175 531 1215 dolio
569 1175 724 1214 rimula
761 1175 924 1223 existit,
964 1175 1121 1215 diffluit
1159 1176 1320 1225 vinum,
1359 1182 1600 1228 antequam

136 1249 340 1289 dominus
373 1249 491 1298 sciat,
516 1249 551 1288 si
583 1249 810 1301 negligens
842 1255 933 1289 est:
967 1250 1027 1289 sic
1060 1249 1270 1301 quaelibet
1304 1263 1369 1289 res
1402 1250 1603 1302 quamvis

134 1324 297 1375 exigua
331 1322 519 1362 fructum
555 1322 725 1362 excutit
760 1321 951 1362 hominis
984 1323 1259 1375 negligentis.
1324 1323 1600 1376 Exemplum

132 1396 359 1437 consimile
393 1397 470 1436 dat
504 1395 745 1436 Anselmus
780 1396 835 1435 de
876 1396 1066 1449 piscinis,
1094 1397 1167 1436 ubi
1200 1402 1428 1437 servantur
1460 1410 1599 1449 aquae,

133 1485 231 1523 quae
268 1471 301 1510 si
330 1470 397 1510 vel
433 1470 635 1509 rimulam
670 1470 865 1510 habeant
897 1470 1229 1518 clandestinam,
1262 1471 1405 1511 omnis
1436 1472 1598 1511 sensim

132 1558 247 1596 aqua
278 1544 498 1584 dilabitur.
563 1544 688 1583 Idem
724 1544 839 1584 cerni
872 1544 973 1584 licet
1007 1544 1050 1584 in
1084 1544 1279 1597 navigiis,
1303 1558 1491 1597 quorum
1524 1559 1601 1598 per

131 1625 318 1671 angusta
353 1619 566 1658 foramina
601 1618 643 1657 in
673 1618 830 1658 carinae
861 1618 997 1658 fundo
1027 1618 1061 1658 si
1084 1632 1110 1658 a
1135 1619 1428 1671 gubernatore
1460 1619 1597 1671 negli-

132 1699 301 1746 gantur,
337 1692 541 1732 hauriunt
573 1698 616 1731 et
651 1705 739 1732 non
776 1692 965 1732 sentient
1002 1692 1090 1731 vim
1122 1705 1337 1744 aquarum
1373 1693 1490 1732 unde
1523 1692 1597 1733 illa

132 1773 393 1819 mergantur.
459 1765 517 1806 Et
539 1767 788 1819 negotiator
808 1766 1074 1819 imprudens,
1098 1767 1131 1806 si
1166 1767 1370 1806 minimos
1393 1773 1597 1819 sumptus

132 1840 336 1893 negligat,
369 1839 487 1879 brevi
523 1840 579 1879 ad
618 1840 811 1892 inopiam
847 1841 1077 1892 redigetur.
1142 1839 1211 1889 Et,
1245 1845 1293 1879 ut
1331 1839 1596 1892 Gregorius4

132 1915 175 1953 in
219 1912 461 1954 Moralibus
510 1913 580 1962 ait,
624 1913 666 1951 in
708 1926 795 1952 uno
837 1926 1117 1965 quocumque
1168 1913 1293 1965 lapsu
1334 1927 1360 1953 a
1402 1913 1593 1954 minimis

132 2001 305 2040 semper
346 1987 560 2039 incipitur,
594 1992 638 2026 et
670 1987 990 2026 successoribus
1024 1986 1268 2026 defectibus
1301 1986 1358 2026 ad
1392 1988 1595 2038 graviora

131 2062 413 2116 pervenitur:
466 2066 509 2100 et
560 2061 603 2099 in
657 2059 867 2099 Pastorali
919 2059 1012 2099 vult
1062 2061 1378 2108 admonendos,
1423 2061 1497 2112 qui
1549 2061 1593 2100 in

129 2136 319 2176 minimis
378 2135 625 2187 frequenter
675 2134 909 2183 excedunt,
962 2139 1010 2173 ut
1070 2133 1238 2173 solicite
1299 2133 1590 2183 considerent,

128 2211 247 2263 quod
281 2223 369 2250 non
403 2221 645 2260 numquam
682 2209 724 2247 in
758 2221 913 2260 parum
943 2208 1146 2257 deterius,
1180 2221 1314 2259 quam
1352 2208 1394 2246 in
1433 2207 1589 2260 majori

126 2285 256 2337 culpa
278 2289 509 2336 peccatur:
542 2283 664 2334 cujus
687 2283 902 2334 optimam
926 2282 1140 2321 rationem
1163 2281 1300 2321 affert.
1355 2281 1590 2334 Propterea

125 2360 185 2399 ita
223 2372 303 2398 nos
341 2355 618 2397 Bernardus5
656 2356 894 2396 admonet:
917 2355 1119 2395 “Cavete
1152 2355 1370 2408 deinceps,
1405 2369 1459 2395 ne
1491 2356 1589 2407 quis

125 2446 258 2485 parva
290 2437 427 2485 putet,
462 2429 705 2483 quamlibet
738 2442 871 2481 parva
905 2428 1090 2468 scienter
1122 2428 1376 2480 delinquere
1410 2429 1588 2468 convin-

125 2512 255 2546 catur.
333 2506 478 2545 Nemo
520 2505 637 2544 dicat
680 2504 722 2542 in
764 2502 894 2542 corde
931 2516 1021 2550 suo,
1064 2501 1175 2541 levia
1217 2507 1319 2541 sunt
1361 2503 1455 2552 ista,
1499 2516 1586 2542 non

125 2594 227 2620 curo
259 2580 497 2632 corrigere:
530 2591 616 2617 non
649 2583 715 2617 est
747 2590 957 2629 magnum
989 2576 1024 2615 si
1057 2576 1100 2615 in
1132 2575 1199 2615 his
1233 2589 1435 2615 maneam
1467 2577 1584 2615 veni-

126 2654 267 2694 alibus
299 2654 578 2705 minimisque
609 2651 810 2705 peccatis.
895 2650 1007 2690 Haec
1039 2656 1104 2689 est
1136 2650 1264 2697 enim,
1299 2649 1582 2697 dilectissimi,

126 2728 458 2780 impoenitentia,
500 2726 594 2766 haec
645 2725 919 2778 blasphemia
970 2725 1013 2763 in
1065 2723 1278 2776 Spiritum
1331 2721 1581 2763 Sanctum.''

121 2817 132 2835 ¹
158 2818 199 2848 In
223 2818 333 2848 Ascet.
355 2827 405 2857 ep.
427 2817 468 2847 ad
493 2816 640 2848 Canonic
665 2815 782 2856 quend.
899 2812 911 2831 ²
935 2814 1038 2846 Serin.
1060 2813 1103 2843 de
1126 2817 1284 2852 tempore.
1407 2809 1420 2828 ³
1446 2810 1501 2841 Or.
1527 2818 1574 2842 12.

160 2867 174 2885 4
193 2868 230 2899 L.
246 2878 326 2899 mor.
343 2876 394 2906 21,
411 2878 437 2899 c.
457 2876 505 2907 12,
520 2867 580 2899 vel.
598 2878 628 2908 q.
645 2875 674 2907 3,
690 2878 722 2908 p.
738 2871 822 2908 post.
838 2876 863 2898 c.
879 2874 929 2906 24.
1041 2863 1054 2882 5
1072 2865 1175 2896 Serm.
1195 2872 1220 2902 Ι,
1235 2863 1269 2893 in
1282 2871 1373 2893 conv.
1391 2861 1424 2893 S.
1441 2862 1531 2894 Paul.

288 2929 372 2960 C2
