1903 3197
238 183 333 242 584
559 182 640 228 De
675 183 866 228 ratione
899 183 1095 229 vivendi
1127 183 1388 230 Socz'etatz's.

233 328 365 367 saepe,
389 315 466 355 sed
499 316 720 368 praecipue
744 317 787 355 in
811 330 911 356 eum
935 315 1080 357 locum
1105 317 1229 358 Pauli
1259 316 1315 358 ad
1340 316 1446 358 Phil.
1470 329 1507 368 4.
1574 320 1593 337 “
1612 318 1712 359 Mo-

235 389 377 429 destia
408 395 553 429 vestra
586 395 693 429 nota
724 389 780 429 sit
817 389 1058 439 omnibus,‘’
1089 396 1168 431 etc.
1235 390 1532 441 “Modestia,’'
1556 391 1711 445 inquit,

236 468 259 483 “
274 464 398 516 quasi
424 463 543 503 modi
567 464 700 503 statio
718 464 888 512 dicitur,
905 465 1084 516 quando
1105 466 1263 506 modus
1287 471 1483 506 servatur
1504 467 1547 506 in
1570 467 1710 506 omni-

233 536 351 577 bus.’'
417 536 476 576 Et
514 536 823 589 Augustinus:
857 537 1157 587 “Modestia‚’'
1197 539 1349 591 inquit,
1389 539 1546 580 “dicta
1583 546 1650 580 est
1686 554 1711 580 a

236 611 382 659 modo,
415 616 462 650 ut
491 624 516 650 a
546 611 758 663 temperie
791 613 1115 665 temperantia:
1150 613 1223 652 ubi
1256 618 1405 653 autem
1440 612 1600 653 modus
1633 620 1715 661 est,

235 691 368 737 atque
399 685 661 738 tempe1·ies;
690 699 769 725 nec
798 685 897 738 plus
919 692 985 726 est
1009 687 1245 739 quicquam
1269 700 1348 726 nec
1371 687 1527 736 minus,
1552 686 1715 727 modus

235 765 384 799 autem
408 759 525 799 idem
556 765 621 799 est
654 773 704 799 ac
737 758 1008 799 mensura.''l
1072 760 1185 801 Cum
1217 761 1348 813 igitur
1379 761 1529 801 omnia
1561 766 1711 801 nostra

235 833 364 882 dicta,
404 832 530 881 facta,
569 834 775 885 cogitata,
822 847 1029 873 mensura
1072 834 1263 886 quadam
1308 836 1531 888 modoque
1573 835 1710 876 conti-

233 914 402 956 nentur,
435 907 622 947 dicimus
653 906 815 947 habere
847 921 897 947 ac
929 908 1039 947 tueri
1073 908 1348 948 modestiam.

324 981 538 1022 Definitio
571 981 665 1033 ejus
698 982 880 1033 integra,
904 988 951 1021 ut
983 995 1098 1022 nunc
1132 983 1361 1022 modestiae
1394 997 1557 1024 nomen
1589 997 1712 1024 acce-

235 1057 392 1109 pimus,
415 1070 465 1096 ea
489 1055 663 1095 videtur
685 1069 819 1108 quam
848 1055 984 1096 tradit
1019 1055 1061 1097 S.
1087 1055 1315 1097 Thomas.2
1377 1060 1397 1076 “
1416 1057 1533 1107 Est,''
1558 1058 1717 1111 inquit,

237 1135 259 1150 ‘⁶
278 1130 507 1179 modestia,
542 1130 690 1178 virtus,
732 1144 809 1183 per
845 1143 979 1182 quam
1023 1130 1180 1183 aliquis
1222 1131 1266 1171 in
1308 1131 1514 1172 omnibus
1551 1133 1713 1174 exteri-

235 1205 384 1245 oribus
407 1205 590 1244 modum
614 1210 746 1255 tenet,
766 1211 813 1244 ut
837 1218 924 1245 non
947 1205 1145 1246 offendat
1162 1205 1421 1258 cujusquam
1445 1206 1711 1260 aspectum.’'

239 1279 412 1319 Dicitur
445 1292 539 1319 esse
570 1280 736 1319 virtus:
776 1292 830 1318 ne
863 1279 960 1330 quis
1001 1285 1129 1332 putet
1162 1292 1254 1319 rem
1288 1280 1458 1320 minimi
1492 1294 1586 1321 esse
1619 1294 1712 1321 mo-

238 1353 375 1393 menti
394 1366 404 1402 ;
427 1352 504 1392 sed
528 1358 593 1393 est
611 1353 760 1400 virtus,
780 1359 828 1392 ut
852 1353 1003 1393 multae
1025 1352 1135 1402 aliae,
1154 1359 1359 1406 spectans
1382 1353 1438 1394 ad
1462 1354 1714 1396 interiorem

238 1427 373 1467 animi
407 1427 624 1476 decorem,
654 1433 702 1466 ut
734 1427 948 1467 idemmet
982 1428 1035 1466 D.
1057 1427 1215 1467 Thom.
1249 1428 1380 1468 docet
1413 1439 1448 1468 2.
1484 1439 1517 1467 2.
1553 1442 1590 1481 q.
1622 1429 1709 1468 168.

241 1501 358 1540 Nam
393 1501 493 1541 licet
526 1506 573 1540 ut
606 1514 721 1540 nunc
754 1501 1020 1540 modestiam
1054 1501 1304 1554 accipimus,
1339 1503 1382 1541 in
1420 1502 1719 1542 exterioribus-

241 1575 434 1627 corporis
472 1575 669 1615 motibus
709 1575 793 1614 sita
830 1574 915 1614 sit:
962 1581 1111 1615 tamen
1149 1575 1251 1627 quia
1290 1581 1436 1616 motus
1474 1576 1723 1617 exteriores.

241 1649 366 1700 signa
395 1655 498 1688 sunt
527 1649 744 1688 interioris
774 1649 1118 1701 compositionis,
1144 1656 1187 1689 et
1216 1651 1485 1690 exteriorum
1511 1656 1712 1691 motuum

243 1723 489 1763 moderatio
532 1722 711 1774 requirit
754 1722 1105 1762 moderationem
1156 1723 1438 1772 internorum,
1482 1731 1716 1777 propterea

241 1797 414 1837 virtutis
444 1798 659 1837 rationem
691 1797 844 1836 induit.
924 1796 1038 1837 Cum
1068 1804 1218 1838 autem
1248 1799 1304 1838 sit
1326 1799 1472 1846 virtus,
1497 1799 1552 1839 ad
1581 1813 1714 1840 unam

241 1872 435 1924 aliquam
485 1872 693 1912 virtutem
746 1872 988 1924 principem
1052 1886 1108 1911 ex
1171 1878 1361 1924 quatuor
1421 1872 1724 1914 cardinalibus.

244 1946 471 1986 referenda
513 1952 589 1986 est.
667 1945 874 1986 Refertur
915 1951 1076 1994 autem,
1121 1952 1168 1985 ut
1211 1960 1267 1986 ex
1311 1946 1468 1987 eodem
1521 1947 1717 1988 Doctore

242 2021 425 2074 planum
461 2019 521 2069 fit,
559 2020 614 2060 ad
653 2020 1005 2072 temperantiam,
1040 2026 1252 2072 tanquam
1294 2034 1396 2074 pars
1434 2020 1553 2073 ejus;
1596 2022 1715 2074 quod

244 2097 387 2149 ipsum
425 2095 635 2136 docuerat
672 2100 803 2134 antea
842 2094 997 2134 Cicero
1030 2094 1052 2133 l.
1090 2105 1124 2134 2.
1159 2095 1213 2134 de
1248 2093 1537 2135 Inventione.3
1597 2095 1715 2136 Nam

242 2169 536 2222 temperantia
578 2168 760 2208 modum
804 2168 985 2208 adhibet
1028 2168 1090 2217 iis,
1136 2182 1235 2221 quae
1287 2169 1503 2209 moderari
1546 2169 1716 2209 difficil-

243 2244 399 2283 limum
423 2248 500 2291 est,
521 2249 568 2283 ut
590 2248 691 2282 sunt
714 2243 978 2295 cupiditates
1002 2242 1099 2292 illae,
1119 2257 1218 2295 quae
1236 2243 1279 2282 in
1297 2242 1539 2283 tactionum
1562 2242 1717 2296 volup-

243 2323 335 2357 tate
352 2322 589 2356 versantur.
632 2316 853 2355 Modestia
877 2323 1037 2364 autem,
1056 2322 1269 2368 tanquam
1293 2330 1394 2369 pars
1410 2316 1716 2369 temperantiae

245 2391 390 2430 minus
423 2391 656 2443 praecipua,
692 2390 875 2429 modum
909 2389 1090 2429 adhibet
1122 2390 1183 2437 iis,
1218 2403 1317 2442 quae
1350 2390 1565 2430 moderari
1596 2389 1716 2430 haud

245 2467 306 2505 ita
344 2465 492 2516 magni
531 2464 696 2515 negotii
735 2469 801 2503 est
838 2470 885 2503 ut
923 2469 1024 2503 sunt
1061 2463 1301 2503 exteriores
1333 2464 1525 2516 corporis
1558 2469 1725 2513 motus„

245 2545 321 2579 aut
364 2538 497 2578 etiam
541 2537 784 2576 mediocres
826 2538 1033 2589 quaedam
1077 2537 1209 2577 animi
1261 2537 1625 2590 perturbationeS,
1667 2551 1718 2579 ac

244 2619 419 2653 motus:
463 2625 565 2652 nam
602 2611 897 2659 vehementes,
933 2618 980 2651 ut
1019 2611 1315 2664 significatum
1354 2617 1430 2660 est,
1464 2613 1720 2654 moderatur

243 2693 287 2728 et
321 2687 433 2740 regit
463 2699 622 2739 parens
654 2685 749 2738 ipsa
786 2686 1091 2738 temperantia.
1157 2686 1306 2738 Quare
1344 2685 1608 2726 modestiam
1641 2700 1717 2726 an-

241 2761 352 2813 tiqui
375 2760 643 2813 reliquerunt
675 2760 788 2799 circa
822 2760 1002 2808 minora,
1027 2761 1366 2813 temperantiam
1398 2760 1511 2800 circa
1538 2760 1715 2812 majora,

242 2841 290 2875 ut
323 2835 440 2875 idem
475 2834 517 2875 S.
538 2833 696 2874 Thom.
723 2834 839 2873 dicit.
908 2834 1079 2874 Dicitur
1110 2840 1324 2887 praeterea
1356 2835 1399 2874 in
1432 2833 1717 2874 definitione:

281 2924 291 2943 ¹
319 2925 394 2956 Lib.
414 2925 457 2956 de
473 2925 559 2956 beat.
582 2925 638 2956 vit.
661 2929 705 2956 to.
727 2933 753 2955 1.
826 2923 838 2942 ²
864 2924 904 2955 In
922 2924 1028 2965 Epist.
1050 2925 1092 2956 ad
1110 2924 1222 2956 Titum
1240 2935 1267 2955 c.
1290 2932 1319 2965 3.
1391 2923 1405 2942 ³
1430 2924 1470 2964 Q.
1496 2923 1565 2955 160.
1587 2934 1615 2956 a.
1641 2932 1667 2956 1.
