1903 3197
208 77 303 134 566
532 71 614 118 De
645 70 837 117 ratione
870 67 1064 115 vivendi
1102 66 1365 114 Socz‘etatz's.

208 205 462 255 dormiunt;
496 204 540 243 in
573 201 859 243 multitudine
890 215 1042 242 eorum
1075 200 1349 241 consumitur
1369 199 1682 240 vestimentum

208 291 372 328 meum,
410 283 453 318 et
491 277 617 330 quasi
659 276 824 329 capitio
865 276 1027 316 tunicae
1064 274 1378 314 succinxerunt
1420 286 1516 313 me:
1563 286 1682 314 com-

207 358 388 407 paratus
423 364 519 392 sum
555 349 684 391 luto.''
748 351 857 390 Erat
892 350 1010 390 enim
1043 354 1169 389 tanta
1194 348 1410 388 vermium
1446 346 1683 388 multitudo

208 440 234 468 e
283 425 464 467 tabifico
516 425 591 465 illo
650 425 835 465 humore
892 423 1183 471 manantium,
1237 427 1285 461 ut
1346 420 1507 474 pellem
1559 435 1682 462 suam

208 501 279 542 vel
330 513 520 549 carnem,
574 512 708 551 quam
760 499 1075 539 vestimentum
1128 495 1335 549 appellat,
1386 501 1529 535 totam
1582 509 1684 536 con-

213 581 439 616 sumerent
480 579 616 627 atque
658 574 971 613 immutarent:
1022 571 1227 612 hebraice
1269 570 1386 610 enim
1434 576 1529 610 est:
1592 570 1685 610 “In

210 650 352 691 multa
388 650 429 689 vi
472 654 669 688 mutatur
705 647 1018 687 vestimentum
1058 659 1216 693 meum,
1253 645 1315 685 ita
1352 650 1400 684 ut
1442 657 1530 684 non
1571 644 1685 697 pelle

209 738 438 777 carneque,
473 728 520 763 ut
552 728 696 771 antea,
719 722 797 761 sed
829 721 972 760 ulcere
1004 726 1048 761 et
1080 720 1201 760 sanie
1232 725 1363 767 totus,
1388 723 1581 771 quantus
1604 732 1686 771 ego

209 812 319 848 sum,
343 796 587 850 contegar.'‘
644 796 696 836 Id
719 795 838 848 quod
861 794 1005 834 verbis
1032 794 1364 846 insequentibus
1388 793 1529 846 magis
1551 793 1684 833 etiam

209 871 415 925 explicat.
479 870 578 909 “Et
619 869 744 921 quasi
793 868 956 921 capitio
998 868 1159 908 tunicae
1202 867 1515 907 succinxerunt
1551 866 1685 907 me:‘'

209 946 293 986 hoc
337 950 414 993 est,
460 950 507 984 ut
548 943 736 983 habetur
784 941 1011 990 hebraice,
1060 939 1224 981 “Sicut
1269 954 1318 980 os
1368 940 1541 990 tunicae,
1585 953 1684 992 quae

212 1019 375 1061 collum
418 1018 555 1071 cingit
596 1023 831 1069 totumque
882 1015 1044 1056 deinde
1085 1029 1243 1068 corpus
1283 1014 1436 1068 operit,
1489 1014 1551 1055 ita
1602 1028 1684 1067 ego

209 1099 330 1135 totus
368 1108 394 1133 a
431 1091 543 1133 collo
581 1091 638 1132 ad
680 1091 816 1144 pedes
853 1090 1047 1143 pessima
1083 1090 1187 1130 tabe
1228 1089 1438 1142 sanieque
1474 1093 1685 1141 contegor

211 1174 256 1208 et
308 1166 643 1220 quodammodo
686 1163 982 1216 succingor;”
1037 1163 1136 1204 ideo
1181 1165 1501 1216 “comparatus
1549 1161 1684 1210 sum,”

211 1241 364 1294 inquit,
409 1238 606 1290 “luto;”
670 1239 877 1278 nimirum
929 1243 1111 1291 propter
1159 1236 1353 1277 ulcerum
1406 1235 1590 1276 furfures
1642 1242 1685 1276 et

212 1315 493 1368 porriginem.
580 1314 631 1354 Id
676 1313 795 1366 quod
837 1318 940 1352 ante
983 1312 1169 1361 dixerat,
1212 1325 1245 1351 c.
1275 1321 1312 1363 7.
1377 1310 1577 1351 “Induta
1619 1316 1686 1350 est

211 1403 313 1430 caro
336 1403 434 1429 mea
466 1388 699 1442 putredine
722 1393 765 1427 et
788 1386 990 1427 sordibus
1023 1385 1248 1438 pulveris,'’
1272 1386 1316 1426 id
1346 1391 1412 1425 est
1444 1384 1618 1424 furfuris
1642 1390 1686 1424 et

211 1464 457 1518 porriginis,
496 1477 596 1516 quae
634 1462 746 1502 inter
782 1460 1069 1514 scalpendum
1108 1459 1350 1500 decidebat.
1415 1460 1489 1499 Ex
1524 1459 1684 1512 quibus

213 1537 398 1590 intelligi
441 1542 600 1590 potest,
644 1548 778 1589 quam
821 1533 990 1574 foedum
1033 1540 1148 1574 esset
1188 1533 1491 1587 spectaculum
1537 1533 1686 1573 videre

212 1617 414 1652 sanctum
471 1612 612 1651 virum
671 1610 731 1649 sic
792 1607 1101 1656 deformatum,
1159 1613 1208 1648 ut
1268 1606 1405 1647 oculis
1461 1606 1685 1647 horrorem

212 1687 437 1733 incuteret,
469 1690 513 1725 et
547 1684 665 1737 apud
698 1695 851 1723 omnes
884 1681 1140 1722 redderetur
1170 1680 1490 1722 abominabilis.
1567 1679 1688 1721 Dicit

214 1761 330 1801 enim
375 1761 468 1812 ipse
510 1759 566 1799 de
608 1771 681 1797 se:
725 1756 1093 1797 “Abominantur
1135 1768 1216 1805 me,
1254 1761 1298 1795 et
1339 1754 1469 1806 longe
1511 1754 1688 1808 fugiunt

214 1849 240 1875 a
272 1848 354 1884 me,
389 1840 432 1874 et
464 1834 622 1874 faciem
661 1844 806 1872 meam
848 1843 1090 1883 conspuere
1132 1842 1219 1870 non
1252 1828 1490 1869 verentur.‘'
1553 1828 1685 1882 Quid,

213 1909 333 1962 quod
377 1908 438 1948 ita
481 1920 581 1948 eum
625 1906 805 1945 morbus
856 1903 1066 1957 pestilens
1117 1903 1450 1949 deformaverat,
1495 1909 1543 1943 ut
1584 1915 1684 1943 eum

213 1989 302 2023 tres
345 1982 437 2034 ejus
479 1981 621 2029 amici,
661 1980 735 2033 qui
773 1978 1030 2019 consolandi
1072 1978 1213 2031 gratia
1254 1982 1559 2026 convenerant,
1598 1989 1685 2016 non

213 2055 503 2110 agnoverint?
568 2054 738 2094 Idcirco
771 2053 887 2093 enim
920 2065 1008 2092 non
1041 2056 1325 2105 agnoverunt,
1356 2057 1404 2091 ut
1434 2051 1496 2090 ait
1529 2049 1684 2103 Olym-

213 2131 437 2184 piodorus,
456 2130 559 2182 quia
581 2129 787 2180 antiquas
809 2126 1003 2179 corporis
1025 2132 1153 2166 notas
1170 2130 1284 2165 tetra
1306 2124 1397 2164 lues
1419 2123 1682 2164 obliterarat.

216 2205 278 2245 Et
320 2204 499 2256 quidem
552 2203 608 2243 de
660 2216 706 2242 se
759 2200 831 2241 ille
873 2200 1008 2240 dicit:
1052 2198 1195 2239 “Pelli
1248 2212 1370 2248 meae,
1413 2198 1685 2250 consumptis

215 2278 431 2326 carnibus,
455 2276 644 2317 adhaesit
677 2290 726 2315 os
758 2287 919 2323 meum,
944 2279 988 2314 et
1014 2273 1222 2313 derelicta
1243 2278 1346 2312 sunt
1374 2272 1686 2312 tantummodo

214 2352 333 2393 labia
354 2353 469 2392 circa
492 2351 646 2390 dentes
675 2347 847 2389 meos:”
872 2353 916 2388 et
942 2361 1034 2400 cap.
1061 2357 1125 2398 30.
1151 2346 1313 2386 “Cutis
1336 2359 1434 2385 mea
1456 2345 1687 2398 denigrata

215 2432 282 2468 est
323 2439 454 2479 super
495 2438 577 2473 me,
617 2431 660 2464 et
702 2437 803 2464 ossa
844 2436 944 2462 mea
985 2427 1192 2462 aruerunt
1234 2434 1324 2473 prae
1366 2419 1606 2469 caumate,”
1641 2420 1684 2460 id

214 2506 292 2551 est,
315 2515 406 2554 prae
430 2500 624 2540 ulcerum
654 2498 867 2539 incendio.
933 2495 1075 2548 Quale
1107 2496 1240 2548 igitur
1269 2508 1426 2548 corpus
1455 2494 1561 2535 illud
1594 2501 1686 2535 erat

214 2576 270 2616 ad
335 2575 449 2615 hanc
514 2574 700 2614 maciem
767 2572 1049 2624 coloremque
1113 2569 1378 2610 redactum?
1474 2568 1686 2621 Augebat

212 2648 438 2690 horrorem
492 2648 634 2688 morbi
687 2659 988 2698 nauseamque
1039 2645 1232 2698 gravitas
1284 2644 1441 2693 odoris,
1484 2657 1594 2696 quae,
1638 2649 1685 2683 ut

215 2722 561 2775 Chrysostomus
591 2722 663 2771 ait,
687 2726 782 2761 erat
804 2720 898 2773 ipsa
925 2724 1051 2772 peste
1073 2717 1309 2766 molestior,
1333 2723 1381 2757 ut
1410 2730 1497 2756 non
1526 2717 1683 2757 mirum

212 2796 247 2835 si
271 2801 365 2836 tum
389 2796 590 2848 fugerent
612 2794 811 2835 universi.
853 2794 922 2833 De
945 2806 1032 2846 quo
1055 2792 1212 2832 foetore
1234 2790 1359 2844 plura
1382 2791 1514 2830 etiam
1538 2790 1656 2830 infra.
