1903 3197
297 182 391 228 228
618 179 699 225 De
730 179 920 226 ratione
953 180 1145 227 vivendi
1177 180 1437 228 Socz'elalz‘s.

293 317 361 353 est
390 311 537 365 potius
574 311 618 350 in
654 312 807 364 patria,
840 325 972 364 quam
1005 313 1296 365 perfectorum
1329 311 1560 353 hominum
1594 314 1638 354 in
1670 314 1755 356 hac

291 386 410 435 vita;
455 390 516 436 ut,
550 397 608 424 ex
647 385 881 435 Bernardo,
917 385 1135 439 significat
1169 386 1488 435 Bonaventura,
1522 389 1597 440 qui
1634 388 1758 429 deifi-

292 459 513 501 cationem
560 464 792 511 propterea
827 459 1033 512 appellat,
1071 460 1279 511 quoniam
1317 459 1379 499 sic
1413 460 1527 499 affici
1564 461 1756 502 deificari

293 538 371 575 est.
450 531 686 572 Deificatio
722 538 882 584 autem,
921 539 969 573 ut
1010 534 1072 573 ait
1105 533 1364 581 Bernardus,
1404 532 1511 573 nihil
1552 533 1759 587 relinquit

291 608 336 647 in
357 606 585 647 voluntate
606 606 859 647 admixtum
881 606 949 647 vel
971 608 1208 659 proprium,
1233 607 1310 646 sed
1339 612 1483 647 totum
1509 621 1588 660 per
1616 609 1756 650 inten-

291 681 459 722 tionem
492 681 535 719 in
569 681 716 720 Deum
749 680 925 733 dirigit:
964 680 1039 721 “O
1074 679 1219 733 pura,‘’
1253 681 1405 733 inquit,
1431 684 1511 721 “et
1543 681 1757 723 defaecata

292 754 480 795 intentio
513 753 764 804 voluntatis,
797 767 848 793 eo
886 759 1002 793 certe
1037 753 1288 794 defaecatior
1322 760 1365 794 et
1399 755 1555 807 purior,
1589 768 1677 807 quo
1713 756 1758 795 in

294 840 348 868 ea
368 827 424 868 de
455 827 632 880 proprio
655 827 761 867 nihil
788 827 881 879 jam
913 827 1165 867 admixtum
1197 827 1481 880 relinquitur;
1514 841 1566 868 eo
1588 829 1761 869 suavior

294 905 339 941 et
375 900 554 950 dulcior,
593 900 712 952 quod
750 905 893 940 totum
932 900 1127 940 divinum
1171 907 1236 940 est
1273 902 1391 952 quod
1429 903 1624 942 sentitur,
1686 902 1761 944 Sic

293 974 418 1023 affici,
444 973 634 1013 deificari
662 972 786 1013 est.''1
848 973 1020 1013 Tamen
1052 974 1153 1013 hinc
1185 974 1368 1026 intelligi
1400 980 1558 1026 potest,
1582 976 1757 1027 qualem

291 1047 398 1088 velit
441 1047 484 1086 P.
510 1046 709 1099 Ignatius
741 1052 936 1086 nostram
980 1060 1075 1087 esse
1117 1048 1276 1086 mentis
1319 1048 1620 1099 intentionem,
1658 1063 1758 1090 cum

295 1120 402 1160 dicit
433 1120 710 1159 serviendum
737 1133 831 1159 esse
853 1120 1012 1160 divinae
1046 1121 1263 1160 bonitati:
1296 1124 1511 1174 “propter
1542 1136 1587 1162 56
1618 1123 1759 1175 ipsam

295 1192 454 1246 potius,
479 1206 613 1245 quam
637 1193 694 1233 ob
717 1206 841 1245 spem
864 1194 1147 1246 praemiorum
1164 1194 1232 1234 vel
1255 1194 1457 1234 timorem
1480 1196 1764 1247 poenarum'';

296 1266 502 1306 nimirum
525 1267 678 1307 beatos
702 1267 861 1307 imitari
887 1281 966 1307 nos
988 1267 1091 1316 vult,
1109 1281 1296 1319 quorum
1320 1274 1385 1308 cst
1408 1269 1451 1307 in
1475 1268 1622 1308 Deum
1644 1275 1764 1311 totos

295 1341 400 1394 rapi,
426 1346 469 1381 et
492 1340 639 1380 Deum
662 1346 842 1393 propter
866 1341 1012 1380 Deum
1036 1354 1143 1393 pure
1165 1341 1418 1393 sincereque
1439 1341 1629 1394 diligere.

381 1414 483 1466 Jam
524 1427 627 1454 vero
670 1419 840 1466 qureret
890 1414 974 1455 hoc
1024 1414 1122 1455 loco
1166 1415 1396 1467 quispiam,
1441 1421 1586 1455 utrum
1628 1417 1671 1457 P.
1706 1416 1761 1457 N.

297 1488 509 1541 Ignatius,
543 1501 643 1526 cum
678 1487 895 1527 bonorum
930 1494 1007 1527 aut
1049 1488 1264 1528 malorum
1300 1501 1377 1540 spe
1415 1494 1590 1529 metuve
1622 1489 1765 1541 juvari

294 1574 376 1602 nos
410 1560 516 1609 vult,
556 1559 775 1612 intelligat
812 1561 929 1601 bona
965 1561 1032 1600 vel
1074 1560 1189 1601 mala
1222 1562 1459 1601 dumtaxat
1495 1568 1670 1612 aeterna,
1707 1576 1763 1603 an

292 1634 431 1676 etiam
462 1633 735 1686 temporalia.
813 1634 1022 1674 Diximus
1045 1634 1176 1674 verba
1208 1633 1281 1673 illa
1314 1634 1479 1673 Patris:
1514 1634 1766 1687 “Quamvis

294 1708 398 1748 hinc
436 1707 570 1748 etiam
608 1706 750 1759 juvari
789 1707 1016 1756 debeant,’'
1054 1708 1109 1748 ad
1153 1721 1277 1760 spem
1319 1708 1599 1760 praemiorum
1641 1715 1764 1750 aeter-

294 1795 465 1831 norum,
511 1788 587 1821 aut
633 1781 690 1821 ad
743 1787 910 1822 metum
953 1788 1216 1822 aeternarum
1268 1795 1498 1834 poenarum
1550 1783 1766 1835 pertinere

296 1855 447 1909 potius
483 1868 617 1907 quam
642 1855 983 1907 temporalium:
1019 1868 1122 1895 nam
1156 1856 1414 1895 aeternitatis
1448 1855 1613 1896 nullam
1646 1870 1767 1897 men-

294 1930 465 1970 tionem
489 1928 604 1976 facit,
629 1934 705 1969 aut
726 1929 982 1982 temporalis
1004 1929 1144 1981 spatii.

387 2001 660 2055 Respondeo
679 2015 688 2042 :
720 2003 800 2042 etsi
824 2002 958 2042 verba
985 2002 1124 2043 Patris
1146 2002 1203 2042 ad
1225 2007 1390 2042 aeterna
1410 2002 1527 2041 bona
1547 2002 1615 2042 vel
1638 2002 1766 2053 mala,

298 2076 447 2129 potius
483 2089 617 2128 quam
650 2076 706 2115 ad
739 2075 1001 2128 temporalia
1031 2076 1235 2115 videntur
1268 2075 1424 2124 referri,
1452 2090 1581 2128 posse
1613 2082 1763 2117 tamen

297 2149 357 2190 ad
388 2149 485 2189 haec
518 2149 651 2188 etiam
684 2149 910 2201 pertinere.
975 2149 1107 2189 Ratio
1138 2149 1278 2201 hujus,
1312 2150 1415 2201 quia
1446 2149 1593 2189 divina
1623 2150 1767 2202 provi-

297 2222 452 2265 dentia
473 2223 635 2262 indidit
658 2223 700 2262 in
723 2223 880 2262 animis
903 2224 1062 2263 nostris
1083 2223 1201 2263 sitim
1220 2222 1534 2272 delectationis,
1550 2223 1764 2272 utilitatis,

297 2303 344 2338 et
375 2297 565 2346 honoris,
591 2310 680 2349 quo
714 2295 882 2337 facilius
916 2297 971 2336 ad
1004 2296 1135 2336 finem
1172 2303 1369 2336 nostrum
1401 2308 1765 2349 promoveamur;

296 2376 401 2411 sunt
438 2370 555 2410 enim
591 2376 822 2423 tamquam
860 2370 1014 2410 media.
1093 2369 1182 2410 Sed
1220 2384 1299 2410 nos
1336 2369 1495 2410 divinae
1537 2369 1766 2422 sapientiae

297 2445 498 2485 ordinem
551 2443 841 2496 pervertimus
887 2449 1020 2496 atque
1063 2443 1301 2491 turbamus,
1345 2443 1450 2482 dum
1503 2443 1558 2483 de
1608 2443 1765 2484 mediis

298 2517 434 2558 finem
470 2517 665 2566 facimus,
687 2517 966 2570 vicissimque
1000 2516 1056 2556 dc
1089 2516 1175 2557 fine
1209 2517 1364 2557 media.
1428 2515 1614 2568 Quoties
1647 2516 1763 2557 enim

299 2591 461 2632 divinae
505 2591 693 2631 bonitati
736 2591 947 2631 servimus
988 2596 1169 2643 propter
1208 2590 1337 2642 hujus
1373 2590 1475 2630 vitaz
1517 2590 1763 2641 commoda,

300 2665 436 2706 finem
467 2666 523 2705 ad
557 2665 703 2705 media
733 2664 970 2713 referimus,
995 2678 1082 2705 non
1114 2665 1209 2704 haec
1241 2665 1296 2704 ad
1329 2664 1460 2704 illum.
1523 2664 1588 2704 At
1609 2664 1643 2704 si
1666 2663 1765 2716 quis

302 2744 452 2780 utatur
491 2739 593 2779 vitae
635 2738 891 2788 commodis,
933 2751 1021 2791 quo
1074 2738 1172 2777 Deo
1214 2737 1449 2778 famuletur
1488 2737 1672 2778 alacrius
1712 2750 1765 2779 ac

301 2811 569 2865 diligentius,
588 2811 682 2865 jam
719 2812 754 2853 is
790 2812 991 2865 agnoscit
1022 2812 1169 2852 media
1205 2817 1252 2851 ut
1291 2811 1446 2861 media,
1471 2817 1515 2852 et
1550 2810 1683 2852 finem
1715 2816 1765 2852 ut

772 2900 783 2921 ¹
807 2901 860 2935 De
883 2901 1066 2943 Diligendo
1090 2901 1176 2935 Deo.
1203 2912 1232 2934 c.
1256 2910 1304 2934 10.
