1903 3197
327 214 388 261 45
401 218 423 248 2
651 202 731 247 De
764 201 956 248 ratione
988 202 1180 250 vivendi
1213 203 1477 250 societatis.

329 333 526 388 epistolis
558 333 785 374 meminit!
867 334 960 374 “In
992 333 1176 384 labore,‘’
1211 335 1364 387 inquit,
1399 336 1482 374 “et
1513 348 1719 384 aerumna,
1753 335 1796 376 in

326 408 486 462 vigiliis
510 407 668 458 multis,
693 408 736 447 in
759 407 875 449 fame
897 414 942 449 et
970 409 1053 458 siti,
1079 409 1121 449 in
1146 409 1325 461 jejuniis
1352 408 1502 448 multis
1523 407 1584 457 ;”1
1621 411 1796 462 “usque

325 483 370 523 in
392 482 506 522 hanc
528 481 682 522 horam
706 487 749 522 et
771 483 984 523 esurimus
1007 489 1050 524 et
1072 483 1256 532 sitimus,
1279 514 1286 522 .
1317 513 1324 522 .
1355 488 1399 521 et
1421 482 1671 522 laboramus
1693 496 1796 535 ope-

326 562 472 596 rantes
507 556 709 596 manibus
745 554 979 597 nostris:''²
1010 562 1054 597 et
1089 557 1222 596 “Non
1265 556 1447 609 inquieti
1490 555 1652 595 suimus
1685 556 1798 596 inter

325 644 415 678 vos,
440 644 581 683 neque
612 631 748 683 gratis
780 644 941 683 panem
974 631 1341 671 manducavimus
1373 630 1429 670 ab
1462 630 1621 682 aliquo,
1645 630 1721 670 sed
1752 631 1796 670 in

326 705 477 746 labore
511 711 554 745 et
588 704 850 758 fatigatione
891 710 1020 745 nocte
1062 711 1106 745 et
1148 705 1219 745 die
1261 702 1571 758 operantes:”3
1617 710 1660 744 et
1691 703 1798 745 “Ad

326 779 413 828 ea‚’'
438 780 589 831 inquit,
616 782 639 799 “
655 792 755 831 quae
788 778 894 818 mihi
926 792 1038 831 opus
1070 785 1205 828 erant,
1229 785 1272 819 et
1293 779 1360 818 his
1383 779 1456 831 qui
1488 791 1660 817 mecum
1684 783 1797 825 sunt,

326 853 681 893 ministraverunt
703 865 859 892 manus
891 850 1048 891 istae.”4
1109 852 1169 892 Et
1200 852 1296 892 haec
1325 858 1417 892 erat
1448 851 1681 903 castigatio
1708 850 1794 899 illa,

326 939 413 979 qua
445 939 601 978 corpus
633 938 762 964 suum
794 925 1008 976 castigare
1040 938 1086 964 se
1119 925 1225 964 dicit
1257 931 1301 965 et
1332 926 1375 964 in
1408 925 1661 965 servitutem
1685 924 1795 963 redi-

325 1012 458 1052 gere;
493 999 646 1039 Graece
668 998 784 1037 enim
809 1004 874 1038 est
897 998 1125 1049 ὑπωπιάζειν,
1158 998 1202 1037 id
1235 1003 1301 1038 est
1333 998 1555 1038 laboribus
1586 998 1796 1050 subigere,

325 1077 370 1113 et
398 1078 612 1124 tanquam
642 1071 801 1125 pugnis
830 1071 1030 1125 pugilum
1061 1085 1182 1111 more
1211 1072 1481 1111 contundere
1504 1085 1554 1111 ac
1579 1071 1793 1123 sugillare.

325 1144 402 1186 Ad
439 1145 610 1198 pugiles
648 1146 811 1198 quippe
847 1145 1005 1185 alludit
1041 1144 1300 1198 Apostolus,
1340 1145 1414 1197 qui
1455 1159 1502 1184 se
1544 1145 1703 1197 pugnis
1744 1158 1794 1186 ac

328 1220 533 1261 caestibus
556 1219 897 1260 contundebant.
962 1218 1123 1259 Maluit
1147 1220 1279 1271 igitur
1308 1219 1350 1260 S.
1370 1219 1569 1271 Ignatius
1595 1232 1647 1258 ea
1669 1219 1798 1258 casti-

326 1295 461 1348 gandi
494 1293 688 1346 corporis
719 1307 881 1345 genera
912 1293 1149 1341 nominare,
1184 1307 1284 1346 qua:
1318 1298 1361 1332 et
1393 1293 1569 1345 propria
1600 1292 1796 1345 Aposto-

325 1369 479 1418 lorum,
497 1374 541 1408 et
563 1368 721 1408 nostris
745 1368 886 1420 magis
909 1373 1014 1420 apta
1036 1367 1278 1407 rationibus
1301 1366 1575 1406 videbantur.
1608 1366 1795 1406 Verum-

325 1448 476 1483 tamen
519 1455 599 1481 nec
641 1455 692 1481 ea
733 1454 833 1493 quae
875 1441 1004 1490 siluit,
1044 1446 1092 1480 ut
1128 1440 1492 1487 verberationem,
1528 1439 1715 1479 cilicium
1754 1446 1797 1479 et

325 1515 632 1556 chameuniam
685 1528 908 1555 removere
959 1513 1128 1565 voluit;
1191 1515 1356 1567 quippe
1407 1514 1539 1553 etiam
1592 1512 1798 1565 frugifera

323 1590 483 1630 animis
517 1594 565 1628 ut
607 1587 826 1637 salutaria,
865 1589 900 1628 si
945 1587 1173 1628 moderate
1217 1593 1261 1627 et
1294 1587 1555 1639 tempestive
1596 1585 1796 1626 adhibita

322 1663 421 1712 sint,
444 1669 493 1702 ut
523 1676 549 1702 a
570 1663 672 1702 viris
704 1662 866 1702 sanctis
901 1662 1101 1714 usurpari
1131 1661 1271 1701 solita.
1336 1659 1620 1712 Quamquam
1643 1665 1792 1700 autem

323 1735 626 1776 humicubatio
659 1749 734 1775 seu
758 1735 1020 1775 chameunia
1052 1736 1189 1774 noxia
1210 1734 1450 1774 valetudini
1472 1733 1608 1773 videri
1636 1739 1794 1786 potest,

324 1823 375 1850 ae
404 1809 588 1862 proinde
618 1809 775 1849 nostris
797 1809 900 1849 vitae
930 1809 1173 1849 rationibus
1207 1809 1351 1847 minus
1382 1813 1499 1860 apta,
1521 1814 1671 1847 tamen
1703 1807 1796 1859 ejus

319 1883 418 1924 loco
450 1883 513 1922 uti
546 1881 659 1922 licet⁴
680 1882 965 1922 incommoda
997 1882 1233 1923 cubatione
1266 1881 1478 1933 stratique
1509 1881 1697 1930 duritie;
1744 1888 1792 1921 ut

324 1970 424 1997 cum
457 1956 554 2009 quis
575 1956 644 1996 vel
677 1956 834 1996 diurno
855 1957 1018 1996 vestitu
1051 1956 1285 1996 linteorum
1314 1955 1486 2007 abjecta
1508 1954 1703 2004 mollitie,
1724 1955 1793 1995 vel

324 2043 456 2083 super
497 2044 673 2079 asseres,
717 2029 785 2070 vel
830 2030 963 2070 etiam
1007 2030 1050 2069 in
1093 2029 1211 2079 sella,
1254 2035 1330 2069 aut
1371 2029 1430 2069 ibi
1477 2028 1677 2080 denique,
1721 2028 1794 2068 ubi

324 2110 523 2157 occupat,
551 2117 756 2144 somnum
790 2104 918 2157 capit.
983 2102 1116 2156 Quod
1150 2103 1329 2156 quidem
1362 2102 1527 2142 factum
1559 2116 1586 2142 a
1618 2101 1793 2142 Christo

324 2177 507 2230 ejusque
540 2177 764 2230 discipulis
799 2177 1029 2230 probabile
1064 2184 1159 2227 est;
1191 2183 1286 2217 tum
1319 2177 1422 2229 quia
1454 2176 1497 2215 id
1529 2175 1795 2228 pauperibus

323 2256 503 2302 propter
543 2251 739 2302 inopiam
782 2250 994 2291 mollioris
1036 2252 1160 2291 strati
1204 2250 1417 2290 familiare
1455 2255 1531 2299 est,
1563 2255 1658 2289 tum
1693 2249 1795 2301 quia

323 2324 685 2377 pernoctantibus
727 2324 770 2363 in
803 2325 1001 2364 oratione
1045 2324 1186 2364 multo
1225 2323 1477 2376 expeditior
1516 2322 1612 2362 haec
1653 2322 1794 2374 quies-

324 2398 451 2439 cendi
483 2397 594 2438 ratio
626 2403 703 2447 est,
735 2408 869 2449 quam
912 2398 955 2436 in
999 2397 1120 2437 molli
1164 2396 1335 2445 lectulo,
1370 2396 1488 2436 nudo
1522 2395 1666 2449 jacere
1703 2409 1795 2435 cor-

322 2470 515 2524 pusculo.
608 2470 679 2511 Ac
729 2476 964 2523 propterea
1015 2471 1212 2524 usurpari
1265 2471 1399 2511 etiam
1450 2484 1476 2510 a
1524 2469 1789 2522 quibusdam

323 2544 623 2597 religiosorum
657 2544 833 2585 familiis
866 2545 1268 2594 animadvertimus,
1294 2550 1342 2584 ut
1374 2557 1462 2596 quo
1495 2544 1591 2596 quis
1612 2556 1788 2596 promp-

321 2619 406 2658 tior
436 2618 493 2658 ad
525 2618 794 2672 surgendum
827 2619 883 2659 de
915 2625 1043 2659 nocte
1077 2620 1133 2658 sit
1164 2618 1222 2658 ad
1256 2617 1556 2658 confitendum
1584 2616 1790 2664 Domino,

320 2693 466 2732 vestiti
518 2705 672 2733 omnes
720 2699 795 2733 aut
846 2693 1103 2733 semivestiti
1157 2693 1399 2744 quiescant,
1445 2697 1493 2732 ut
1545 2691 1588 2730 in
1641 2689 1790 2742 regula

320 2766 366 2807 B.
405 2766 634 2806 Benedicti
687 2766 991 2819 praescribitur.
1076 2766 1178 2806 Non
1221 2771 1323 2806 sunt
1366 2765 1497 2818 igitur
1537 2764 1622 2804 alia
1663 2764 1792 2803 casti-

317 2840 451 2892 gandi
489 2840 682 2893 corporis
716 2854 888 2894 genera,
925 2840 1027 2880 licet
1061 2854 1112 2881 ea
1146 2840 1235 2880 suis
1272 2839 1524 2880 nominibus
1557 2851 1644 2877 non
1680 2836 1791 2876 indi—

443 2927 455 2947 ¹
480 2938 510 2962 2.
532 2930 607 2962 Cor.
633 2938 680 2963 11.
787 2928 801 2974 ἔ
829 2939 854 2962 1.
879 2929 954 2962 Cor.
975 2938 1005 2969 4.
1112 2929 1126 2949 3
1150 2938 1178 2961 2.
1201 2929 1316 2962 Thess.
1339 2937 1368 2969 3.
1474 2928 1488 2946 4
1510 2928 1584 2959 Act.
1606 2935 1657 2959 20.
