1903 3197
401 188 480 234 De
512 204 558 233 sc?
592 187 790 233 iaz-vicem
826 187 1193 248 mam'fi'slando.
1450 192 1539 246 169

73 336 235 369 camus,
281 321 383 362 odio
435 321 491 361 ad
544 321 586 360 id
639 320 797 372 aliquo,
842 327 919 360 aut
970 322 1144 361 occulta
1196 322 1389 374 quadam
1444 335 1540 374 per-

73 396 324 437 turbatione
357 395 578 435 ducamur.

165 471 253 512 Sed
286 470 416 516 dices,
449 470 523 522 qui
556 483 684 509 nosse
718 483 889 521 queam,
925 483 980 508 an
1024 469 1353 521 perturbatione
1391 470 1540 522 aliqua

76 546 267 598 odioque
318 546 452 585 ducar
503 557 601 584 cum
654 543 831 583 fratrem
874 542 1034 590 defero,
1079 542 1222 594 deque
1270 557 1322 582 eo
1373 543 1540 595 aliquid

76 619 299 672 Superiori
332 619 516 671 detego?
579 618 753 670 Nempe
787 619 855 657 “si
890 618 1091 658 scruteris
1114 622 1334 656 cortuum
1367 617 1544 669 perdili-

76 693 262 747 gente1·,''
299 692 552 733 Dorotheus
590 692 743 744 inquit,
769 694 847 731 “et
880 693 913 731 si
953 691 1190 731 simultatis
1223 691 1432 730 instinctu
1467 698 1543 730 aut

76 768 179 808 odio
211 768 294 807 hoc
323 773 366 807 te
398 766 539 806 facere
571 766 904 815 animadvertes,
929 766 1168 806 abstinebis
1202 766 1364 817 utique,
1400 777 1543 816 neque

75 841 194 882 dices
232 842 273 881 id
312 841 430 894 quod
463 841 699 881 dicendum
733 841 787 880 de
820 841 950 881 fratre
978 841 1240 880 decreveras.
1307 838 1352 879 Si
1381 845 1541 885 autem,

78 929 177 956 cum
216 916 381 956 viscera
414 922 488 956 tua
527 915 709 955 rimatus
742 915 882 961 fueris,
920 915 1200 955 correctionis
1235 920 1278 953 et
1320 913 1546 953 charitatis

76 991 218 1043 gratia
250 997 293 1031 te
338 991 381 1030 id
429 991 569 1030 facere
613 991 810 1038 senseris,
857 989 1057 1043 impediri
1103 995 1252 1029 tamen
1297 1003 1322 1028 a
1367 1001 1544 1040 scrupu-

79 1065 172 1105 losa
214 1065 407 1117 quadam
445 1064 724 1117 cogitatione,
761 1064 982 1116 Superiori
1015 1063 1238 1103 humiliter
1270 1068 1313 1102 et
1346 1068 1470 1101 tuum
1502 1067 1544 1101 et

76 1138 220 1179 fratris
253 1145 483 1192 peccatum
517 1138 686 1191 procles,
713 1138 1018 1190 verberarique
1050 1144 1093 1177 te
1128 1152 1152 1177 a
1185 1137 1316 1177 turba
1348 1135 1541 1188 quadam

80 1214 399 1265 cogitationum
441 1213 730 1260 confiteberIs,
765 1213 976 1252 incertum
1016 1219 1149 1265 atque
1191 1211 1450 1264 ambiguum
1488 1223 1543 1249 an

81 1288 314 1328 adversum
367 1288 544 1327 fratrem
588 1287 816 1339 quidpiam
869 1287 1044 1332 habeas
1088 1301 1176 1339 quo
1229 1287 1372 1326 minus
1424 1284 1544 1336 loqui

83 1376 274 1414 nequeas
298 1369 340 1402 et
363 1362 530 1402 deferre
553 1376 650 1414 quse
687 1363 833 1407 sentis,
858 1376 907 1401 ac
931 1369 1024 1401 tum
1056 1361 1234 1400 demum
1259 1359 1544 1400 deferendum

80 1437 147 1483 sit,
171 1450 307 1476 necne
330 1437 447 1488 quod
476 1437 767 1476 constitueras
790 1436 970 1489 planum
996 1435 1127 1476 fiets'1
1192 1435 1264 1476 Sic
1294 1434 1547 1474 Dorotheus

81 1510 301 1550 admonet.
369 1510 483 1550 Illud
516 1511 649 1550 etiam
684 1524 769 1550 non
804 1510 1039 1549 obscurum
1073 1511 1152 1550 erit
1185 1515 1261 1549 aut
1293 1507 1546 1562 perturbati,

81 1590 158 1624 aut
192 1585 336 1637 pacati
373 1585 582 1624 indicium
616 1584 760 1629 animi,
786 1584 819 1623 si
855 1591 1000 1624 tecum
1035 1584 1128 1637 ipse
1164 1590 1338 1636 reputes
1361 1595 1478 1631 num,
1513 1581 1548 1621 si

81 1659 114 1698 is
138 1672 269 1711 quem
304 1659 528 1699 meditaris
562 1672 742 1711 arguere
776 1659 908 1699 frater
940 1665 1053 1698 esset
1080 1658 1322 1698 secundum
1355 1669 1544 1703 carnem,

85 1733 152 1772 vel
187 1748 244 1773 ex
280 1734 444 1773 intimis
477 1734 696 1785 quispiam
731 1733 851 1778 alius,
878 1733 1030 1773 malles
1065 1740 1213 1773 tamen
1249 1745 1348 1772 eum
1382 1730 1549 1771 deferre

86 1821 136 1846 ac
178 1807 435 1859 patefacere,
470 1821 602 1859 quam
649 1807 850 1859 prhaffim
895 1807 1122 1859 amiceque
1166 1819 1353 1846 monere.
1432 1805 1548 1844 Nam

87 1882 122 1920 si
159 1880 286 1927 hune,
311 1882 412 1933 quia
449 1882 527 1921 tibi
568 1881 610 1920 in
650 1882 814 1920 intimis
852 1888 927 1924 est.
968 1887 1043 1920 aut
1080 1880 1410 1933 propinquitate
1447 1892 1550 1918 con-

83 1955 272 2007 junctus,
307 1969 396 2008 prce
431 1969 579 1995 amore
612 1961 761 1995 tamen
796 1955 946 2007 <modo
981 1956 1155 1995 debitus
1197 1968 1321 1994 amor
1353 1954 1424 2005 sit)
1461 1966 1549 1993 non

88 2030 319 2069 existimas
353 2029 650 2076 deferendum,
690 2028 886 2081 profecto
920 2036 1115 2082 apparet,
1152 2030 1285 2069 etiam
1320 2035 1413 2068 tum
1449 2040 1550 2067 cum

88 2103 273 2143 alterum
309 2103 461 2148 defers,
486 2117 573 2143 non
607 2103 840 2156 purissima
873 2103 1085 2143 charitate
1118 2110 1161 2143 te
1192 2103 1302 2143 (luci.

179 2176 348 2229 Quarta
381 2178 574 2218 conditio
608 2192 632 2217 a
666 2177 995 2217 Constitutione
1028 2177 1268 2230 requiritur,
1292 2184 1339 2217 ut
1370 2177 1412 2216 in
1443 2175 1553 2215 indi-

90 2251 242 2291 candis
274 2251 478 2291 fratribus
511 2265 635 2291 mens
668 2253 723 2291 sit
758 2265 877 2304 pura,
911 2251 1163 2303 delatioque
1193 2250 1335 2290 omnis
1367 2256 1461 2290 tum
1496 2249 1553 2289 ad

91 2325 303 2377 majorem
327 2326 504 2378 spiritus
533 2326 790 2378 profectum,
815 2332 908 2366 tum
937 2326 992 2365 ad
1021 2325 1233 2378 majorem
1263 2325 1345 2365 Dei
1368 2324 1554 2377 gloriam

92 2399 310 2439 referatur.
368 2400 481 2441 Sunt
511 2401 628 2440 enim
660 2400 870 2449 nonnulli,
904 2406 951 2440 ut
984 2401 1044 2439 ait
1080 2399 1227 2452 Hugo,
1262 2400 1335 2452 qui
1369 2398 1553 2438 aliorum

93 2474 361 2526 redarguunt
393 2473 555 2527 culpaS,
585 2488 672 2514 non
695 2480 786 2513 tam
818 2480 866 2514 ut
896 2488 968 2514 eas
1001 2475 1216 2527 corrigere
1244 2474 1391 2521 velint,
1422 2486 1556 2526 quam

95 2554 142 2587 ut
174 2548 335 2596 odium,
360 2548 478 2600 quod
508 2549 550 2587 in
583 2548 713 2588 corde
745 2554 932 2601 gestant,
956 2562 1160 2589 exercere
1192 2549 1361 2601 possint
1380 2546 1412 2598 ;“2
1440 2548 1556 2587 adde

94 2620 228 2661 etiam
271 2620 453 2674 alicujus
488 2622 775 2663 emolumenti
818 2623 970 2675 gratia,
994 2623 1061 2662 vel
1101 2628 1148 2662 ut
1180 2622 1557 2662 existimationem

96 2700 140 2734 et
183 2693 348 2734 samam
392 2695 601 2748 colligant
642 2696 875 2748 probitatis
922 2697 1041 2749 apud
1096 2710 1170 2736 eos
1222 2697 1295 2749 qui
1339 2699 1560 2749 praesunt.

97 2768 374 2822 Quacunque
436 2775 585 2809 autem
659 2776 806 2811 mente
862 2770 1101 2823 animoque
1162 2770 1205 2810 id
1265 2770 1342 2810 fiat
1400 2773 1563 2821 praeter

95 2842 239 2884 fratris
266 2842 460 2896 erigendi
488 2843 720 2884 consilium
753 2850 797 2885 et
829 2843 1100 2892 charitatem,
1126 2844 1319 2897 graviter
1344 2848 1562 2895 peccatur.

451 2931 463 2950 1
489 2933 558 2965 δεῖ.
579 2942 609 2973 4.
769 2932 782 2952 2
808 2935 848 2965 In
872 2934 995 2976 Expos.
1016 2943 1083 2974 reg.
1104 2933 1190 2973 Aug.
