1903 3197
265 150 290 180 2
300 148 361 193 34
589 134 667 180 De
699 134 888 180 ratione
921 134 1114 180 vivendi
1148 134 1406 180 Socz'etatiS.

259 265 528 306 “Attendite
550 279 605 305 ne
632 265 848 317 justitiam
869 271 1060 305 vestram
1084 265 1266 315 faciatis,
1290 278 1437 305 coram
1460 264 1724 316 hominibus,

262 344 310 380 ut
345 339 582 379 videamini
623 339 680 379 ab
717 340 807 389 ei‚s;
849 338 1043 392 alioquin
1086 339 1333 378 mercedem
1377 352 1464 378 non
1505 338 1725 379 habebitis

262 412 382 465 apud
425 413 600 452 Patrem
645 419 849 461 vestrum,
885 413 958 465 qui
1003 413 1047 452 in
1089 411 1211 451 coelis
1254 409 1385 452 est.’'1
1468 411 1528 451 Et
1569 411 1624 451 de
1666 412 1729 462 iis,

264 485 339 538 qui
380 485 463 525 hac
504 486 638 526 animi
680 486 923 526 intentione
965 485 1234 537 consilioque
1267 484 1484 537 justitiam
1522 498 1647 525 suam
1686 486 1730 525 in
1780 479 1785 483 ⁹

262 565 502 612 conspectu
551 559 779 600 hominum
829 559 1006 609 faciunt,
1050 559 1183 598 dicit:
1227 557 1410 598 “Amen
1455 558 1554 599 dieo
1594 558 1730 608 vobis,

263 639 521 685 receperunt
543 633 790 673 mercedem
818 646 943 673 suam
962 630 1328 682 ;”2—mercedem
1356 632 1522 685 quippe
1551 632 1731 673 minime

261 705 462 756 solidam,
515 706 817 746 brevissimam
869 705 989 745 illam
1041 704 1272 756 gloriolam
1324 705 1444 757 apud
1499 705 1729 746 homines:

264 779 384 832 apud
418 780 592 819 Patrem
623 785 785 828 autem,
815 779 890 831 qui
923 779 966 818 in
998 777 1120 818 coelis
1152 784 1229 828 est,
1258 777 1435 819 nullam.

353 852 539 892 Basilius
577 852 759 904 quaerit:
792 850 915 903 “Qui
947 857 1050 891 sunt
1079 851 1150 900 illi,
1175 852 1249 904 qui
1286 865 1363 904 per
1394 851 1542 904 paleas
1574 852 1734 892 intelli-

264 933 426 979 gantur
448 928 491 967 in
515 926 742 978 Scriptura
768 926 868 977 igne
898 924 1226 977 inextinguibili
1256 925 1608 977 comburendas?
1671 926 1733 966 Et

267 1000 517 1053 respondet,
555 999 595 1047 ii,
632 999 706 1050 qui
744 999 889 1050 dignis
929 1011 1063 1050 regno
1100 997 1311 1037 coelorum
1349 1004 1393 1037 et
1425 997 1573 1037 electis
1604 998 1734 1038 utiles

267 1079 379 1121 sunt,
396 1074 486 1113 sive
507 1085 585 1125 per
606 1071 723 1112 dona
746 1070 998 1124 spiritualia,
1015 1070 1104 1110 sive
1127 1084 1204 1122 per
1226 1069 1439 1110 beneficia
1461 1071 1705 1123 corporalia
1724 1085 1733 1121 ;

265 1146 344 1186 sed
367 1152 516 1186 tamen
533 1159 669 1198 prava
691 1150 839 1185 mente
862 1145 906 1184 id
931 1144 1108 1192 faciunt,
1126 1157 1213 1184 non
1236 1143 1461 1184 charitatis
1478 1143 1649 1193 affectu,
1665 1144 1735 1184 vel

267 1233 371 1272 erga
400 1219 547 1259 Deum
568 1218 636 1259 vel
666 1232 770 1271 erga
801 1218 1042 1270 proximoS,
1067 1223 1200 1269 atque
1230 1217 1290 1257 ita
1312 1217 1393 1257 sibi
1423 1218 1528 1270 ipsis
1558 1217 1734 1258 inutiles

265 1298 370 1333 sunt
386 1305 396 1342 ;
429 1294 533 1345 quia
555 1292 720 1332 nullam
746 1292 913 1344 justam
943 1291 1219 1343 solidamque
1249 1291 1495 1330 mercedem
1518 1304 1576 1331 ex
1606 1291 1735 1332 bonis

265 1365 357 1406 ¹suis
394 1366 600 1418 operibus
636 1364 839 1415 referunt,
873 1365 950 1404 sed
983 1364 1294 1404 comburentur
1328 1369 1377 1404 ut
1410 1363 1610 1417 palea-³3¹3
1669 1365 1735 1405 At

267 1453 372 1480 vero
409 1440 444 1479 si
482 1440 653 1480 labores
686 1439 822 1479 nostri
861 1439 1007 1478 Deum
1041 1443 1253 1491 spectent,
1290 1443 1334 1477 et
1369 1438 1413 1476 in
1455 1438 1573 1478 bono
1608 1438 1735 1479 oculo

269 1513 574 1565 suscipiantur,
625 1512 753 1552 valde
805 1511 997 1564 frugiferi
1039 1516 1142 1550 sunt
1184 1516 1227 1550 et
1270 1510 1500 1563 multiplici
1552 1511 1736 1563 praemio

271 1585 541 1626 decorantur.
595 1585 716 1625 Audi
748 1584 1133 1625 Ecclesiasticum:
1157 1587 1179 1603 “
1196 1584 1267 1623 Da
1288 1582 1557 1633 Altissimo,’'
1582 1584 1736 1635 inquit,

273 1659 552 1700 “secundum
584 1659 737 1699 datum
773 1658 878 1710 ejus,
913 1663 957 1698 et
991 1658 1034 1697 in
1068 1658 1185 1697 bono
1219 1656 1346 1696 oculo
1378 1656 1736 1697 adinventionem

272 1732 407 1773 facito
441 1745 651 1772 manuum
683 1738 868 1780 tuarum,
893 1730 1101 1782 quoniam
1136 1729 1354 1769 Dominus
1387 1729 1628 1768 retribuens
1660 1735 1738 1778 est,

276 1812 320 1846 et
367 1807 528 1858 septies
579 1811 753 1845 tantum
803 1804 957 1843 reddet
998 1801 1137 1851 tibi‚''4
1187 1802 1352 1842 scilicet
1398 1801 1738 1854 multiplicatum

274 1879 403 1920 valde
432 1880 598 1929 reddet,
631 1879 666 1919 si
698 1879 815 1919 bono
849 1883 894 1917 et
927 1876 1115 1929 simplici
1149 1876 1311 1915 mentis
1342 1875 1469 1915 oculo
1501 1881 1577 1915 tua
1608 1889 1742 1928 opera

274 1952 335 1993 illi
377 1953 544 1993 offeras.
610 1952 718 1992 Ideo
760 1957 804 1991 et
846 1950 1018 1990 David:
1063 1948 1336 1989 “Retribuet
1377 1948 1483 1988 mihi
1521 1949 1740 1989 Dominus

276 2026 520 2067 secundum
559 2025 776 2078 justitiam
815 2037 972 2073 meam,
1011 2029 1054 2063 et
1091 2022 1332 2062 secundum
1373 2022 1609 2074 puritatem
1647 2035 1739 2062 ma-

278 2113 413 2140 nuum
446 2112 642 2139 mearum
675 2098 883 2138 retribuet
915 2095 1081 2136 mihi.’'⁵
1659 2092 1665 2098 ”

366 2179 422 2223 30.
458 2172 572 2213 Sunt
613 2172 746 2211 etiam
788 2170 958 2210 labores
1000 2168 1148 2218 nostri,
1197 2167 1279 2207 nisi
1332 2167 1478 2207 Deum
1529 2173 1740 2220 spectent,

279 2245 443 2294 inanes,
466 2245 569 2297 quia
598 2243 766 2284 nullum
799 2243 1032 2282 honestum
1065 2241 1235 2281 exitum
1266 2242 1515 2291 sortiuntur,
1538 2242 1615 2281 sed
1647 2241 1741 2281 sine

278 2317 445 2358 honore
486 2323 600 2367 sunt,
643 2322 687 2357 et
727 2316 895 2369 pudore
942 2329 1021 2355 nos
1065 2314 1337 2367 perfundunt
1378 2315 1433 2354 ad
1477 2321 1740 2365 extremum,

279 2396 329 2432 ut
363 2404 425 2441 ea,
455 2404 554 2443 quae
589 2391 646 2430 ad
683 2389 816 2429 finem
853 2402 980 2428 suum
1018 2388 1174 2427 deduci
1212 2401 1300 2427 non
1336 2393 1547 2439 possunt;
1580 2388 1739 2439 quibus

279 2464 528 2515 adversarii,
547 2463 759 2516 incipiunt
781 2462 972 2511 illudere,
992 2462 1211 2501 dicentes:
1234 2461 1338 2513 quia
1359 2459 1428 2500 hic
1450 2460 1582 2500 homo
1605 2461 1741 2513 coepit

277 2537 510 2586 aedificare,
535 2542 578 2577 et
601 2550 688 2577 non
718 2537 861 2589 potuit
884 2533 1222 2575 consummare.”
1285 2533 1397 2587 Quae
1424 2541 1572 2574 autem
1603 2534 1744 2586 major

277 2612 478 2652 confusio
529 2618 606 2652 aut
647 2611 848 2659 dedecus,
892 2623 1024 2662 quam
1065 2608 1202 2649 videri
1244 2621 1376 2661 opera
1419 2608 1502 2648 Dei
1549 2608 1743 2648 studiose

280 2687 449 2736 sectari,
479 2686 614 2726 videri
648 2685 692 2724 in
729 2685 876 2724 Deum
911 2683 1102 2733 tendere,
1140 2688 1184 2722 et
1212 2688 1361 2722 tamen
1396 2683 1452 2722 ab
1486 2696 1537 2723 eo
1574 2682 1745 2734 longius

754 2788 766 2807 ²
794 2789 914 2821 Matth.
935 2789 966 2821 6.
1144 2786 1157 2804 2
1182 2787 1268 2818 Ibid,

496 2840 510 2861 3
534 2841 617 2883 Reg.
638 2841 727 2873 brev.
747 2846 820 2881 257.
980 2838 994 2858 ⁴²
1019 2838 1108 2870 Ecel.
1128 2844 1180 2878 35.
1333 2835 1346 2855 ⁵
1369 2836 1455 2869 Psal.
1479 2843 1527 2877 17.
