1903 3197
641 151 721 196 De
751 151 866 198 Exa
871 168 917 197 m
921 152 1007 198 z‘ne.
1455 163 1478 193 2
1488 158 1513 207 7
1519 161 1549 205 9

83 280 282 322 affirmat.
368 282 471 322 Huc
511 282 682 322 accedit
722 282 840 334 quod
893 287 1045 322 contra
1096 281 1239 333 legem
1286 281 1401 330 fecit,
1443 293 1543 332 quae

76 353 275 407 jubebat,
318 368 416 395 cum
458 354 668 395 incideret
709 354 925 407 ejusmodi
967 360 1142 407 tempus
1193 359 1241 393 ut
1291 353 1542 394 lustrandus

81 427 272 480 populus
297 428 527 479 videretur,
550 428 692 468 offerri
722 428 778 468 ab
807 441 1073 480 unoquoque
1104 427 1147 466 in
1180 440 1308 467 usum
1341 427 1545 467 taberna-

82 501 167 540 culi
205 507 369 542 certam
406 502 576 554 stipem.
640 501 801 541 Tribus
842 501 975 553 igitur
1007 500 1063 540 de
1099 500 1240 540 causis
1276 505 1426 540 tantus
1462 513 1541 540 rex

78 574 279 626 peccavit
320 581 362 615 et
404 574 631 627 ignoravit,
664 587 744 614 nec
785 580 935 615 tamen
977 574 1080 626 quia
1117 572 1345 625 ignoravit,
1378 573 1540 613 idcirco

79 646 174 699 ejus
215 647 324 688 abiit
364 647 543 700 impune
584 653 826 700 peccatum,
870 647 990 700 quod
1036 646 1294 699 gravissimo
1345 658 1434 685 non
1480 645 1542 685 ita

82 732 190 761 mox
223 720 437 773 supplicio
467 720 738 761 vindicatum
771 726 850 761 est.

159 798 214 845 30.
240 792 356 845 Quia
378 794 518 833 multa
549 799 652 835 sunt
684 794 867 834 minima
898 807 998 846 quae
1029 793 1204 845 fugiunt
1232 797 1471 845 aspectum,
1496 797 1546 832 ut

80 866 218 907 atomi
241 866 284 906 in
306 880 417 916 aere,
440 867 513 919 qui
537 866 716 919 quidem
743 881 817 907 aer
848 867 928 907 nisi
956 866 1194 906 illustretur
1214 879 1240 906 a
1262 865 1364 914 sole,
1387 864 1543 918 dispici

79 939 137 980 ab
167 939 392 980 oculorum
425 940 517 980 acie
549 953 636 981 non
674 941 854 993 possint.
918 941 1247 980 Bonaventura:
1279 939 1361 978 “In
1395 938 1542 988 domo,

79 1025 213 1065 quam
236 1013 486 1053 subintrans
504 1013 650 1053 radius
667 1013 770 1054 solis
787 1013 1017 1062 illuminat,
1036 1018 1426 1065 quantumcunque
1443 1011 1546 1052 licet

78 1084 209 1125 fuerit
239 1087 558 1138 praemundata,
587 1087 725 1127 atomi
758 1086 1040 1127 nihilominus
1072 1086 1327 1139 diligentius
1359 1085 1545 1125 intuenti

79 1165 313 1211 apparent;
337 1159 397 1199 sic
414 1165 459 1200 et
480 1173 563 1209 cor,
581 1159 713 1199 radiis
733 1161 886 1213 gratiae
910 1160 1184 1208 illustratum,
1204 1159 1337 1199 etiam
1361 1158 1545 1198 minima

79 1231 211 1281 videt,
239 1246 290 1272 ac
314 1233 521 1272 vitiorum
544 1233 726 1285 laqueos
749 1233 899 1273 subtili
927 1232 1256 1272 examinatione
1279 1229 1543 1271 discernit.''1
1580 1236 1584 1241 '

83 1304 168 1344 His
213 1305 328 1344 adde
369 1305 487 1356 quod
529 1304 624 1345 haec
666 1305 860 1357 cognitio
911 1319 1010 1357 quae
1052 1305 1244 1358 petenda
1285 1310 1352 1344 est
1392 1317 1547 1356 pecca-

78 1381 236 1428 torum,
259 1391 346 1418 non
370 1378 503 1418 modo
527 1378 582 1418 ad
605 1391 836 1419 numerum
858 1391 1009 1419 verum
1032 1379 1165 1418 etiam
1192 1378 1249 1418 ad
1281 1378 1544 1430 gravitatem

79 1451 272 1504 pertinet
308 1456 602 1504 peccatorum,
635 1465 768 1504 quam
799 1452 979 1504 quidem
1011 1464 1141 1491 nosse
1174 1451 1348 1490 Divinae
1381 1450 1547 1491 scilicet

79 1525 234 1578 gratiae
271 1538 431 1565 munus
465 1531 540 1565 est.

170 1598 373 1639 Secunda
414 1599 710 1652 interrogatio.
775 1599 875 1649 Cur,
913 1599 968 1639 ad
1006 1597 1313 1651 cognoscenda
1354 1603 1548 1650 peccata,

82 1677 176 1712 tam
233 1685 467 1712 commune
512 1678 693 1726 tamque
739 1672 982 1713 universale
1038 1672 1292 1725 praesidium
1336 1671 1379 1711 P.
1417 1671 1549 1723 Igna-

82 1744 168 1785 tius
201 1745 326 1784 nobis
359 1747 563 1799 suggerit,
587 1760 689 1786 nam
728 1746 978 1799 imploratio
1010 1745 1184 1785 Divinae
1222 1745 1376 1796 gratiae
1407 1744 1548 1784 omni-

85 1817 168 1858 bus
191 1818 523 1858 necessitatibus
552 1833 787 1860 commune
815 1820 1060 1859 subsidium
1083 1824 1175 1869 est;
1208 1831 1284 1857 cur
1305 1817 1437 1870 igitur
1458 1830 1547 1857 non

82 1891 349 1944 peculiarem
383 1892 575 1944 aliquam
610 1899 653 1932 et
693 1893 916 1946 propriam
948 1892 1064 1932 viam
1097 1891 1300 1939 ostendit,
1334 1904 1433 1943 quae
1467 1903 1548 1931 nos

83 1965 138 2005 ad
170 1964 466 2017 cognitionem
495 1972 775 2018 peccatorum
799 1965 925 2006 facile
947 1965 1106 2006 ferret?

167 2038 438 2090 Respondeo
462 2039 667 2090 primum,
690 2039 1045 2092 implorationem
1069 2039 1230 2079 divinae
1258 2039 1424 2092 gratiae,
1447 2038 1550 2080 licet

81 2111 209 2152 rebus
234 2112 437 2152 omnibus
460 2112 660 2152 adhiberi
686 2113 835 2165 possit,
860 2119 903 2152 et
925 2125 1157 2153 commune
1179 2113 1405 2165 quoddam
1427 2113 1548 2154 vide-

80 2190 178 2226 atur
210 2199 305 2226 esse
327 2186 594 2238 praesidium,
616 2191 767 2226 tamen
789 2185 872 2226 hoc
898 2185 994 2226 loco
1017 2186 1241 2239 proprium
1265 2192 1309 2227 et
1329 2186 1549 2239 peculiare

80 2271 186 2310 esse,
220 2273 308 2299 non
347 2273 593 2300 commune.
661 2259 797 2312 Cujus
830 2274 882 2301 ea
913 2261 1023 2300 ratio
1056 2273 1150 2300 esse
1184 2266 1331 2313 potest
1363 2261 1466 2313 quia
1497 2261 1545 2311 is,

81 2333 199 2373 unde
227 2333 392 2386 petitur
414 2333 510 2374 haec
532 2334 738 2387 cognitio,
761 2340 828 2375 est
859 2334 1047 2386 ipsemet
1068 2333 1271 2384 offensus,
1296 2334 1369 2386 qui
1392 2333 1549 2375 melius

78 2407 201 2447 novit
225 2413 428 2460 acceptas
451 2407 652 2457 offensas,
671 2421 804 2460 quam
822 2408 1024 2456 offensor,
1044 2414 1092 2448 ut
1109 2407 1151 2447 in
1172 2407 1377 2448 humanis
1393 2414 1545 2461 patet3

78 2493 182 2520 nam
205 2494 324 2534 saepe
347 2481 614 2522 offendimus
637 2482 841 2534 aliquem,
860 2495 991 2534 quem
1015 2482 1195 2521 minime
1213 2495 1292 2522 nos
1309 2482 1547 2523 offendisse

73 2560 292 2607 putamus.
357 2555 401 2595 Is
431 2562 592 2605 autem,
624 2556 698 2608 qui
730 2555 860 2596 laesus
893 2560 969 2604 est,
1002 2555 1140 2608 probe
1165 2557 1288 2596 novit
1316 2555 1542 2606 offensam,

75 2629 180 2681 quia
222 2635 266 2669 et
306 2630 439 2670 sentit
481 2636 525 2670 et
569 2630 729 2670 suffert.
794 2630 859 2671 Ut
900 2630 1032 2683 igitur
1067 2630 1124 2670 ab
1167 2631 1309 2670 amico
1351 2630 1543 2670 solemus

73 2702 276 2756 precibus
317 2702 536 2744 interdum
581 2704 858 2753 contendere,
897 2710 945 2745 ut
985 2704 1113 2744 nobis
1164 2705 1328 2744 indicet
1375 2704 1410 2743 si
1452 2716 1542 2756 qua

71 2774 116 2815 in
159 2789 204 2816 re
251 2790 350 2817 eum
393 2776 586 2818 laesimus
627 2784 671 2818 et
715 2778 991 2828 offendimus,
1035 2791 1171 2831 quum
1213 2778 1306 2830 ipse
1348 2782 1415 2817 est
1465 2777 1540 2830 qui

577 2865 590 2886 ²
615 2867 712 2910 Spec.
733 2869 824 2901 Disc.
844 2880 877 2911 p.
898 2877 928 2901 2.
949 2850 983 2901 0.,
997 2877 1027 2909 3.
