1903 3197
324 169 387 226 84
635 166 715 211 De
749 167 938 212 ratione
975 167 1171 212 vivendi
1209 167 1471 214 Socz‘elatz's.

321 306 443 340 enter
495 299 626 351 igitur
675 298 780 338 mihi
822 299 958 339 videri
1007 299 1119 339 solet
1165 300 1320 339 beatus
1369 306 1517 339 noster
1563 301 1704 349 Pater,
1749 309 1792 342 et

321 373 469 412 divino
517 386 654 425 prope
694 372 847 412 fecisse
892 372 1085 421 consilio,
1132 378 1179 412 ut
1220 374 1444 413 communi
1486 373 1588 412 vitae
1631 387 1790 425 genere

321 447 566 499 deligendo,
591 448 806 500 superbiae
839 447 1091 487 occasiones
1121 453 1401 499 amputaret3
1434 447 1635 500 praecipit
1666 461 1789 488 nam-

321 535 406 573 que
445 520 709 569 Cassianus,1
749 521 851 561 ‘'Ut
894 535 955 570 ea,
993 535 1091 573 quae
1125 535 1203 561 nos
1246 526 1432 573 possunt
1465 521 1577 560 inter
1608 527 1789 562 caeteros

319 595 535 635 notabiles
578 595 768 644 reddere,
813 609 863 634 ac
899 595 1034 634 veluti
1077 594 1179 634 solis
1222 594 1485 634 facientibus
1529 594 1622 634 laus
1649 595 1784 654 ¹apud

319 668 520 708 homines
556 669 610 709 sit
642 669 951 720 conquirenda,
984 667 1210 708 vitemus”
1275 669 1334 708 Et
1369 668 1546 720 quidem
1587 682 1665 708 nos
1708 668 1788 721 ipsi

319 743 447 783 valde
470 743 743 783 demittimus
766 756 865 782 curn
889 742 1172 794 intelligimus
1197 756 1283 782 non
1314 742 1463 782 haberi
1487 756 1565 782 nos
1588 742 1789 782 homines

320 818 603 864 abstinentes,
645 824 722 857 aut
773 817 815 856 in
859 831 938 856 nos
990 817 1108 869 ipsos
1150 830 1335 864 severOS,
1380 817 1457 856 sed
1510 816 1788 869 indulgentes

320 893 479 943 potius,
503 898 546 931 et
579 892 737 931 nostris
771 892 1016 930 commodis
1050 891 1357 942 obsequentes,
1381 890 1532 929 vinum
1565 896 1608 930 et
1636 904 1788 930 carnes

320 966 376 1005 ad
415 967 663 1006 satietatem
701 970 942 1017 gustantes,
980 964 1114 1003 linteo
1154 964 1370 1015 laneoque
1406 969 1579 1003 utentes
1612 964 1788 1012 amictu,

321 1040 530 1091 mollique
565 1040 606 1078 in
642 1044 778 1078 strato
814 1037 869 1077 ad
905 1038 1212 1076 necessitatem
1247 1037 1471 1084 cubantes,
1507 1036 1626 1076 nulla
1658 1038 1788 1077 inter-

319 1113 558 1165 pellatione
583 1112 744 1164 vigiliae
774 1112 1003 1163 precisque
1034 1115 1269 1150 nocturnae.
1336 1108 1459 1158 Haec,
1493 1110 1685 1162 inquam,
1710 1124 1790 1150 nos

320 1187 447 1226 valde
489 1186 740 1233 demittunt,
778 1190 1073 1237 premuntque
1116 1184 1292 1236 spiritus
1335 1197 1482 1223 coram
1526 1184 1788 1234 hominibus,

320 1275 345 1300 a
382 1261 542 1313 quibus
585 1260 691 1299 nihil
727 1273 806 1298 nos
841 1258 1012 1298 differre
1050 1258 1353 1310 conspicimus.
1420 1258 1622 1310 Cumque
1660 1258 1788 1298 rebus

321 1348 409 1374 non
452 1334 706 1373 differamus
748 1333 954 1379 externis,
998 1332 1155 1371 damus
1199 1344 1390 1383 operam,
1435 1337 1482 1370 ut
1534 1345 1578 1371 re
1630 1331 1786 1372 saltem

319 1408 466 1460 aliqua
518 1407 731 1454 interiore,
776 1405 1016 1458 solidisque
1057 1405 1294 1444 Virtutibus
1345 1405 1693 1457 distinguamur:
1746 1412 1790 1445 et

321 1487 506 1521 externa
542 1480 623 1520 hac
658 1479 905 1519 communis
941 1479 1041 1518 vitae
1075 1478 1219 1531 specie
1258 1478 1480 1530 propriam
1514 1484 1646 1530 atque
1680 1479 1789 1518 inte-

320 1555 476 1595 riorem
516 1554 705 1606 religiosi
740 1553 931 1594 hominis
964 1553 1229 1605 probitatem
1273 1552 1539 1604 laudemque
1575 1558 1787 1592 tueamur.

322 1628 713 1680 Quemadmodum
750 1628 866 1666 enim
901 1626 1038 1666 voluit
1072 1626 1204 1674 Deus,
1240 1631 1287 1665 ut
1323 1625 1487 1666 Sancta
1523 1625 1787 1665 Sanctorum

317 1703 463 1754 bysso,
503 1715 644 1749 cocco,
688 1715 740 1741 ac
782 1700 1025 1752 hyacintho
1061 1705 1324 1752 tegerentur,
1368 1699 1423 1738 ad
1467 1700 1788 1751 protegendum

317 1781 465 1815 autem
509 1774 840 1814 tabernaculum
893 1773 1030 1826 pelles
1077 1772 1334 1813 animalium
1389 1779 1432 1812 et
1473 1771 1570 1811 vela
1617 1772 1788 1813 cilicina

317 1848 673 1896 extenderentur,
699 1862 796 1899 quae
830 1847 1012 1900 pluvias,
1036 1852 1203 1895 ventos,
1226 1860 1277 1886 ac
1308 1845 1533 1898 pulverem
1563 1853 1785 1887 arcerent:

319 1925 379 1963 sic
405 1923 675 1963 Societatem
709 1927 905 1961 nostram
936 1921 995 1960 ita
1019 1921 1219 1969 instituit,
1243 1927 1291 1960 ut
1315 1921 1587 1960 extrinsecus
1610 1920 1788 1973 quidem

316 1999 507 2052 pellibus
550 1996 807 2037 animalium
851 2002 1168 2049 protegeretur,
1201 1995 1307 2034 dum
1350 2000 1607 2034 caeterorum
1649 1994 1790 2035 homi-

317 2086 421 2112 num
451 2085 571 2111 more
601 2071 724 2123 quasi
754 2070 890 2110 vitam
924 2069 1015 2121 agit
1048 2068 1279 2117 animalis;
1312 2068 1429 2108 intus
1460 2074 1609 2107 autem
1643 2068 1788 2119 bysso,

318 2159 461 2195 cocco,
487 2158 537 2184 ac
559 2143 801 2196 hyacintho
824 2142 1021 2194 fulgeret,
1041 2155 1140 2194 quae
1164 2147 1267 2180 sunt
1289 2147 1548 2180 ornamenta
1564 2141 1790 2190 virtutum,

317 2233 416 2271 quae
469 2218 586 2257 haud
631 2217 692 2256 ita
744 2216 928 2257 forsitan
970 2220 1261 2263 coruscarent,
1305 2214 1385 2253 nisi
1433 2215 1655 2254 communi
1707 2214 1789 2254 hac

319 2299 534 2344 tanquam
568 2290 770 2331 animalis
791 2290 880 2331 vita
913 2294 1248 2343 protegerentur
1281 2288 1563 2328 extrinsecus.

410 2366 638 2405 Postrema
660 2364 771 2404 ratio
801 2369 877 2412 est,
902 2363 1004 2415 quia
1036 2361 1131 2404 haec
1164 2363 1259 2415 ipsa
1283 2368 1467 2402 externa
1496 2362 1791 2402 communitas

319 2440 375 2479 de
399 2438 618 2491 religionis
640 2437 906 2490 perfectione
929 2435 1035 2477 nihil
1059 2436 1239 2476 omnino
1263 2435 1462 2475 detrahit.
1519 2435 1621 2474 Non
1645 2434 1787 2474 solum

319 2513 424 2565 quia
446 2512 592 2552 studio
621 2511 827 2564 perfectae
849 2510 1033 2558 virtutis,
1057 2515 1100 2549 et
1122 2509 1260 2549 tribus
1282 2509 1395 2549 votis
1427 2507 1788 2549 substantialibus

319 2586 580 2633 continetur,
607 2597 758 2624 verum
791 2584 924 2623 etiam
959 2584 1062 2635 quia
1097 2582 1312 2635 religiosae
1344 2581 1587 2634 disciplinae
1620 2582 1789 2622 ratione

322 2660 384 2699 ita
406 2664 684 2711 temperatur,
708 2662 756 2696 ut
778 2657 909 2708 longe
931 2656 1106 2695 differat
1128 2669 1153 2695 a
1175 2655 1265 2695 vita
1287 2655 1509 2694 communi
1532 2661 1789 2695 caeterorum

318 2733 559 2772 hominum.
623 2732 943 2778 Percurramus,
983 2730 1017 2768 si
1056 2729 1211 2781 placet,
1246 2729 1289 2768 id
1327 2728 1524 2768 breviter.
1590 2729 1790 2769 Externa

317 2807 460 2847 omnis
511 2805 686 2846 vivendi
738 2804 848 2844 ratio
890 2803 1028 2843 tribus
1072 2802 1200 2842 rebus
1251 2802 1531 2855 potissimum
1584 2807 1786 2843 constat:

726 2891 738 2912 ²
766 2894 820 2925 De
837 2892 966 2925 coenob.
988 2892 1095 2924 Instit.
1116 2892 1173 2924 lib.
1197 2899 1245 2923 11.
1266 2901 1292 2923 c.
1317 2890 1365 2923 18.
