1903 3197
217 146 414 193 Motz'va
437 146 507 193 ad
523 146 909 193 ministra-ndum
934 147 1191 210 dz'czgmter
1213 148 1414 209 (egrotis.
1497 160 1520 207 5
1530 161 1594 206 39

126 279 297 320 charius
339 280 382 319 in
423 280 521 320 vita.
586 277 735 331 Quid?
799 278 931 331 Quod
965 279 1170 332 angelum
1210 293 1337 320 suum
1373 279 1593 320 Dominus

127 353 246 393 omni
284 353 477 394 humana
508 366 592 406 ope
623 352 846 392 destitutis
879 354 1069 406 aegrotis,
1103 355 1176 405 qui
1210 354 1270 393 eis
1310 354 1587 402 ministraret,

127 426 346 466 interdum
389 427 533 475 misit3
587 432 645 475 ut,
682 425 890 477 quoniam
929 426 1207 478 Angelorum
1243 433 1308 467 est
1346 428 1593 467 ministrare

130 498 315 545 Christo,
350 500 507 539 mirum
542 499 676 539 videri
717 512 803 538 non
840 498 1011 547 debeat,
1049 500 1083 538 si
1123 500 1299 552 aegrotis
1334 502 1478 549 etiarn,
1516 500 1591 552 qui

131 572 292 613 Christi
319 585 550 626 personam
584 572 786 621 referunt,
812 573 892 625 ipsi
926 571 1091 624 Angeli
1126 572 1418 613 famulentur.1
1462 573 1596 614 Certe

129 647 170 686 in
192 647 281 687 vita
312 646 388 688 SS.
415 647 592 687 Patrum
623 646 809 699 legimus
840 652 1010 699 aegroto
1040 647 1132 686 seni
1164 647 1207 686 in
1239 646 1485 695 solitudine,
1519 647 1592 687 ubi

128 721 183 760 ab
215 719 465 760 hominibus
497 719 603 759 nihil
636 720 829 760 habebat
863 719 1030 768 auxilii,
1065 720 1272 772 angelum
1306 721 1390 760 Dei
1423 726 1593 773 septem

128 794 296 834 circiter
345 793 513 833 dierum
566 794 710 846 spatio
752 793 1070 834 officiosissime
1124 795 1419 834 ministrasse:
1471 794 1598 847 cujus

126 867 291 907 visendi
327 867 467 920 gratia
508 881 607 907 cum
652 867 804 908 fratres
841 867 1011 922 aliquot
1053 869 1349 917 accessissent,
1383 868 1590 921 angelum

127 941 379 991 recessisse;
414 955 564 982 senem
593 955 705 990 vero,
731 943 916 982 narratis
943 956 1044 995 quae
1073 942 1110 982 ei
1142 943 1292 983 divina
1321 943 1597 995 benignitate

125 1021 340 1063 evenerat,
364 1015 407 1055 in
431 1015 627 1055 Domino
650 1015 936 1056 obdormisse.

216 1088 420 1129 Secunda
453 1089 617 1129 utilitas
650 1095 725 1137 est,
759 1091 878 1142 quod
923 1091 1099 1142 aegrotis
1138 1090 1393 1139 ministrare,
1426 1104 1492 1130 res
1530 1095 1596 1131 est

125 1162 312 1215 ingentis
354 1163 472 1216 apud
517 1163 661 1203 Deum
706 1162 880 1203 meriti.2
964 1164 1166 1216 Rogatus
1209 1164 1325 1204 enim
1361 1178 1387 1205 a
1428 1164 1591 1204 sanctis

126 1236 209 1276 illis
250 1237 447 1289 patribus
488 1237 680 1289 quidam,
724 1244 819 1277 uter
860 1251 883 1276 6
929 1237 1104 1277 duobus
1146 1236 1362 1288 fratribus,
1405 1251 1591 1291 quorum

127 1311 235 1350 alter
284 1323 363 1350 sex
407 1310 575 1350 dierum
613 1310 830 1362 jejunium
866 1311 1149 1364 protraheret,
1194 1312 1470 1365 multumque
1511 1313 1592 1353 sibi

125 1397 269 1436 operae
322 1389 365 1424 et
426 1383 584 1424 laboris
646 1385 902 1437 imponeret,
964 1385 1074 1425 alter
1136 1399 1237 1426 vero
1303 1386 1595 1440 vfamularetur

127 1458 314 1511 aegrotis,
347 1459 512 1511 gratius
550 1458 649 1498 Deo
691 1472 802 1511 opus
845 1465 888 1498 et
931 1460 1074 1512 magis
1116 1467 1347 1512 acceptum
1385 1460 1600 1500 exhibere

125 1532 376 1572 videretur:
438 1533 664 1585 respondit
716 1545 883 1572 senex:
939 1533 1025 1573 “Si
1079 1533 1114 1572 is
1165 1534 1239 1585 qui
1291 1548 1370 1574 sex
1423 1535 1592 1574 dierum

127 1607 317 1646 inediam
369 1607 585 1659 producit,
638 1606 705 1646 vel
757 1620 835 1659 per
885 1620 1012 1646 nares
1063 1608 1258 1660 seipsum
1309 1609 1591 1661 appenderet,

128 1694 351 1733 nunquam
396 1682 434 1721 ei
485 1695 637 1734 parem
690 1681 791 1729 fore,
841 1682 913 1733 qui
967 1682 1157 1722 deservit
1208 1683 1419 1735 aegrotis.'’
1502 1683 1596 1724 Sed

128 1769 272 1808 operae
314 1756 502 1808 pretium
546 1762 610 1795 est
668 1755 1026 1796 Bonaventuram
1069 1756 1229 1805 audire,
1265 1757 1370 1809 quid
1412 1758 1468 1797 de
1508 1757 1590 1799 hac

129 1843 172 1869 re
203 1830 361 1869 sentiat
396 1830 438 1868 in
470 1828 660 1870 Stimulo
689 1828 897 1869 Amoris:
932 1829 1003 1869 ubi
1033 1830 1094 1869 sic
1123 1829 1356 1883 opinatur,3
1387 1845 1487 1871 eum
1518 1831 1591 1884 qui

127 1904 323 1943 studiose
358 1903 576 1943 ministrat
617 1904 793 1955 :egrotis
836 1903 933 1956 plus
972 1904 1136 1952 mereri,
1176 1918 1308 1956 quam
1345 1906 1380 1945 si
1417 1905 1594 1946 Christo

128 1977 209 2029 ipsi
243 1977 516 2017 ministraret.
582 1976 799 2025 “Credo,’'
834 1978 986 2030 inquit,
1011 1979 1143 2018 “sine
1174 1979 1440 2032 praejudicio,
1473 1979 1592 2033 quod

126 2051 200 2104 qui
234 2052 306 2099 sic,
341 2057 391 2091 ut
424 2052 593 2091 dictum
627 2058 704 2098 est,
739 2051 954 2091 ferventer
985 2058 1028 2092 et
1060 2052 1293 2105 diligenter
1326 2053 1501 2094 Christo
1549 2055 1595 2094 in

126 2125 332 2178 proximo
351 2125 616 2165 ministraret
638 2139 746 2177 pure
763 2139 841 2178 per
859 2125 1092 2175 Christum,
1112 2132 1155 2166 et
1177 2126 1372 2167 totaliter
1393 2128 1593 2169 tenderet

125 2201 168 2238 in
210 2200 365 2252 ipsum,
398 2200 519 2252 quod
562 2199 659 2252 plus
698 2206 936 2240 mereretur
977 2206 1020 2240 et
1057 2201 1289 2241 virtuosius
1333 2209 1590 2252 moveretur,

125 2280 169 2314 et
202 2287 227 2313 a
263 2273 361 2313 Deo
396 2273 586 2326 amplius
621 2274 948 2327 approbaretur,
980 2288 1112 2327 quam
1150 2275 1184 2314 si
1219 2276 1394 2328 proprio
1430 2276 1591 2318 Christi

125 2347 292 2400 corpori
336 2347 610 2388 ministraret.
677 2347 735 2388 Et
778 2347 862 2388 hoc
903 2355 1055 2401 patere
1096 2356 1268 2402 potest:
1322 2364 1432 2390 unus
1474 2351 1591 2391 enim

124 2421 339 2473 pessimus
370 2420 515 2469 homo,
551 2422 585 2461 si
614 2422 780 2462 videret
810 2421 1035 2462 Christum
1066 2423 1108 2462 in
1139 2437 1225 2463 uno
1255 2424 1380 2474 lecto,
1404 2431 1448 2465 et
1479 2425 1592 2466 bene

124 2501 406 2546 cognosceret
436 2495 582 2547 ipsum
613 2509 717 2541 esse,
740 2495 870 2536 credo
903 2510 989 2536 non
1023 2510 1118 2537 esse
1151 2497 1345 2547 dubium,
1369 2499 1474 2551 quin
1507 2500 1589 2553 ipsi

124 2567 356 2619 diligenter
390 2568 680 2608 ministraret:
713 2570 791 2609 sed
823 2570 904 2622 ipsi
941 2570 1118 2611 Christo
1151 2571 1193 2610 in
1227 2572 1432 2624 proximo
1465 2579 1594 2614 tanto

125 2641 294 2680 fervore
319 2646 363 2680 et
389 2640 618 2692 diligentia
644 2642 889 2683 ministrare
923 2657 1011 2684 non
1044 2651 1205 2697 posset,
1240 2658 1326 2685 non
1357 2645 1586 2698 perfectus,

123 2721 170 2755 ut
220 2715 361 2764 credo,
396 2715 495 2763 imo,
538 2721 586 2756 ut
635 2717 694 2757 ita
741 2716 905 2770 loquar,
941 2718 1178 2771 plusquam
1226 2718 1452 2771 perfectus.
1529 2721 1590 2763 Et

122 2787 222 2829 ideo
267 2794 363 2829 toto
400 2789 533 2829 animi
567 2790 798 2831 conamine
829 2790 943 2832 hanc
975 2792 1162 2845 gratiam
1196 2792 1386 2833 nitamur
1417 2793 1590 2837 habere.

163 2884 174 2904 ¹
200 2887 276 2919 Part
293 2895 322 2918 2.
344 2888 359 2925 ἓ
379 2894 449 2926 149.
541 2886 554 2905 ²
580 2888 619 2918 In
637 2888 692 2920 vit.
715 2889 801 2920 Patr.
823 2900 854 2931 p.
876 2898 906 2922 2.
925 2890 968 2921 de
983 2890 1097 2922 charit.
1196 2890 1209 2908 ἕ
1235 2890 1306 2922 Par.
1331 2899 1356 2922 ι.
1378 2902 1405 2924 c.
1425 2899 1455 2932 9.
1476 2898 1497 2925 t.
1519 2901 1547 2926 2.
