1903 3197
509 140 578 186 In
611 139 827 202 Regulas
861 138 1126 186 Modestz'ae.
1457 140 1514 183 61
1532 151 1549 182 1

93 275 282 317 sublatio
316 274 683 328 impoenitentiam
719 274 892 323 indicet,
927 272 1147 313 Manassis
1184 277 1371 312 testatur
1405 284 1558 312 exem-

92 348 244 404 plum.1
307 349 445 389 “Non
467 361 563 389 sum
593 348 751 400 dignus
781 347 949 395 intueri,
973 353 1016 386 et
1049 347 1244 399 aspicere
1275 345 1556 386 altitudinem

94 424 193 465 coeli
228 438 318 477 prae
354 422 634 463 multitudine
670 421 951 472 iniquitatum
984 418 1251 460 mearumss’2
1311 420 1371 460 Et
1400 419 1561 460 Achab

92 512 327 539 conversus
358 498 413 538 ad
446 495 752 550 poenitentiam
783 494 1025 534 ambulavit
1057 494 1252 534 demisso
1279 494 1433 546 capite.
1498 493 1559 534 Et

95 572 354 626 publicanus
376 572 419 611 in
450 569 692 622 Evangelio
722 574 844 608 stans
876 582 903 608 a
933 568 1063 620 longe
1096 567 1277 607 nolebat
1304 581 1383 607 nec
1412 567 1562 607 oculos

94 647 151 687 ad
174 645 334 687 coelum
356 645 509 685 levare.
564 643 684 696 Lege
710 642 842 682 etiam
867 640 1144 682 Climachum
1179 654 1238 694 gr.
1267 639 1321 691 5.3
1343 641 1397 681 de
1420 641 1561 693 poeni—

93 721 234 762 tentia
263 724 478 766 accurata,
501 732 539 771 p.
564 728 630 769 90,
653 728 720 769 91.
745 716 818 756 ubi
850 722 997 756 narrat
1029 729 1114 765 eos,
1138 715 1213 767 qui
1249 715 1560 767 poenitentiam

94 793 298 847 agebant,
330 807 376 833 se
416 792 587 840 vidisse,
622 791 753 831 facies
794 790 961 830 lucidas
1004 789 1266 829 inclinantes
1307 789 1352 828 in
1389 793 1562 838 terram,

97 868 300 921 indignos
331 867 405 920 qui
438 866 598 906 coelum
630 866 887 918 aspicerent,
912 863 1216 905 vociferantes.

184 941 432 982 Bernardus
473 941 528 981 de
569 940 802 980 duodecim
843 939 961 992 grad.
1041 937 1197 991 “Quid
1237 938 1374 977 audes
1417 936 1567 978 oculos

94 1016 250 1064 levare,
269 1016 343 1068 qui
366 1016 410 1055 in
432 1014 592 1055 coelum
614 1013 829 1067 peccasti?
858 1019 1019 1053 terram
1043 1012 1224 1061 intuere,
1249 1018 1296 1052 ut
1319 1025 1564 1064 cognoscas

97 1096 143 1131 te
174 1090 345 1143 ipsum;
377 1090 472 1142 ipsa
502 1094 546 1129 te
578 1088 658 1128 tibi
692 1087 1050 1141 repraesentabit:
1094 1087 1198 1139 quia
1225 1092 1340 1126 terra
1362 1100 1420 1134 es,
1445 1092 1489 1126 et
1521 1086 1565 1126 in

96 1170 259 1205 terram
296 1163 413 1204 ibis.”
476 1163 536 1203 Et
569 1162 736 1202 ratione
771 1167 903 1214 patet.
963 1161 1079 1214 Quia
1112 1161 1282 1214 peccati
1316 1174 1465 1200 comes
1497 1166 1565 1200 est

97 1240 250 1293 pudor,
291 1238 470 1291 pudoris
520 1243 669 1277 autem
720 1236 945 1277 oculorum
997 1236 1204 1276 demissio
1231 1249 1239 1275 ε
1292 1249 1402 1287 quos
1445 1235 1565 1274 enim

98 1313 247 1367 pudet,
271 1312 300 1352 ii
331 1311 480 1352 oculos
501 1317 722 1364 caputque
743 1310 991 1350 demittunt.
1056 1310 1115 1349 Et
1142 1309 1197 1349 de
1219 1308 1371 1348 Aman
1394 1308 1569 1356 dicitur,

102 1387 224 1428 Esth.
255 1387 292 1428 6.
356 1385 482 1439 “Qui
518 1400 609 1439 prae
650 1385 827 1438 pudore,
870 1398 921 1424 ac
962 1383 1219 1424 confusione
1263 1383 1487 1423 festinavit
1523 1383 1566 1422 in

101 1462 284 1503 domum
327 1461 387 1501 ire
428 1466 582 1513 operto
614 1459 790 1512 capite.’'
855 1458 1049 1498 Isidorus
1080 1471 1259 1510 quoque
1297 1458 1339 1496 in
1383 1456 1569 1509 Synod:

104 1535 312 1575 “Peccati
364 1535 532 1588 pudore
573 1532 722 1573 oculos
758 1539 858 1572 tuos
899 1531 1098 1572 attollere
1136 1531 1368 1581 erubesce;
1412 1530 1568 1570 incede

105 1598 278 1662 abjecto
308 1609 442 1657 vultu,
465 1607 696 1648 humiliato
727 1621 812 1655 ore,
837 1606 1040 1659 deposita
1072 1605 1218 1646 facie.‘'

193 1684 253 1724 Et
290 1684 428 1723 Isaias
464 1682 582 1722 Abb.
614 1681 685 1722 Or.
718 1696 758 1721 x.
842 1679 965 1732 “Qui
1003 1679 1185 1728 studet,”
1225 1680 1378 1732 inquit,
1413 1681 1497 1719 “se
1544 1692 1571 1718 a

106 1758 232 1808 vitiis,
269 1764 312 1798 et
346 1756 747 1811 perturbationibus
784 1768 1041 1808 expurgare,
1077 1755 1292 1795 erubescit
1330 1755 1372 1793 in
1407 1753 1568 1794 coelum

107 1832 257 1873 oculos
288 1831 441 1871 tollere
473 1831 516 1870 in
548 1835 782 1883 conspectu
815 1829 935 1869 Dei?

198 1905 366 1959 Quarta
392 1919 523 1945 causa
554 1917 629 1944 cur
659 1904 920 1944 demittendi
952 1908 1054 1943 sunt
1085 1902 1197 1943 oculi
1230 1901 1441 1955 religioso,
1467 1900 1572 1953 quia

107 1980 333 2022 oculorum
360 1980 547 2027 libertas,
572 1984 616 2018 et
645 1977 959 2018 circumductio
991 1978 1163 2030 signum
1196 1983 1262 2017 est
1291 1989 1390 2016 cum
1414 1975 1572 2016 curiosi

107 2055 254 2103 animi,
288 2053 407 2107 quod
449 2059 515 2093 est
554 2053 709 2092 vitium
750 2058 903 2091 contra
942 2051 1277 2099 studiositatem,
1312 2049 1435 2102 cujus
1475 2062 1570 2089 esse

107 2129 305 2170 diximus
356 2141 413 2167 ex
461 2127 513 2180 Q.
553 2137 588 2167 2.
628 2126 843 2166 moderari
894 2126 1142 2178 appetitum
1194 2125 1571 2177 cupiditatemque

109 2203 425 2257 cognoscendi;
449 2208 543 2242 tum
568 2201 848 2254 impudentis,
867 2200 1143 2253 hominisque
1161 2200 1280 2239 domi
1299 2213 1389 2239 suae
1407 2198 1573 2239 scilicet

108 2292 196 2319 non
239 2277 534 2325 inhabitantis,
579 2276 656 2316 sed
698 2277 772 2328 qui
814 2289 864 2315 ea
905 2288 1004 2327 qua:
1046 2280 1254 2328 geruntur
1295 2274 1424 2322 intus,
1467 2271 1571 2312 foris

107 2358 348 2406 occupatus
374 2365 461 2391 non
489 2350 808 2391 animadvertit.
872 2349 1071 2390 Dedecet
1097 2355 1244 2389 autem
1266 2361 1370 2388 cum
1393 2360 1573 2388 omnem

107 2426 332 2467 hominem
356 2426 555 2479 probum,
576 2431 671 2465 tum
705 2424 902 2464 maxime
934 2423 1196 2476 religiosum,
1221 2423 1276 2463 ad
1307 2435 1438 2475 quem
1467 2421 1576 2461 nihil

110 2500 330 2554 pertinent
361 2514 412 2540 ea
443 2513 542 2552 quae
574 2498 677 2539 foris
708 2504 821 2547 sunt,
845 2498 1097 2539 curiositas:
1130 2498 1207 2537 sed
1240 2511 1286 2537 sc
1317 2498 1411 2549 ipse
1442 2495 1577 2535 debet

110 2574 338 2627 religiosus
397 2575 601 2626 aspicere,
667 2586 850 2625 seseque
909 2572 1147 2612 attendere.
1246 2571 1394 2623 Quare
1459 2574 1575 2609 recte

111 2647 414 2688 Bernardus:4
455 2647 559 2688 “Ut
592 2646 913 2699 temetipsum,'’
946 2646 1097 2698 inquit,
1131 2648 1342 2698 “semper
1374 2643 1574 2697 aspicias,

109 2735 284 2776 semper
316 2722 372 2763 ab
401 2721 606 2762 omnibus
639 2720 789 2761 oculos
821 2718 1033 2761 averte.'’⁵
1095 2720 1154 2760 Et
1181 2719 1303 2772 jure:
1337 2732 1439 2760 nam
1470 2717 1579 2759 coeci

328 2835 342 2855 ¹
365 2846 395 2868 2.
413 2837 486 2868 Par.
503 2837 555 2878 36.
739 2835 753 2854 ²
776 2844 805 2877 3.
827 2837 910 2877 Reg.
928 2845 979 2867 21.
1167 2834 1181 2853 ³
1205 2836 1283 2866 Luc.
1309 2835 1356 2868 18.

372 2888 387 2906 ⁴
411 2889 451 2920 In
470 2888 533 2929 Ep.
555 2888 597 2920 ad
618 2888 759 2920 Fratres.
852 2887 865 2907 ⁵
889 2889 942 2920 De
957 2892 1071 2920 monte
1093 2886 1167 2926 Dei,
1187 2897 1219 2929 p.
1239 2895 1313 2919 202.

289 2950 361 2982 NN
395 2952 419 2981 2
