1903 3197
649 132 728 176 De
761 131 1013 176 Examina
1463 143 1485 172 2
1494 142 1520 185 9
1531 136 1556 186 7

99 265 378 320 Prophetam,
410 263 538 303 “vias
571 266 740 302 nostras
755 260 798 283 '³¹
829 267 872 301 et
901 261 1044 300 studia
1082 266 1239 309 nostra,
1269 265 1312 299 et
1345 259 1388 299 in
1421 271 1473 299 eo
1511 272 1556 298 se

97 339 284 392 quisque
313 337 481 390 judicet
517 334 763 389 profecisse,
802 346 890 373 non
928 345 1026 372 cum
1064 346 1151 372 non
1189 333 1400 372 invenerit
1437 331 1556 384 quod

105 410 407 464 reprehendat,
469 410 545 450 sed
606 420 718 458 cum,
770 406 887 460 quod
930 405 1151 454 invenerit,
1212 401 1558 457 reprehendet.''²

103 484 237 525 Porro
267 484 310 524 id
333 483 452 536 quod
476 483 582 523 dicit
604 483 669 522 vir
693 486 881 529 sanctus,
905 480 1048 532 sopita
1069 479 1174 518 vitia
1203 478 1347 517 denuo
1377 477 1558 517 excitari

100 556 332 598 confirmat
375 557 507 597 etiam
548 555 616 595 his
656 554 799 594 verbis
848 554 894 593 B.
932 552 1180 591 Macarius:
1232 550 1442 590 “Malitia
1483 550 1560 589 dat

102 644 282 684 operam
315 635 362 670 ut
394 630 530 669 lateat
561 635 604 669 et
635 634 802 668 secreto
834 626 1004 666 habitet
1037 625 1080 664 in
1110 629 1256 663 mente
1288 622 1489 670 hominis,
1518 628 1560 661 et

101 703 159 744 ad
191 708 358 743 certum
380 707 555 754 tempus
586 701 742 741 vitium
775 699 935 739 desinit
966 697 1190 738 hominem
1222 695 1485 749 perturbare,
1516 701 1562 734 ut

102 776 264 817 audeat
305 776 340 815 is
378 773 662 827 jurejurando
694 773 911 813 affirmare
954 772 997 811 in
1034 783 1080 810 se
1112 769 1224 810 ultra
1258 782 1344 809 non
1380 768 1561 808 excitari

101 848 237 889 talem
274 847 564 897 affectionem,
599 853 642 887 et
674 852 825 886 tamen
862 843 995 898 paulo
1032 850 1132 896 post
1169 843 1305 883 uritur
1338 841 1563 894 concupis-

102 922 256 963 centiae
288 921 405 971 vitio,
439 921 500 961 ita
532 926 580 961 ut
614 921 657 960 in
690 934 741 960 eo
776 918 974 972 perjurus
1008 913 1312 957 inveniatur.''3
1374 915 1433 954 Et
1461 913 1563 954 alibi

102 996 175 1045 ait,
208 1007 509 1048 saepenumero
544 993 760 1046 quosdam
796 1006 818 1031 e
852 991 1057 1031 fratribus
1089 994 1282 1042 repertos
1315 1001 1409 1028 esse
1440 993 1564 1028 tanta

104 1069 248 1123 gratia
288 1068 486 1121 perfusos
527 1073 576 1107 ut
617 1067 832 1107 affirmare
874 1065 1085 1106 auderent
1127 1063 1319 1115 quinque
1360 1066 1435 1102 aut
1486 1074 1565 1100 sex

106 1154 319 1182 annorum
378 1140 521 1194 spatio
576 1139 976 1192 concupiscentiam
1034 1137 1267 1184 exaruisse,
1313 1142 1356 1175 et
1412 1134 1566 1174 nihilo-

108 1214 252 1254 minus
303 1213 604 1254 vehementius
660 1212 884 1253 incitatam
939 1225 1013 1251 eos
1064 1209 1244 1251 tandem
1296 1209 1472 1248 torsisse
1525 1212 1568 1247 et

106 1287 366 1328 accendisse.
451 1285 564 1338 Quae
606 1299 704 1326 cum
748 1287 809 1325 ita
851 1285 947 1333 sint,
987 1283 1240 1336 planissime
1283 1281 1568 1333 intelligimus

110 1360 331 1400 neminem
363 1372 493 1412 posse
525 1372 662 1411 usque
699 1359 810 1398 adeo
848 1357 1048 1410 subigere
1084 1356 1190 1396 vitia
1221 1369 1300 1395 sua
1331 1366 1570 1405 omnesque

107 1446 266 1486 pravas
288 1432 423 1472 animi
453 1431 778 1484 propensiones,
801 1429 1239 1483 perturbationesque
1269 1428 1328 1466 ita
1357 1426 1571 1477 corrigere

110 1511 244 1559 atque
262 1504 425 1554 sedare,
449 1511 496 1545 ut
519 1504 737 1544 examinis
759 1502 963 1557 praesidio
987 1516 1036 1543 ac
1058 1501 1286 1554 putatione
1309 1513 1397 1539 non
1421 1503 1558 1551 egeat.

195 1579 347 1618 Tertia
389 1578 684 1630 interrogatio.
768 1577 866 1625 Cur,
910 1589 1008 1616 cum
1051 1581 1176 1615 tanta
1227 1573 1282 1613 sit
1327 1571 1571 1625 quotidiani

110 1652 328 1694 examinis
345 1650 666 1704 opportunitas,
683 1656 944 1702 tantumque
968 1649 1010 1688 in
1029 1661 1079 1688 eo
1102 1646 1293 1700 praesidii
1316 1646 1371 1686 ad
1395 1656 1572 1686 omnem

110 1725 284 1765 virtutis
314 1724 572 1776 profectum,
596 1730 744 1764 tamen
774 1729 865 1763 tam
898 1722 1025 1775 pauci
1058 1735 1115 1760 ex
1148 1734 1199 1760 eo
1233 1718 1411 1772 perfecti
1441 1723 1575 1770 atque

112 1796 303 1838 absoluti
333 1796 532 1836 evadant.

202 1870 480 1922 Respondeo,
504 1869 547 1908 id
576 1868 772 1908 accidere
802 1868 835 1907 si
867 1872 1118 1907 manentem
1148 1865 1192 1904 in
1222 1864 1348 1905 nobis
1373 1863 1574 1903 fomitem

114 1948 159 1984 et
187 1942 458 1983 adversarias
486 1947 730 1994 potestates
760 1940 1062 1993 excipiamus;
1094 1938 1198 1991 quia
1219 1936 1437 1977 examinis
1465 1935 1577 1976 ratio

112 2029 138 2056 a
181 2015 310 2054 Patre
354 2020 502 2054 nostro
539 2015 702 2054 tradita
738 2027 826 2053 non
865 2013 944 2052 rite
981 2018 1188 2062 servatur,
1221 2024 1300 2051 nec
1337 2009 1486 2062 aliqua
1518 2022 1577 2049 ex

113 2088 180 2128 his
217 2088 433 2141 capitibus
470 2088 576 2127 satis
613 2087 669 2126 ad
706 2087 925 2127 actionem
964 2090 1228 2125 revocantur.
1294 2082 1386 2123 Sex
1427 2087 1577 2123 autem

113 2161 219 2202 vitia
256 2161 299 2201 in
338 2174 390 2201 ea
427 2160 514 2200 fere
557 2159 764 2209 incidunt,
800 2173 857 2199 ex
896 2173 983 2211 quo
1024 2158 1074 2198 fit
1110 2164 1158 2197 ut
1189 2162 1314 2197 tanto
1350 2155 1578 2209 proposito

113 2235 322 2288 praesidio
360 2234 505 2273 minus
546 2232 835 2286 proficiamus.
911 2232 1105 2271 Primum
1148 2230 1302 2271 vitium
1344 2229 1481 2270 oritur
1522 2241 1580 2268 ex

115 2307 309 2348 secundo
353 2306 572 2366 examinis
613 2307 768 2359 capite,
805 2306 907 2358 quia
950 2304 1111 2344 delicta
1151 2308 1300 2344 nostra
1341 2315 1581 2355 eorumque

117 2380 366 2421 foeditatem
391 2394 479 2420 non
501 2380 606 2420 satis
628 2381 839 2428 videmus,
867 2392 945 2419 nec
967 2378 1024 2418 ad
1053 2391 1105 2418 ea
1136 2375 1405 2431 pervidenda
1433 2375 1581 2416 lumen

117 2454 310 2507 petimus
329 2468 338 2505 ;
371 2467 513 2506 neque
546 2453 662 2493 enim
696 2452 765 2493 vel
796 2459 974 2492 tenuem
1015 2451 1259 2492 labeculam
1292 2449 1401 2490 ferre
1433 2461 1582 2502 posse-

122 2539 231 2575 mus,
275 2526 309 2565 si
351 2526 562 2579 cujusque
604 2527 773 2579 peccati
816 2525 904 2565 vim
946 2523 1353 2577 turpitudinemque
1399 2534 1583 2574 perpen-

118 2600 332 2640 deremus.
415 2599 534 2640 Nam
585 2599 620 2639 si
672 2612 899 2652 aspersum
950 2597 1176 2651 pulverem
1228 2597 1272 2636 in
1322 2600 1443 2636 veste
1493 2605 1582 2635 non

123 2672 301 2713 ferimus
342 2685 441 2712 cum
484 2673 598 2725 regis
649 2672 693 2711 in
744 2678 1029 2725 conspectum
1071 2670 1335 2710 veniendum
1378 2674 1453 2716 est,
1493 2680 1581 2718 quo

121 2750 254 2799 pacto
289 2745 358 2786 vel
395 2745 661 2786 levissimam
701 2744 911 2785 ferremus
947 2744 1123 2797 culpam
1160 2748 1263 2783 ante
1299 2740 1448 2781 oculos
1486 2739 1582 2789 Dei,

322 2832 330 2851 ¹
359 2833 479 2866 Thren.
500 2840 530 2873 3.
665 2831 679 2851 ²
703 2833 743 2864 In
769 2833 862 2865 Cant.
886 2833 955 2866 Ser.
978 2832 1027 2873 58.
1164 2829 1178 2850 ³
1203 2830 1304 2862 Hom.
1330 2835 1375 2870 15.
