1903 3197
400 196 479 241 De
515 195 929 242 constitutionum
976 196 1212 244 Utz‘lz’tate.
1483 214 1497 243 1
1512 215 1536 257 3

78 327 286 380 consequi
315 341 393 367 nos
423 340 551 380 posse
568 326 662 378 jam
685 327 892 376 diximus,
915 329 1011 379 quis
1034 329 1220 379 dubitat,
1243 330 1347 381 quin
1370 336 1536 382 quanto

79 401 162 455 ipsi
207 400 485 454 perfectiores
526 401 764 449 extiterint,
799 406 924 440 tanto
966 401 1095 441 latius
1138 403 1399 455 uberiusque
1440 417 1539 456 pro-

80 474 212 516 futuri
254 475 340 514 sint
381 474 608 527 proximis,
652 475 950 526 universaeque
993 474 1203 515 Ecclesiae
1241 476 1363 515 Dei?
1424 477 1540 516 Tum

79 549 194 602 quia,
228 562 326 601 quae
363 549 444 600 ipsi
481 548 575 600 jam
614 548 870 596 didicerunt,
901 562 953 588 ea
990 548 1117 588 facile
1153 548 1248 588 aliis
1285 550 1455 590 tradere
1492 564 1542 590 ac

79 622 402 663 communicare
433 627 645 674 possunt:
678 627 773 661 tum
805 622 937 661 etiam
969 622 1071 674 quia
1103 635 1253 661 eorum
1285 622 1541 674 exemplum

79 695 315 749 plurimum
354 694 409 734 ad
446 694 801 748 persuadendum
833 694 959 740 valet.
1025 695 1144 735 Usus
1182 695 1378 747 profecto
1411 702 1544 748 atque

79 769 431 821 experimentum
459 768 503 807 id
535 769 692 819 docet;
723 768 923 808 videmus
947 768 1063 807 enirn
1085 767 1286 808 homines
1315 769 1543 809 saeculares

80 842 380 895 religiosorum
425 842 632 894 exemplo
680 843 723 881 in
770 848 1002 894 utramque
1053 848 1223 894 partem
1277 856 1543 895 magnopere

80 917 260 964 incitari,
301 917 390 956 sive
442 917 498 955 ad
555 916 732 964 bonum,
780 916 815 955 si
867 915 994 963 bona,
1042 916 1131 955 sive
1182 915 1238 955 ad
1290 916 1466 965 malum,
1510 918 1544 957 si

81 989 196 1030 mala
237 991 490 1030 intueantur
530 989 747 1042 exempla.
811 988 943 1041 Quod
981 989 1016 1029 si
1053 1002 1207 1029 omnes
1242 989 1543 1041 religiosorum

78 1063 258 1104 familiae
306 1069 471 1103 sanctae
522 1064 816 1115 perfectaeque
863 1063 959 1111 sint,
998 1063 1109 1103 tales
1155 1069 1199 1103 et
1253 1077 1428 1104 necesse
1480 1071 1546 1104 est

80 1151 175 1177 esse
226 1137 412 1190 populos
464 1137 717 1186 universos;
773 1136 909 1176 talem
953 1136 1141 1189 denique
1188 1137 1347 1177 Christi
1394 1138 1545 1178 Eccle-

82 1212 203 1260 siam,
234 1224 332 1262 quae
370 1224 531 1262 magna
574 1224 630 1249 ex
672 1216 797 1262 parte
833 1210 899 1249 his
937 1209 1112 1249 familiis
1149 1216 1283 1262 atque
1321 1211 1544 1251 ordinibus

82 1290 263 1324 constat.

168 1358 335 1410 Quinta
365 1371 415 1397 ac
447 1363 670 1410 postrema
703 1356 868 1397 utilitas
896 1363 960 1396 est
982 1357 1121 1409 gloria
1154 1358 1250 1406 Dei,
1275 1365 1322 1398 ut
1352 1359 1394 1397 in
1429 1358 1545 1399 Con-

80 1433 307 1472 stitutione
339 1431 507 1479 dicitur,
533 1432 587 1470 ad
621 1445 754 1483 quam
787 1431 988 1470 universa
1010 1431 1201 1483 denique
1234 1438 1277 1471 et
1310 1432 1544 1472 Societatis

79 1511 124 1545 et
157 1505 365 1545 Ecclesiae
398 1505 607 1544 sanctitas
631 1504 858 1545 referenda
882 1512 958 1553 est,
983 1505 1038 1544 ad
1062 1518 1159 1544 eam
1183 1505 1298 1544 enim
1325 1506 1543 1558 gradatim

81 1580 355 1629 ascenditur3
386 1593 488 1619 nam
512 1593 569 1619 ex
593 1579 738 1618 studio
762 1585 804 1618 et
822 1592 925 1618 cura
947 1579 1158 1631 cujusque
1181 1579 1223 1618 in
1246 1580 1544 1620 custodiendis

81 1654 392 1706 servandisque
435 1653 847 1701 Constitutionibrm,
884 1653 1018 1705 ipsius
1062 1653 1218 1706 privati
1258 1654 1466 1693 sanctitas
1504 1662 1547 1694 et

80 1727 318 1780 perfectio;
369 1741 424 1766 ex
463 1728 733 1779 privatorum
770 1726 1040 1778 perfectione
1076 1726 1286 1779 perfectio
1324 1727 1545 1767 societatis

82 1802 322 1849 universae;
368 1815 425 1840 ex
462 1800 591 1852 hujus
627 1807 775 1840 autem
814 1801 1048 1840 sanctitate
1083 1801 1292 1840 universae
1337 1801 1545 1841 Ecclesiae

80 1874 258 1921 bonum,
316 1887 373 1913 ex
431 1887 518 1925 quo
577 1874 766 1925 denique
820 1874 903 1912 Dei
963 1874 1101 1925 gloria
1164 1873 1391 1926 honorque
1448 1889 1544 1926 pro-

81 1947 297 1987 ficiscitur.
363 1947 433 1986 Ita
477 1946 854 1986 Constitutionum
897 1946 1155 1995 observatio,
1195 1947 1354 1986 divina:
1395 1947 1545 1999 gloria:

80 2034 212 2061 causa
263 2015 337 2061 est.
432 2021 484 2059 Id
549 2021 665 2059 enim
732 2020 813 2059 sibi
873 2021 1080 2072 proponit
1143 2026 1406 2069 extremum,
1459 2036 1545 2074 quo

82 2094 283 2134 universa
306 2093 531 2133 referenda
558 2099 685 2133 sunt:
720 2093 979 2145 “Quoniam
1012 2100 1191 2146 propter
1223 2095 1543 2147 semetipsum‚''

81 2173 130 2207 ut
159 2168 220 2208 ait
253 2167 476 2215 Salomon,
502 2167 741 2207 “universa
773 2173 979 2219 operatus
1010 2174 1076 2207 est
1109 2167 1393 2208 D01ni1ms.’'1
1457 2169 1545 2209 Sed

80 2241 328 2281 observatio
357 2240 476 2289 haec;
504 2241 589 2280 alia
618 2240 673 2280 de
704 2255 835 2281 causa
866 2242 907 2280 in
939 2241 1022 2281 Dei
1056 2241 1240 2293 gloriam
1270 2243 1412 2292 cedit;
1445 2244 1547 2295 quia

81 2321 245 2355 sanctae
277 2321 579 2367 accurataeque
601 2315 843 2367 disciplinae
877 2315 1145 2367 exemplum,
1169 2329 1347 2355 causam
1380 2318 1547 2369 prcebet·

79 2388 329 2429 hominibus
346 2388 619 2441 glorificandi
639 2389 735 2439 Dei,
751 2389 882 2440 juxta
901 2389 1006 2429 illud
1028 2389 1188 2429 Christi
1214 2390 1414 2430 Domini:
1444 2390 1546 2430 “Sic

79 2462 224 2502 luceat
250 2462 328 2501 lux
349 2469 492 2502 vestra
515 2476 661 2502 coram
684 2462 946 2510 hominibus,
972 2468 1020 2502 ut
1042 2463 1219 2503 videant
1243 2477 1376 2516 opera
1401 2470 1544 2504 vestra

81 2536 197 2576 bona
239 2542 283 2576 et
322 2536 566 2588 glorificent
609 2537 782 2576 Patrem
825 2543 1017 2577 vestrum
1061 2537 1134 2589 qui
1172 2538 1214 2576 in
1257 2538 1378 2577 coelis
1421 2537 1547 2578 65ῒ.””2

84 2608 216 2662 Quod
248 2610 283 2649 si
319 2610 523 2649 omnibus
560 2609 802 2650 christianis
842 2610 885 2649 id
928 2624 1041 2649 curae
1077 2624 1171 2650 esse
1205 2610 1348 2660 debet,
1379 2616 1544 2663 quanto

82 2683 223 2735 magis
246 2684 370 2723 nobis
393 2683 616 2736 religiosis,
640 2685 714 2736 qui
737 2698 836 2723 cum
860 2683 914 2723 de
937 2684 1103 2723 familia
1133 2684 1217 2724 Dei
1241 2684 1388 2733 simus,
1413 2691 1460 2723 ut
1483 2685 1544 2723 ait

83 2755 399 2806 Bonaventura,
436 2757 596 2798 “Sicut
637 2757 953 2810 paterfamilias
995 2771 1052 2796 ex
1095 2757 1325 2810 disciplina
1366 2756 1540 2796 familiae

77 2843 171 2870 suae
193 2829 441 2881 honoratur,
464 2831 534 2872 vel
565 2831 877 2882 inhonoratum
910 2831 973 2871 ita
1001 2844 1091 2880 nos,
1114 2830 1329 2883 quidquid
1361 2829 1543 2869 facimus

515 2920 527 2963 ἓ
553 2922 648 2955 Prov.
670 2921 718 2954 16.
899 2918 912 2938 2
936 2919 1057 2952 Matth.
1079 2925 1109 2961 5.
