1903 3197
299 150 395 198 554
621 139 702 184 De
733 139 924 185 ratione
957 139 1151 186 vivendi
1185 140 1444 188 Socz'elatz's.

295 270 630 322 quodammodo
658 272 839 325 capitur,
874 278 922 313 ut
951 271 1149 326 desipere
1183 274 1404 314 interdum
1437 274 1509 324 eis,
1542 280 1586 315 et
1618 276 1763 328 gravis

291 343 430 383 videri
454 345 635 398 incipiat
656 345 752 398 ipsa
775 345 961 399 Religio,
984 346 1226 400 disciplinae
1253 347 1464 397 custodia,
1487 350 1763 401 paupertatis

294 417 588 469 incommoda,
624 433 723 472 quae
757 425 859 461 sunt
900 421 1063 461 divitiae
1106 421 1420 473 religiosorum.
1483 421 1549 463 At
1592 423 1628 462 si
1665 424 1763 475 quis

294 497 338 532 et
359 491 575 533 habendis
607 499 651 534 et
675 494 906 534 audiendis
938 495 1099 535 sanctis
1131 494 1360 547 colloquiis
1387 495 1584 536 animum
1616 510 1763 537 assue-

295 565 438 614 faciat,
463 567 670 619 praeclare
691 567 900 608 adversus
922 568 1015 610 haec
1037 568 1232 622 pericula
1253 582 1349 609 sese
1374 569 1553 610 muniet.

323 770 349 826 ἓ
382 780 734 820 2.—QUANTUM
768 780 1000 811 DEBEANT
1033 781 1231 814 AEGROTI
1264 783 1407 815 ALIOS
1439 785 1733 818 AEDIFICARE.

384 871 503 912 Satis
525 872 580 911 de
603 885 665 919 eo,
686 871 804 923 quod
827 870 969 924 primo
992 870 1088 911 loco
1111 874 1387 926 propositum
1412 881 1514 924 erat,
1531 875 1762 917 “Ubinam

293 945 388 985 haec
430 944 674 991 aedificatio,
709 957 840 996 quam
885 943 928 983 in
970 945 1147 996 aegrotis
1181 945 1528 988 Constitutiones
1566 950 1762 1002 exigunt,

294 1019 378 1059 sita
419 1016 510 1058 sit.''
593 1017 723 1058 Nunc
774 1018 829 1058 de
879 1016 1028 1065 altero,
1073 1019 1192 1071 quod
1236 1020 1444 1074 deinceps
1486 1022 1763 1074 sequebatur,

293 1090 513 1144 “Quanta
550 1104 645 1132 esse
677 1091 837 1132 debeat
868 1091 963 1131 haec
995 1091 1266 1133 aedificati0.”
1330 1094 1580 1135 Maximam
1613 1102 1762 1137 autem

293 1179 388 1205 esse
420 1170 624 1217 oportere
655 1164 796 1205 tribus
828 1165 1154 1206 conditionibus
1191 1167 1442 1208 ostendunt.
1507 1168 1652 1210 Prima
1684 1176 1762 1219 est,

293 1244 342 1279 ut
384 1252 471 1278 non
515 1238 660 1278 minus
701 1238 1007 1278 aedificationis
1049 1239 1091 1278 in
1129 1240 1284 1281 morbo
1322 1254 1454 1293 quam
1494 1243 1536 1282 in
1575 1244 1764 1284 sanitate

292 1313 553 1365 praebeatur,
590 1326 648 1352 ex
690 1325 778 1365 quo
820 1313 1016 1365 sequitur
1057 1314 1309 1361 conandum
1351 1316 1528 1368 aegrotis
1572 1330 1676 1365 esse,
1715 1325 1763 1358 ut

293 1399 656 1438 unumquemque
707 1385 989 1426 vehementer
1040 1386 1268 1428 aedificent.
1353 1388 1481 1438 Nam,
1524 1403 1622 1430 cum
1666 1391 1763 1443 quis

293 1465 409 1499 recte
439 1459 595 1508 valeat,
620 1465 821 1499 naturam
852 1459 977 1499 facile
999 1459 1142 1509 vincit,
1166 1466 1210 1501 et
1241 1461 1296 1501 ad
1330 1461 1585 1515 exemplum
1620 1477 1762 1505 mores

294 1546 396 1573 suos
420 1532 673 1585 componit:
705 1538 761 1581 at,
786 1546 886 1572 cum
916 1539 1114 1585 aegrotat‚
1138 1548 1256 1587 saepe
1279 1536 1410 1576 etiam
1436 1536 1615 1589 languet
1638 1551 1762 1578 exer-

295 1607 447 1647 cendae
489 1606 662 1646 virtutis
704 1607 910 1655 studium,
954 1613 997 1647 et
1038 1608 1119 1648 nisi
1161 1608 1204 1647 in
1246 1608 1447 1649 habitum
1489 1611 1625 1651 virtus
1667 1612 1762 1665 ipsa

293 1693 506 1719 conversa
536 1679 603 1729 sit,
627 1684 784 1719 natura
805 1680 962 1720 vitiosa
985 1693 1030 1719 se
1052 1681 1210 1733 prodit,
1235 1687 1278 1721 et
1299 1688 1393 1722 tum
1418 1683 1597 1724 demum
1621 1684 1762 1737 qualis

292 1754 350 1793 sit
387 1753 573 1805 quisque
609 1753 880 1806 perspicitur.
955 1753 1108 1806 Atque
1143 1753 1239 1794 haec
1275 1755 1479 1796 nimirum
1517 1771 1647 1798 causa
1686 1764 1763 1808 est,

293 1840 369 1866 cur
402 1826 540 1875 multi,
565 1827 640 1879 qui
673 1827 870 1879 probatae
893 1827 1156 1868 videbantur
1187 1842 1281 1869 esse
1301 1830 1485 1880 virtutis,
1508 1831 1615 1871 dum
1645 1838 1762 1872 recte

291 1900 511 1949 valebant,
535 1905 691 1953 postea
723 1913 822 1940 cum
856 1901 899 1940 in
933 1901 1135 1942 morbum
1168 1902 1335 1956 delapsi
1363 1909 1475 1953 sunt,
1500 1905 1761 1946 morosiores

293 1974 692 2028 deprehendantur,
745 1981 789 2015 et
840 1974 1005 2015 famam
1057 1975 1289 2029 probitatis
1339 1978 1556 2019 amittant.
1653 1979 1762 2020 Ideo

291 2049 444 2102 quales
486 2049 530 2089 in
572 2049 736 2089 morbis
778 2049 959 2089 inveniri
1001 2049 1214 2099 volumus,
1252 2050 1363 2091 tales
1405 2065 1498 2092 esse
1540 2066 1759 2103 conemur,

292 2124 398 2163 dum
438 2123 595 2175 integri
635 2136 795 2163 sumus.
862 2123 914 2163 Id
952 2123 1070 2176 quod
1108 2124 1152 2163 in
1182 2124 1268 2176 Job
1305 2125 1508 2166 observat
1547 2126 1759 2179 Chrysos-

292 2196 469 2247 tomus,1
494 2211 626 2250 quem
659 2198 720 2237 ait
750 2197 911 2237 idcirco
933 2197 1066 2238 animi
1089 2197 1391 2239 fortitudinem
1415 2205 1458 2240 et
1479 2200 1760 2241 tolerantiam

291 2272 334 2310 in
377 2271 506 2311 rebus
545 2272 709 2324 asperis
745 2277 879 2324 atque
916 2272 959 2311 in
992 2271 1174 2312 adversa
1204 2272 1456 2314 valetudine
1488 2275 1756 2327 praestitisse,

292 2345 395 2397 quia
418 2345 474 2385 ad
498 2359 597 2385 eam
621 2359 667 2386 se
689 2351 833 2394 antea,
851 2359 951 2385 cum
974 2345 1101 2385 bonis
1118 2347 1322 2387 omnibus
1340 2346 1534 2397 florebat,
1554 2349 1761 2390 diuturna

292 2419 583 2460 meditatione
615 2424 897 2459 exercuerat:
935 2424 979 2459 et
1010 2425 1243 2472 propterea
1276 2420 1436 2462 Christi
1470 2423 1666 2476 pugilem
1699 2423 1760 2464 sic

291 2493 517 2533 hortatur:
551 2495 572 2512 “
589 2493 763 2532 Exerce
784 2498 828 2532 te
850 2492 893 2531 in
922 2492 1153 2545 paelestra;
1185 2507 1456 2535 aerumnosos
1479 2495 1662 2546 dolores,
1685 2497 1759 2550 qui

292 2568 441 2607 animo
465 2567 756 2608 obversantur
776 2572 865 2616 tuo,
890 2566 952 2607 fer
974 2566 1152 2617 fortiter,
1177 2574 1224 2608 ut
1247 2570 1439 2622 corporis
1471 2571 1577 2611 item
1606 2572 1757 2624 possis.

293 2641 472 2681 Etenim
520 2642 555 2681 si
592 2641 690 2694 Job,
728 2646 968 2693 antequam
1015 2655 1115 2682 cum
1158 2642 1335 2683 diabolo
1386 2650 1607 2685 certamen
1653 2644 1759 2694 iniit,

292 2728 380 2755 non
413 2715 611 2756 animum
645 2715 924 2764 exercuisset,
949 2728 1035 2756 non
1058 2721 1288 2769 tantopere
1318 2730 1375 2757 ex
1405 2717 1760 2758 contentionibus

290 2789 432 2829 clarus
456 2803 507 2830 ac
531 2789 790 2830 nobilitatus
812 2788 998 2837 fuisset,'’
1022 2795 1101 2830 etc.
1164 2790 1380 2831 Xaverius
1402 2805 1578 2845 quoque
1599 2797 1757 2842 noster,

878 2877 889 2896 ¹
915 2879 1016 2920 Apud
1035 2879 1169 2920 Olymp.
