<?xml version="1.0" encoding="UTF-8"?>
<!DOCTYPE html PUBLIC "-//W3C//DTD XHTML 1.0 Transitional//EN"
    "http://www.w3.org/TR/xhtml1/DTD/xhtml1-transitional.dtd">
<html xmlns="http://www.w3.org/1999/xhtml" xml:lang="en" lang="en">
 <head>
  <title>
</title>
<meta http-equiv="Content-Type" content="text/html;charset=utf-8" />
  <meta name='ocr-system' content='tesseract 3.04.00' />
  <meta name='ocr-capabilities' content='ocr_page ocr_carea ocr_par ocr_line ocrx_word'/>
</head>
<body>
  <div class='ocr_page' id='page_1' title='image "./nicolaiorlandini00orla/nicolaiorlandini00orla_0516.png"; bbox 0 0 1903 3197; ppageno 0'>
   <div class='ocr_carea' id='block_1_1' title="bbox 307 157 1444 228">
    <p class='ocr_par' dir='ltr' id='par_1_1' title="bbox 307 157 1444 228">
     <span class='ocr_line' id='line_1_1' title="bbox 307 157 1444 228; baseline 0.004 -27"><span class='ocrx_word' id='word_1_1' title='bbox 307 158 407 214; x_wconf 86' lang='lat'>496</span> <span class='ocrx_word' id='word_1_2' title='bbox 628 158 708 204; x_wconf 77' lang='lat' dir='ltr'>De</span> <span class='ocrx_word' id='word_1_3' title='bbox 739 157 929 203; x_wconf 64' lang='lat' dir='ltr'>ratione</span> <span class='ocrx_word' id='word_1_4' title='bbox 961 158 1153 228; x_wconf 59' lang='lat' dir='ltr'>vivendi</span> <span class='ocrx_word' id='word_1_5' title='bbox 1185 157 1444 205; x_wconf 76' lang='lat' dir='ltr'>Socz&#39;etatz&#39;s.</span> 
     </span>
    </p>
   </div>
   <div class='ocr_carea' id='block_1_2' title="bbox 495 401 1573 457">
    <p class='ocr_par' dir='ltr' id='par_1_2' title="bbox 495 401 1573 457">
     <span class='ocr_line' id='line_1_2' title="bbox 495 401 1573 457; baseline 0.001 -15"><span class='ocrx_word' id='word_1_6' title='bbox 495 401 521 457; x_wconf 59' lang='grc' dir='ltr'>ξ</span> <span class='ocrx_word' id='word_1_7' title='bbox 549 412 707 444; x_wconf 87' lang='lat' dir='ltr'>1.—DE</span> <span class='ocrx_word' id='word_1_8' title='bbox 739 412 1023 445; x_wconf 81' lang='lat' dir='ltr'><strong>MORBORUM</strong></span> <span class='ocrx_word' id='word_1_9' title='bbox 1054 412 1355 444; x_wconf 84' lang='lat' dir='ltr'>APERIENDIS</span> <span class='ocrx_word' id='word_1_10' title='bbox 1389 412 1573 444; x_wconf 86' lang='lat' dir='ltr'>INITIIS.</span> 
     </span>
    </p>
   </div>
   <div class='ocr_carea' id='block_1_3' title="bbox 292 501 1779 2848">
    <p class='ocr_par' dir='ltr' id='par_1_3' title="bbox 297 501 1779 1497">
     <span class='ocr_line' id='line_1_3' title="bbox 397 501 1774 556; baseline 0.001 -14"><span class='ocrx_word' id='word_1_11' title='bbox 397 502 501 542; x_wconf 93' lang='lat' dir='ltr'>Duo</span> <span class='ocrx_word' id='word_1_12' title='bbox 542 516 600 542; x_wconf 85' lang='lat' dir='ltr'>ex</span> <span class='ocrx_word' id='word_1_13' title='bbox 653 502 826 556; x_wconf 82' lang='lat' dir='ltr'>Regula</span> <span class='ocrx_word' id='word_1_14' title='bbox 865 503 1139 544; x_wconf 88' lang='lat' dir='ltr'>observanda</span> <span class='ocrx_word' id='word_1_15' title='bbox 1180 508 1306 543; x_wconf 88' lang='lat' dir='ltr'>sunt:</span> <span class='ocrx_word' id='word_1_16' title='bbox 1351 501 1550 551; x_wconf 87' lang='lat' dir='ltr'>alterum,</span> <span class='ocrx_word' id='word_1_17' title='bbox 1593 504 1774 555; x_wconf 85' lang='lat' dir='ltr'>quando</span> 
     </span>
     <span class='ocr_line' id='line_1_4' title="bbox 307 575 1779 630; baseline 0.002 -15"><span class='ocrx_word' id='word_1_18' title='bbox 307 575 489 616; x_wconf 85' lang='lat' dir='ltr'>morbus</span> <span class='ocrx_word' id='word_1_19' title='bbox 526 590 599 616; x_wconf 92' lang='lat' dir='ltr'>seu</span> <span class='ocrx_word' id='word_1_20' title='bbox 638 576 891 617; x_wconf 82' lang='lat' dir='ltr'>invaletudo</span> <span class='ocrx_word' id='word_1_21' title='bbox 926 576 1188 630; x_wconf 82' lang='lat' dir='ltr'>aperienda;</span> <span class='ocrx_word' id='word_1_22' title='bbox 1235 576 1433 624; x_wconf 88' lang='lat' dir='ltr'>alterum,</span> <span class='ocrx_word' id='word_1_23' title='bbox 1468 576 1628 627; x_wconf 90' lang='lat' dir='ltr'>quibus</span> <span class='ocrx_word' id='word_1_24' title='bbox 1676 591 1779 630; x_wconf 84' lang='lat' dir='ltr'>ape—</span> 
     </span>
     <span class='ocr_line' id='line_1_5' title="bbox 306 649 1776 703; baseline 0.001 -14"><span class='ocrx_word' id='word_1_25' title='bbox 306 649 467 689; x_wconf 86' lang='lat' dir='ltr'>rienda.</span> <span class='ocrx_word' id='word_1_26' title='bbox 550 649 631 690; x_wconf 89' lang='lat' dir='ltr'>Est</span> <span class='ocrx_word' id='word_1_27' title='bbox 671 655 821 690; x_wconf 89' lang='lat' dir='ltr'>autem</span> <span class='ocrx_word' id='word_1_28' title='bbox 871 650 1107 703; x_wconf 83' lang='lat' dir='ltr'>aperienda</span> <span class='ocrx_word' id='word_1_29' title='bbox 1158 649 1422 698; x_wconf 76' lang='lat' dir='ltr'>invaletudo,</span> <span class='ocrx_word' id='word_1_30' title='bbox 1465 662 1572 688; x_wconf 89' lang='lat' dir='ltr'>cum</span> <span class='ocrx_word' id='word_1_31' title='bbox 1627 655 1776 690; x_wconf 84' lang='lat' dir='ltr'>extra-</span> 
     </span>
     <span class='ocr_line' id='line_1_6' title="bbox 302 722 1776 775; baseline 0.001 -12"><span class='ocrx_word' id='word_1_32' title='bbox 302 722 526 763; x_wconf 84' lang='lat' dir='ltr'>ordinaria</span> <span class='ocrx_word' id='word_1_33' title='bbox 586 728 720 775; x_wconf 84' lang='lat' dir='ltr'>atque</span> <span class='ocrx_word' id='word_1_34' title='bbox 780 722 971 763; x_wconf 88' lang='lat' dir='ltr'>insolens</span> <span class='ocrx_word' id='word_1_35' title='bbox 1022 722 1175 771; x_wconf 81' lang='lat' dir='ltr'>fuerit3</span> <span class='ocrx_word' id='word_1_36' title='bbox 1232 722 1476 774; x_wconf 88' lang='lat' dir='ltr'>eademque</span> <span class='ocrx_word' id='word_1_37' title='bbox 1527 722 1677 765; x_wconf 87' lang='lat' dir='ltr'>subito</span> <span class='ocrx_word' id='word_1_38' title='bbox 1731 729 1776 764; x_wconf 92' lang='lat' dir='ltr'>et</span> 
     </span>
     <span class='ocr_line' id='line_1_7' title="bbox 306 795 1774 848; baseline 0.001 -13"><span class='ocrx_word' id='word_1_39' title='bbox 306 796 635 848; x_wconf 81' lang='lat' dir='ltr'>quamprimum</span> <span class='ocrx_word' id='word_1_40' title='bbox 677 796 922 848; x_wconf 84' lang='lat' dir='ltr'>aperienda.</span> <span class='ocrx_word' id='word_1_41' title='bbox 998 795 1370 843; x_wconf 84' lang='lat' dir='ltr'>Extraordinaria,</span> <span class='ocrx_word' id='word_1_42' title='bbox 1414 796 1606 847; x_wconf 86' lang='lat' dir='ltr'>inquam,</span> <span class='ocrx_word' id='word_1_43' title='bbox 1653 796 1774 836; x_wconf 89' lang='lat' dir='ltr'>inva-</span> 
     </span>
     <span class='ocr_line' id='line_1_8' title="bbox 305 868 1774 921; baseline 0.001 -12"><span class='ocrx_word' id='word_1_44' title='bbox 305 868 458 909; x_wconf 89' lang='lat' dir='ltr'>letudo</span> <span class='ocrx_word' id='word_1_45' title='bbox 509 868 747 921; x_wconf 87' lang='lat' dir='ltr'>aperienda</span> <span class='ocrx_word' id='word_1_46' title='bbox 797 875 874 918; x_wconf 89' lang='lat' dir='ltr'>est,</span> <span class='ocrx_word' id='word_1_47' title='bbox 916 874 960 908; x_wconf 87' lang='lat' dir='ltr'>et</span> <span class='ocrx_word' id='word_1_48' title='bbox 1009 881 1109 908; x_wconf 89' lang='lat' dir='ltr'>cum</span> <span class='ocrx_word' id='word_1_49' title='bbox 1161 874 1320 921; x_wconf 78' lang='lat' dir='ltr'>praeter</span> <span class='ocrx_word' id='word_1_50' title='bbox 1370 868 1561 918; x_wconf 85' lang='lat' dir='ltr'>solitum,</span> <span class='ocrx_word' id='word_1_51' title='bbox 1613 875 1660 909; x_wconf 93' lang='lat' dir='ltr'>ut</span> <span class='ocrx_word' id='word_1_52' title='bbox 1711 870 1774 910; x_wconf 89' lang='lat' dir='ltr'>ait</span> 
     </span>
     <span class='ocr_line' id='line_1_9' title="bbox 308 941 1770 995; baseline 0 -13"><span class='ocrx_word' id='word_1_53' title='bbox 308 941 492 995; x_wconf 86' lang='lat' dir='ltr'>Regula,</span> <span class='ocrx_word' id='word_1_54' title='bbox 517 941 632 981; x_wconf 88' lang='lat' dir='ltr'>male</span> <span class='ocrx_word' id='word_1_55' title='bbox 672 955 718 981; x_wconf 91' lang='lat' dir='ltr'>se</span> <span class='ocrx_word' id='word_1_56' title='bbox 757 941 920 981; x_wconf 91' lang='lat' dir='ltr'>habere</span> <span class='ocrx_word' id='word_1_57' title='bbox 960 941 1179 994; x_wconf 76' lang='lat' dir='ltr'>quispiam</span> <span class='ocrx_word' id='word_1_58' title='bbox 1220 942 1506 994; x_wconf 80' lang='lat' dir='ltr'>perspexerit,</span> <span class='ocrx_word' id='word_1_59' title='bbox 1539 956 1627 982; x_wconf 88' lang='lat' dir='ltr'>non</span> <span class='ocrx_word' id='word_1_60' title='bbox 1669 957 1770 984; x_wconf 88' lang='lat' dir='ltr'>cum</span> 
     </span>
     <span class='ocr_line' id='line_1_10' title="bbox 303 1007 1772 1056; baseline 0.001 -1"><span class='ocrx_word' id='word_1_61' title='bbox 303 1015 524 1055; x_wconf 88' lang='lat' dir='ltr'>ordinaria</span> <span class='ocrx_word' id='word_1_62' title='bbox 566 1020 610 1054; x_wconf 89' lang='lat' dir='ltr'>et</span> <span class='ocrx_word' id='word_1_63' title='bbox 650 1015 800 1054; x_wconf 90' lang='lat' dir='ltr'>crebra</span> <span class='ocrx_word' id='word_1_64' title='bbox 851 1014 962 1055; x_wconf 90' lang='lat' dir='ltr'>solet</span> <span class='ocrx_word' id='word_1_65' title='bbox 1013 1028 1107 1054; x_wconf 91' lang='lat' dir='ltr'>esse</span> <span class='ocrx_word' id='word_1_66' title='bbox 1150 1014 1413 1054; x_wconf 86' lang='lat' dir='ltr'>valetudinis</span> <span class='ocrx_word' id='word_1_67' title='bbox 1455 1007 1673 1056; x_wconf 88' lang='lat' dir='ltr'>tentatio:</span> <span class='ocrx_word' id='word_1_68' title='bbox 1728 1017 1772 1056; x_wconf 90' lang='lat' dir='ltr'>id</span> 
     </span>
     <span class='ocr_line' id='line_1_11' title="bbox 304 1087 1773 1141; baseline 0.002 -14"><span class='ocrx_word' id='word_1_69' title='bbox 304 1088 421 1128; x_wconf 90' lang='lat' dir='ltr'>enim</span> <span class='ocrx_word' id='word_1_70' title='bbox 456 1087 822 1141; x_wconf 86' lang='lat' dir='ltr'>molestissimum</span> <span class='ocrx_word' id='word_1_71' title='bbox 864 1094 990 1138; x_wconf 90' lang='lat' dir='ltr'>esset,</span> <span class='ocrx_word' id='word_1_72' title='bbox 1038 1094 1082 1128; x_wconf 92' lang='lat' dir='ltr'>et</span> <span class='ocrx_word' id='word_1_73' title='bbox 1132 1088 1171 1128; x_wconf 90' lang='lat' dir='ltr'>ei</span> <span class='ocrx_word' id='word_1_74' title='bbox 1213 1088 1286 1140; x_wconf 88' lang='lat' dir='ltr'>qui</span> <span class='ocrx_word' id='word_1_75' title='bbox 1337 1101 1384 1128; x_wconf 92' lang='lat' dir='ltr'>se</span> <span class='ocrx_word' id='word_1_76' title='bbox 1425 1087 1581 1138; x_wconf 89' lang='lat' dir='ltr'>defert,</span> <span class='ocrx_word' id='word_1_77' title='bbox 1625 1094 1669 1129; x_wconf 90' lang='lat' dir='ltr'>et</span> <span class='ocrx_word' id='word_1_78' title='bbox 1722 1090 1773 1130; x_wconf 88' lang='lat' dir='ltr'>iis</span> 
     </span>
     <span class='ocr_line' id='line_1_12' title="bbox 299 1160 1770 1214; baseline 0.001 -14"><span class='ocrx_word' id='word_1_79' title='bbox 299 1160 464 1213; x_wconf 89' lang='lat' dir='ltr'>quibus</span> <span class='ocrx_word' id='word_1_80' title='bbox 505 1161 683 1201; x_wconf 85' lang='lat' dir='ltr'>morbus</span> <span class='ocrx_word' id='word_1_81' title='bbox 725 1161 817 1214; x_wconf 91' lang='lat' dir='ltr'>ipse</span> <span class='ocrx_word' id='word_1_82' title='bbox 858 1162 1059 1202; x_wconf 83' lang='lat' dir='ltr'>defertur.</span> <span class='ocrx_word' id='word_1_83' title='bbox 1139 1162 1376 1214; x_wconf 79' lang='lat' dir='ltr'>Propterea</span> <span class='ocrx_word' id='word_1_84' title='bbox 1416 1160 1499 1202; x_wconf 91' lang='lat' dir='ltr'>hoc</span> <span class='ocrx_word' id='word_1_85' title='bbox 1547 1162 1680 1202; x_wconf 86' lang='lat' dir='ltr'>etiam</span> <span class='ocrx_word' id='word_1_86' title='bbox 1726 1163 1770 1203; x_wconf 90' lang='lat' dir='ltr'>in</span> 
     </span>
     <span class='ocr_line' id='line_1_13' title="bbox 305 1233 1770 1288; baseline 0.001 -13"><span class='ocrx_word' id='word_1_87' title='bbox 305 1233 732 1275; x_wconf 88' lang='lat' dir='ltr'>Constitutionibus1</span> <span class='ocrx_word' id='word_1_88' title='bbox 793 1240 980 1285; x_wconf 88' lang='lat' dir='ltr'>cavetur,</span> <span class='ocrx_word' id='word_1_89' title='bbox 1041 1249 1141 1275; x_wconf 89' lang='lat' dir='ltr'>cum</span> <span class='ocrx_word' id='word_1_90' title='bbox 1202 1235 1395 1288; x_wconf 81' lang='lat' dir='ltr'>aliquem</span> <span class='ocrx_word' id='word_1_91' title='bbox 1451 1234 1609 1286; x_wconf 87' lang='lat' dir='ltr'>jubent</span> <span class='ocrx_word' id='word_1_92' title='bbox 1674 1250 1770 1277; x_wconf 85' lang='lat' dir='ltr'>esse</span> 
     </span>
     <span class='ocr_line' id='line_1_14' title="bbox 297 1308 1770 1358; baseline 0.001 -10"><span class='ocrx_word' id='word_1_93' title='bbox 297 1308 434 1357; x_wconf 87' lang='lat' dir='ltr'>domi,</span> <span class='ocrx_word' id='word_1_94' title='bbox 468 1309 535 1348; x_wconf 90' lang='lat' dir='ltr'>cui</span> <span class='ocrx_word' id='word_1_95' title='bbox 568 1309 760 1349; x_wconf 86' lang='lat' dir='ltr'>debeant</span> <span class='ocrx_word' id='word_1_96' title='bbox 801 1322 964 1358; x_wconf 88' lang='lat' dir='ltr'>omnes,</span> <span class='ocrx_word' id='word_1_97' title='bbox 1008 1309 1042 1348; x_wconf 93' lang='lat' dir='ltr'>si</span> <span class='ocrx_word' id='word_1_98' title='bbox 1085 1308 1201 1349; x_wconf 85' lang='lat' dir='ltr'>male</span> <span class='ocrx_word' id='word_1_99' title='bbox 1242 1323 1289 1349; x_wconf 90' lang='lat' dir='ltr'>se</span> <span class='ocrx_word' id='word_1_100' title='bbox 1329 1308 1490 1349; x_wconf 87' lang='lat' dir='ltr'>habere</span> <span class='ocrx_word' id='word_1_101' title='bbox 1524 1311 1770 1350; x_wconf 80' lang='lat' dir='ltr'>extraordi-</span> 
     </span>
     <span class='ocr_line' id='line_1_15' title="bbox 302 1381 1766 1435; baseline 0.001 -14"><span class='ocrx_word' id='word_1_102' title='bbox 302 1381 425 1422; x_wconf 88' lang='lat' dir='ltr'>nario</span> <span class='ocrx_word' id='word_1_103' title='bbox 456 1382 681 1430; x_wconf 80' lang='lat' dir='ltr'>senserint,</span> <span class='ocrx_word' id='word_1_104' title='bbox 718 1382 761 1422; x_wconf 89' lang='lat' dir='ltr'>id</span> <span class='ocrx_word' id='word_1_105' title='bbox 799 1382 984 1422; x_wconf 90' lang='lat' dir='ltr'>referre:</span> <span class='ocrx_word' id='word_1_106' title='bbox 1022 1382 1057 1422; x_wconf 89' lang='lat' dir='ltr'>is</span> <span class='ocrx_word' id='word_1_107' title='bbox 1091 1388 1157 1422; x_wconf 92' lang='lat' dir='ltr'>est</span> <span class='ocrx_word' id='word_1_108' title='bbox 1191 1388 1339 1422; x_wconf 85' lang='lat' dir='ltr'>autem</span> <span class='ocrx_word' id='word_1_109' title='bbox 1373 1381 1604 1435; x_wconf 79' lang='lat' dir='ltr'>praefectus</span> <span class='ocrx_word' id='word_1_110' title='bbox 1648 1383 1766 1423; x_wconf 86' lang='lat' dir='ltr'>infir-</span> 
     </span>
     <span class='ocr_line' id='line_1_16' title="bbox 303 1469 488 1497; baseline 0.005 -1"><span class='ocrx_word' id='word_1_111' title='bbox 303 1469 488 1497; x_wconf 90' lang='lat' dir='ltr'>morum.</span> 
     </span>
    </p>

    <p class='ocr_par' dir='ltr' id='par_1_4' title="bbox 292 1528 1771 2375">
     <span class='ocr_line' id='line_1_17' title="bbox 389 1528 1767 1582; baseline 0.003 -14"><span class='ocrx_word' id='word_1_112' title='bbox 389 1528 495 1568; x_wconf 89' lang='lat' dir='ltr'>Tria</span> <span class='ocrx_word' id='word_1_113' title='bbox 516 1543 645 1582; x_wconf 88' lang='lat' dir='ltr'>porro</span> <span class='ocrx_word' id='word_1_114' title='bbox 667 1529 810 1569; x_wconf 86' lang='lat' dir='ltr'>solent</span> <span class='ocrx_word' id='word_1_115' title='bbox 832 1543 926 1570; x_wconf 88' lang='lat' dir='ltr'>esse</span> <span class='ocrx_word' id='word_1_116' title='bbox 947 1543 1118 1582; x_wconf 82' lang='lat' dir='ltr'>genera,</span> <span class='ocrx_word' id='word_1_117' title='bbox 1142 1536 1190 1571; x_wconf 90' lang='lat' dir='ltr'>ut</span> <span class='ocrx_word' id='word_1_118' title='bbox 1213 1529 1545 1570; x_wconf 82' lang='lat' dir='ltr'>Bonaventura2</span> <span class='ocrx_word' id='word_1_119' title='bbox 1567 1532 1767 1581; x_wconf 80' lang='lat' dir='ltr'>adnotat,</span> 
     </span>
     <span class='ocr_line' id='line_1_18' title="bbox 302 1600 1770 1657; baseline 0.003 -17"><span class='ocrx_word' id='word_1_120' title='bbox 302 1600 585 1642; x_wconf 89' lang='lat' dir='ltr'>infirmorum.</span> <span class='ocrx_word' id='word_1_121' title='bbox 649 1601 844 1655; x_wconf 77' lang='lat' dir='ltr'>Quidam</span> <span class='ocrx_word' id='word_1_122' title='bbox 867 1604 983 1643; x_wconf 89' lang='lat' dir='ltr'>enim</span> <span class='ocrx_word' id='word_1_123' title='bbox 1007 1603 1127 1644; x_wconf 88' lang='lat' dir='ltr'>nullo</span> <span class='ocrx_word' id='word_1_124' title='bbox 1149 1609 1267 1644; x_wconf 88' lang='lat' dir='ltr'>certo</span> <span class='ocrx_word' id='word_1_125' title='bbox 1295 1604 1449 1644; x_wconf 90' lang='lat' dir='ltr'>morbo</span> <span class='ocrx_word' id='word_1_126' title='bbox 1472 1609 1606 1656; x_wconf 86' lang='lat' dir='ltr'>atque</span> <span class='ocrx_word' id='word_1_127' title='bbox 1629 1619 1770 1657; x_wconf 71' lang='lat' dir='ltr'>aegro-</span> 
     </span>
     <span class='ocr_line' id='line_1_19' title="bbox 299 1675 1771 1729; baseline 0.003 -15"><span class='ocrx_word' id='word_1_128' title='bbox 299 1675 468 1715; x_wconf 88' lang='lat' dir='ltr'>tatione</span> <span class='ocrx_word' id='word_1_129' title='bbox 499 1675 712 1724; x_wconf 84' lang='lat' dir='ltr'>laborant,</span> <span class='ocrx_word' id='word_1_130' title='bbox 737 1677 813 1716; x_wconf 88' lang='lat' dir='ltr'>sed</span> <span class='ocrx_word' id='word_1_131' title='bbox 844 1682 993 1716; x_wconf 86' lang='lat' dir='ltr'>tamen</span> <span class='ocrx_word' id='word_1_132' title='bbox 1023 1691 1203 1729; x_wconf 89' lang='lat' dir='ltr'>corpore</span> <span class='ocrx_word' id='word_1_133' title='bbox 1226 1683 1270 1716; x_wconf 88' lang='lat' dir='ltr'>et</span> <span class='ocrx_word' id='word_1_134' title='bbox 1291 1677 1454 1716; x_wconf 88' lang='lat' dir='ltr'>viribus</span> <span class='ocrx_word' id='word_1_135' title='bbox 1483 1683 1587 1718; x_wconf 89' lang='lat' dir='ltr'>sunt</span> <span class='ocrx_word' id='word_1_136' title='bbox 1615 1679 1771 1719; x_wconf 87' lang='lat' dir='ltr'>admo-</span> 
     </span>
     <span class='ocr_line' id='line_1_20' title="bbox 299 1746 1767 1802; baseline 0.003 -16"><span class='ocrx_word' id='word_1_137' title='bbox 299 1746 406 1787; x_wconf 90' lang='lat' dir='ltr'>dum</span> <span class='ocrx_word' id='word_1_138' title='bbox 456 1748 707 1797; x_wconf 90' lang='lat' dir='ltr'>imbecilles,</span> <span class='ocrx_word' id='word_1_139' title='bbox 751 1748 842 1788; x_wconf 86' lang='lat' dir='ltr'>sive</span> <span class='ocrx_word' id='word_1_140' title='bbox 888 1754 1021 1789; x_wconf 74' lang='lat' dir='ltr'>aetate</span> <span class='ocrx_word' id='word_1_141' title='bbox 1073 1750 1414 1802; x_wconf 81' lang='lat' dir='ltr'>ingravescente,</span> <span class='ocrx_word' id='word_1_142' title='bbox 1459 1750 1548 1790; x_wconf 86' lang='lat' dir='ltr'>sive</span> <span class='ocrx_word' id='word_1_143' title='bbox 1600 1758 1767 1792; x_wconf 80' lang='lat' dir='ltr'>naturae</span> 
     </span>
     <span class='ocr_line' id='line_1_21' title="bbox 298 1820 1770 1875; baseline 0.003 -14"><span class='ocrx_word' id='word_1_144' title='bbox 298 1820 629 1871; x_wconf 85' lang='lat' dir='ltr'>constitutione,</span> <span class='ocrx_word' id='word_1_145' title='bbox 662 1821 752 1861; x_wconf 88' lang='lat' dir='ltr'>sive</span> <span class='ocrx_word' id='word_1_146' title='bbox 786 1822 919 1862; x_wconf 87' lang='lat' dir='ltr'>etiarn</span> <span class='ocrx_word' id='word_1_147' title='bbox 954 1823 1236 1875; x_wconf 87' lang='lat' dir='ltr'>perpessione</span> <span class='ocrx_word' id='word_1_148' title='bbox 1270 1822 1481 1863; x_wconf 89' lang='lat' dir='ltr'>laborum.</span> <span class='ocrx_word' id='word_1_149' title='bbox 1544 1823 1636 1863; x_wconf 81' lang='lat' dir='ltr'>Alii</span> <span class='ocrx_word' id='word_1_150' title='bbox 1668 1839 1770 1866; x_wconf 88' lang='lat' dir='ltr'>vero</span> 
     </span>
     <span class='ocr_line' id='line_1_22' title="bbox 298 1893 1770 1948; baseline 0.002 -14"><span class='ocrx_word' id='word_1_151' title='bbox 298 1894 361 1935; x_wconf 88' lang='lat' dir='ltr'>ita</span> <span class='ocrx_word' id='word_1_152' title='bbox 402 1893 616 1943; x_wconf 81' lang='lat' dir='ltr'>laborant,</span> <span class='ocrx_word' id='word_1_153' title='bbox 651 1900 699 1935; x_wconf 89' lang='lat' dir='ltr'>ut</span> <span class='ocrx_word' id='word_1_154' title='bbox 739 1900 889 1935; x_wconf 89' lang='lat' dir='ltr'>tamen</span> <span class='ocrx_word' id='word_1_155' title='bbox 931 1909 1009 1948; x_wconf 90' lang='lat' dir='ltr'>per</span> <span class='ocrx_word' id='word_1_156' title='bbox 1045 1895 1316 1935; x_wconf 87' lang='lat' dir='ltr'>domicilium</span> <span class='ocrx_word' id='word_1_157' title='bbox 1360 1902 1435 1936; x_wconf 88' lang='lat' dir='ltr'>aut</span> <span class='ocrx_word' id='word_1_158' title='bbox 1477 1897 1611 1936; x_wconf 88' lang='lat' dir='ltr'>etiam</span> <span class='ocrx_word' id='word_1_159' title='bbox 1655 1897 1770 1938; x_wconf 87' lang='lat' dir='ltr'>foras</span> 
     </span>
     <span class='ocr_line' id='line_1_23' title="bbox 299 1967 1768 2024; baseline 0.003 -17"><span class='ocrx_word' id='word_1_160' title='bbox 299 1967 467 2021; x_wconf 86' lang='lat' dir='ltr'>ingredi</span> <span class='ocrx_word' id='word_1_161' title='bbox 510 1982 629 2021; x_wconf 77' lang='lat' dir='ltr'>saepe</span> <span class='ocrx_word' id='word_1_162' title='bbox 670 1967 858 2019; x_wconf 86' lang='lat' dir='ltr'>valeant,</span> <span class='ocrx_word' id='word_1_163' title='bbox 902 1969 1004 2009; x_wconf 90' lang='lat' dir='ltr'>licet</span> <span class='ocrx_word' id='word_1_164' title='bbox 1055 1970 1215 2009; x_wconf 83' lang='lat' dir='ltr'>crebris</span> <span class='ocrx_word' id='word_1_165' title='bbox 1267 1969 1512 2022; x_wconf 89' lang='lat' dir='ltr'>iisdemque</span> <span class='ocrx_word' id='word_1_166' title='bbox 1561 1971 1768 2024; x_wconf 80' lang='lat' dir='ltr'>gravibus</span> 
     </span>
     <span class='ocr_line' id='line_1_24' title="bbox 299 2041 1768 2096; baseline 0.002 -15"><span class='ocrx_word' id='word_1_167' title='bbox 299 2041 553 2082; x_wconf 85' lang='lat' dir='ltr'>morborum</span> <span class='ocrx_word' id='word_1_168' title='bbox 587 2041 811 2082; x_wconf 90' lang='lat' dir='ltr'>doloribus</span> <span class='ocrx_word' id='word_1_169' title='bbox 843 2043 1099 2091; x_wconf 86' lang='lat' dir='ltr'>crucientur,</span> <span class='ocrx_word' id='word_1_170' title='bbox 1124 2048 1172 2082; x_wconf 93' lang='lat' dir='ltr'>ut</span> <span class='ocrx_word' id='word_1_171' title='bbox 1200 2043 1274 2096; x_wconf 88' lang='lat' dir='ltr'>qui</span> <span class='ocrx_word' id='word_1_172' title='bbox 1307 2042 1473 2083; x_wconf 90' lang='lat' dir='ltr'>calculo</span> <span class='ocrx_word' id='word_1_173' title='bbox 1505 2050 1582 2084; x_wconf 90' lang='lat' dir='ltr'>aut</span> <span class='ocrx_word' id='word_1_174' title='bbox 1612 2044 1768 2085; x_wconf 86' lang='lat' dir='ltr'>fistulis</span> 
     </span>
     <span class='ocr_line' id='line_1_25' title="bbox 292 2115 1768 2170; baseline 0.001 -14"><span class='ocrx_word' id='word_1_175' title='bbox 292 2120 339 2156; x_wconf 83' lang='lat' dir='ltr'>et</span> <span class='ocrx_word' id='word_1_176' title='bbox 366 2115 410 2155; x_wconf 92' lang='lat' dir='ltr'>id</span> <span class='ocrx_word' id='word_1_177' title='bbox 442 2128 580 2167; x_wconf 81' lang='lat' dir='ltr'>genus</span> <span class='ocrx_word' id='word_1_178' title='bbox 612 2115 708 2155; x_wconf 88' lang='lat' dir='ltr'>aliis</span> <span class='ocrx_word' id='word_1_179' title='bbox 738 2115 941 2156; x_wconf 79' lang='lat' dir='ltr'>laborant</span> <span class='ocrx_word' id='word_1_180' title='bbox 974 2116 1151 2156; x_wconf 90' lang='lat' dir='ltr'>morbis.</span> <span class='ocrx_word' id='word_1_181' title='bbox 1212 2116 1351 2157; x_wconf 86' lang='lat' dir='ltr'>Tertii</span> <span class='ocrx_word' id='word_1_182' title='bbox 1374 2122 1487 2166; x_wconf 92' lang='lat' dir='ltr'>sunt,</span> <span class='ocrx_word' id='word_1_183' title='bbox 1512 2117 1585 2169; x_wconf 89' lang='lat' dir='ltr'>qui</span> <span class='ocrx_word' id='word_1_184' title='bbox 1607 2123 1768 2170; x_wconf 78' lang='lat' dir='ltr'>praeter</span> 
     </span>
     <span class='ocr_line' id='line_1_26' title="bbox 297 2189 1765 2243; baseline 0.002 -15"><span class='ocrx_word' id='word_1_185' title='bbox 297 2201 449 2228; x_wconf 90' lang='lat' dir='ltr'>eorum</span> <span class='ocrx_word' id='word_1_186' title='bbox 481 2189 867 2229; x_wconf 88' lang='lat' dir='ltr'>consuretudinem</span> <span class='ocrx_word' id='word_1_187' title='bbox 898 2189 1053 2230; x_wconf 92' lang='lat' dir='ltr'>morbo</span> <span class='ocrx_word' id='word_1_188' title='bbox 1075 2190 1274 2243; x_wconf 90' lang='lat' dir='ltr'>correpti,</span> <span class='ocrx_word' id='word_1_189' title='bbox 1294 2189 1439 2242; x_wconf 83' lang='lat' dir='ltr'>jacere</span> <span class='ocrx_word' id='word_1_190' title='bbox 1471 2197 1689 2242; x_wconf 82' lang='lat' dir='ltr'>coguntur</span> <span class='ocrx_word' id='word_1_191' title='bbox 1721 2192 1765 2231; x_wconf 85' lang='lat' dir='ltr'>in</span> 
     </span>
     <span class='ocr_line' id='line_1_27' title="bbox 297 2261 1765 2315; baseline 0.003 -15"><span class='ocrx_word' id='word_1_192' title='bbox 297 2261 481 2311; x_wconf 90' lang='lat' dir='ltr'>lectulis,</span> <span class='ocrx_word' id='word_1_193' title='bbox 505 2268 553 2301; x_wconf 90' lang='lat' dir='ltr'>ut</span> <span class='ocrx_word' id='word_1_194' title='bbox 575 2262 649 2314; x_wconf 88' lang='lat' dir='ltr'>qui</span> <span class='ocrx_word' id='word_1_195' title='bbox 673 2275 729 2301; x_wconf 81' lang='lat' dir='ltr'>ex</span> <span class='ocrx_word' id='word_1_196' title='bbox 754 2262 862 2302; x_wconf 90' lang='lat' dir='ltr'>febri</span> <span class='ocrx_word' id='word_1_197' title='bbox 895 2263 1123 2315; x_wconf 89' lang='lat' dir='ltr'>acutisque</span> <span class='ocrx_word' id='word_1_198' title='bbox 1149 2263 1266 2312; x_wconf 90' lang='lat' dir='ltr'>item,</span> <span class='ocrx_word' id='word_1_199' title='bbox 1291 2263 1368 2303; x_wconf 89' lang='lat' dir='ltr'>sed</span> <span class='ocrx_word' id='word_1_200' title='bbox 1391 2263 1577 2303; x_wconf 86' lang='lat' dir='ltr'>assiduis</span> <span class='ocrx_word' id='word_1_201' title='bbox 1600 2265 1765 2305; x_wconf 87' lang='lat' dir='ltr'>morbis</span> 
     </span>
     <span class='ocr_line' id='line_1_28' title="bbox 296 2333 578 2375; baseline 0.004 -1"><span class='ocrx_word' id='word_1_202' title='bbox 296 2333 578 2375; x_wconf 88' lang='lat' dir='ltr'>decumbunt.</span> 
     </span>
    </p>

    <p class='ocr_par' dir='ltr' id='par_1_5' title="bbox 292 2407 1766 2848">
     <span class='ocr_line' id='line_1_29' title="bbox 383 2407 1766 2462; baseline 0.003 -15"><span class='ocrx_word' id='word_1_203' title='bbox 383 2407 485 2459; x_wconf 87' lang='lat' dir='ltr'>Jam</span> <span class='ocrx_word' id='word_1_204' title='bbox 509 2421 565 2447; x_wconf 77' lang='lat' dir='ltr'>ex</span> <span class='ocrx_word' id='word_1_205' title='bbox 587 2407 656 2448; x_wconf 86' lang='lat' dir='ltr'>his</span> <span class='ocrx_word' id='word_1_206' title='bbox 686 2408 826 2448; x_wconf 89' lang='lat' dir='ltr'>tribus</span> <span class='ocrx_word' id='word_1_207' title='bbox 847 2408 1079 2460; x_wconf 81' lang='lat' dir='ltr'>generibus</span> <span class='ocrx_word' id='word_1_208' title='bbox 1102 2409 1279 2449; x_wconf 90' lang='lat' dir='ltr'>tertium</span> <span class='ocrx_word' id='word_1_209' title='bbox 1303 2409 1582 2462; x_wconf 89' lang='lat' dir='ltr'>potissimum</span> <span class='ocrx_word' id='word_1_210' title='bbox 1605 2412 1766 2452; x_wconf 86' lang='lat' dir='ltr'>consti-</span> 
     </span>
     <span class='ocr_line' id='line_1_30' title="bbox 297 2480 1766 2535; baseline 0.003 -15"><span class='ocrx_word' id='word_1_211' title='bbox 297 2480 411 2520; x_wconf 89' lang='lat' dir='ltr'>tutio</span> <span class='ocrx_word' id='word_1_212' title='bbox 449 2480 783 2534; x_wconf 88' lang='lat' dir='ltr'>complectitur;</span> <span class='ocrx_word' id='word_1_213' title='bbox 816 2495 916 2521; x_wconf 91' lang='lat' dir='ltr'>cum</span> <span class='ocrx_word' id='word_1_214' title='bbox 947 2482 990 2521; x_wconf 90' lang='lat' dir='ltr'>in</span> <span class='ocrx_word' id='word_1_215' title='bbox 1025 2482 1068 2521; x_wconf 91' lang='lat' dir='ltr'>id</span> <span class='ocrx_word' id='word_1_216' title='bbox 1101 2482 1242 2522; x_wconf 88' lang='lat' dir='ltr'>morbi</span> <span class='ocrx_word' id='word_1_217' title='bbox 1275 2496 1412 2535; x_wconf 82' lang='lat' dir='ltr'>genus</span> <span class='ocrx_word' id='word_1_218' title='bbox 1441 2484 1686 2534; x_wconf 88' lang='lat' dir='ltr'>incidimus,</span> <span class='ocrx_word' id='word_1_219' title='bbox 1717 2492 1766 2526; x_wconf 91' lang='lat' dir='ltr'>ut</span> 
     </span>
     <span class='ocr_line' id='line_1_31' title="bbox 294 2553 1763 2606; baseline 0.003 -13"><span class='ocrx_word' id='word_1_220' title='bbox 294 2553 538 2594; x_wconf 90' lang='lat' dir='ltr'>collocandi</span> <span class='ocrx_word' id='word_1_221' title='bbox 576 2554 620 2594; x_wconf 89' lang='lat' dir='ltr'>in</span> <span class='ocrx_word' id='word_1_222' title='bbox 658 2554 818 2594; x_wconf 87' lang='lat' dir='ltr'>lectulo</span> <span class='ocrx_word' id='word_1_223' title='bbox 852 2555 1105 2606; x_wconf 85' lang='lat' dir='ltr'>videamur;</span> <span class='ocrx_word' id='word_1_224' title='bbox 1151 2562 1195 2596; x_wconf 92' lang='lat' dir='ltr'>et</span> <span class='ocrx_word' id='word_1_225' title='bbox 1227 2561 1321 2596; x_wconf 91' lang='lat' dir='ltr'>tum</span> <span class='ocrx_word' id='word_1_226' title='bbox 1357 2556 1547 2598; x_wconf 88' lang='lat' dir='ltr'>indicare</span> <span class='ocrx_word' id='word_1_227' title='bbox 1585 2558 1763 2599; x_wconf 89' lang='lat' dir='ltr'>morbos</span> 
     </span>
     <span class='ocr_line' id='line_1_32' title="bbox 294 2627 1761 2682; baseline 0.004 -16"><span class='ocrx_word' id='word_1_228' title='bbox 294 2632 466 2667; x_wconf 89' lang='lat' dir='ltr'>nostros</span> <span class='ocrx_word' id='word_1_229' title='bbox 518 2627 763 2668; x_wconf 85' lang='lat' dir='ltr'>debemus:</span> <span class='ocrx_word' id='word_1_230' title='bbox 817 2627 918 2668; x_wconf 90' lang='lat' dir='ltr'>licet</span> <span class='ocrx_word' id='word_1_231' title='bbox 969 2635 1012 2669; x_wconf 91' lang='lat' dir='ltr'>et</span> <span class='ocrx_word' id='word_1_232' title='bbox 1064 2629 1119 2669; x_wconf 91' lang='lat' dir='ltr'>de</span> <span class='ocrx_word' id='word_1_233' title='bbox 1172 2635 1219 2669; x_wconf 87' lang='lat'>20</span> <span class='ocrx_word' id='word_1_234' title='bbox 1265 2643 1436 2682; x_wconf 82' lang='lat' dir='ltr'>genere,</span> <span class='ocrx_word' id='word_1_235' title='bbox 1479 2645 1578 2671; x_wconf 86' lang='lat' dir='ltr'>cum</span> <span class='ocrx_word' id='word_1_236' title='bbox 1631 2630 1761 2672; x_wconf 87' lang='lat' dir='ltr'>solito</span> 
     </span>
     <span class='ocr_line' id='line_1_33' title="bbox 292 2699 1760 2757; baseline 0.003 -17"><span class='ocrx_word' id='word_1_237' title='bbox 292 2699 596 2741; x_wconf 84' lang='lat' dir='ltr'>vehementius</span> <span class='ocrx_word' id='word_1_238' title='bbox 647 2701 853 2741; x_wconf 82' lang='lat' dir='ltr'>ordinarii</span> <span class='ocrx_word' id='word_1_239' title='bbox 912 2702 1053 2742; x_wconf 86' lang='lat' dir='ltr'>morbi</span> <span class='ocrx_word' id='word_1_240' title='bbox 1111 2716 1190 2742; x_wconf 93' lang='lat' dir='ltr'>nos</span> <span class='ocrx_word' id='word_1_241' title='bbox 1242 2709 1381 2752; x_wconf 84' lang='lat' dir='ltr'>urant,</span> <span class='ocrx_word' id='word_1_242' title='bbox 1436 2703 1608 2757; x_wconf 83' lang='lat' dir='ltr'>Regula</span> <span class='ocrx_word' id='word_1_243' title='bbox 1665 2705 1760 2757; x_wconf 85' lang='lat' dir='ltr'>ipsa</span> 
     </span>
     <span class='ocr_line' id='line_1_34' title="bbox 294 2773 1758 2848; baseline 0.003 -35"><span class='ocrx_word' id='word_1_244' title='bbox 294 2773 582 2827; x_wconf 84' lang='lat' dir='ltr'>intelligenda</span> <span class='ocrx_word' id='word_1_245' title='bbox 618 2774 683 2814; x_wconf 91' lang='lat' dir='ltr'>sit.</span> <span class='ocrx_word' id='word_1_246' title='bbox 749 2774 983 2848; x_wconf 49' lang='lat' dir='ltr'>gaeterum,</span> <span class='ocrx_word' id='word_1_247' title='bbox 1020 2775 1086 2816; x_wconf 88' lang='lat' dir='ltr'>his</span> <span class='ocrx_word' id='word_1_248' title='bbox 1119 2777 1316 2830; x_wconf 85' lang='lat' dir='ltr'>exceptis</span> <span class='ocrx_word' id='word_1_249' title='bbox 1348 2777 1630 2830; x_wconf 89' lang='lat' dir='ltr'>temporibus,</span> <span class='ocrx_word' id='word_1_250' title='bbox 1669 2790 1758 2818; x_wconf 90' lang='lat' dir='ltr'>non</span> 
     </span>
    </p>
   </div>
   <div class='ocr_carea' id='block_1_4' title="bbox 508 2878 1536 2924">
    <p class='ocr_par' dir='ltr' id='par_1_6' title="bbox 508 2878 1536 2924">
     <span class='ocr_line' id='line_1_35' title="bbox 508 2878 1536 2924; baseline 0.004 -13"><span class='ocrx_word' id='word_1_251' title='bbox 508 2878 520 2898; x_wconf 77' lang='lat'><em>²</em></span> <span class='ocrx_word' id='word_1_252' title='bbox 545 2880 581 2913; x_wconf 91' lang='lat' dir='ltr'>P.</span> <span class='ocrx_word' id='word_1_253' title='bbox 603 2888 632 2921; x_wconf 89' lang='lat'>3.</span> <span class='ocrx_word' id='word_1_254' title='bbox 653 2891 679 2913; x_wconf 92' lang='lat' dir='ltr'>c.</span> <span class='ocrx_word' id='word_1_255' title='bbox 705 2888 735 2912; x_wconf 88' lang='lat'>2.</span> <span class='ocrx_word' id='word_1_256' title='bbox 757 2882 772 2920; x_wconf 72' lang='grc' dir='ltr'><strong>ἓ</strong></span> <span class='ocrx_word' id='word_1_257' title='bbox 796 2880 825 2914; x_wconf 89' lang='grc'>6.</span> <span class='ocrx_word' id='word_1_258' title='bbox 1051 2880 1064 2899; x_wconf 77' lang='lat'><strong>²</strong></span> <span class='ocrx_word' id='word_1_259' title='bbox 1089 2882 1142 2913; x_wconf 92' lang='lat' dir='ltr'>De</span> <span class='ocrx_word' id='word_1_260' title='bbox 1165 2892 1221 2914; x_wconf 87' lang='lat' dir='ltr'>sex</span> <span class='ocrx_word' id='word_1_261' title='bbox 1245 2882 1305 2914; x_wconf 87' lang='lat' dir='ltr'>alis</span> <span class='ocrx_word' id='word_1_262' title='bbox 1328 2882 1437 2915; x_wconf 83' lang='lat' dir='ltr'>Tract.</span> <span class='ocrx_word' id='word_1_263' title='bbox 1458 2893 1485 2915; x_wconf 88' lang='lat' dir='ltr'>c.</span> <span class='ocrx_word' id='word_1_264' title='bbox 1505 2892 1536 2924; x_wconf 90' lang='lat'>4.</span> 
     </span>
    </p>
   </div>
  </div>
 </body>
</html>
