1903 3197
378 92 632 140 Patientia
665 91 872 153 exemplo
909 91 960 137 S.
977 90 1029 153 J
1024 90 1078 136 ob
1113 88 1408 136 assmnenda.
1536 90 1628 148 567

252 230 307 276 30.
342 223 541 278 Spectari
575 223 641 263 vis
678 222 820 262 morbi
857 227 1004 275 potest
1041 236 1099 262 ex
1136 222 1230 274 ejus
1267 221 1543 274 longitudine
1579 235 1631 261 ac

154 298 476 339 diuturnitate:
525 309 627 337 nam
680 295 935 336 diuturnum
979 295 1112 335 fuisse
1162 295 1320 335 saltem
1366 294 1422 335 ad
1466 293 1630 334 multos

155 385 336 412 ⁷menses
386 371 583 424 plerique
624 368 913 416 consentiunt,
953 374 997 409 et
1037 368 1286 421 significant
1328 368 1542 421 Origenes
1585 374 1630 408 et

165 442 558 498 Chrysostomus;l
599 443 678 483 sed
715 455 802 482 non
840 441 1009 491 desunt,
1034 442 1107 494 qui
1140 442 1303 482 multos
1340 455 1479 482 annos
1515 441 1629 482 hanc

164 519 344 573 plagam
395 518 546 558 tulisse
595 517 682 569 Job
733 521 949 556 censeant.
1043 516 1095 554 In
1151 515 1218 555 his
1270 515 1630 569 Olympiodorus‚

154 598 333 634 -catenae
369 605 524 644 graecae
559 595 609 630 ut
649 589 840 629 creditur
876 594 1039 637 auctor,
1077 589 1150 640 qui
1189 603 1294 629 sane
1331 589 1633 642 probabilibus

165 667 318 707 nititur
348 664 635 717 conjecturis:
667 663 852 703 assumit
884 668 1031 703 autem
1064 662 1120 702 ad
1152 663 1431 715 probandum
1461 663 1504 702 id
1536 667 1632 702 tan-

165 752 300 791 quam
336 743 517 786 certum,
550 737 652 789 Jobi
689 736 855 777 amicos
887 749 976 776 non
1007 737 1158 776 statim
1193 736 1230 775 ei
1263 736 1509 783 accurrisse,
1533 749 1632 775 cum

165 813 209 852 in
244 825 341 853 eam
376 811 675 852 calamitatem
711 815 754 850 et
788 809 990 850 morbum
1026 809 1190 859 incidit,
1224 810 1300 849 sed
1333 808 1466 862 longo
1501 810 1631 849 inter-

163 885 279 926 vallo
315 891 426 939 post.
490 885 534 926 Is
576 885 709 937 igitur
749 884 810 924 ita
851 884 1026 924 scribit:
1061 887 1081 904 “
1099 883 1145 924 Si
1188 890 1357 936 quaerat
1397 884 1632 937 quispiam,

154 960 454 1013 quamobrem
486 959 620 1012 longo
642 957 871 998 intervallo
892 962 994 1011 post
1015 957 1143 998 amici
1166 963 1391 1007 venerunt,
1414 956 1633 1010 intelligat

167 1034 360 1087 primum
383 1032 562 1085 quidem
586 1045 660 1072 eos
678 1032 946 1072 diversarum
970 1031 1292 1084 provinciarum
1315 1031 1480 1071 incolas
1503 1031 1635 1071 fuisse

155 1122 217 1148 ‚ac
241 1107 380 1148 multo
402 1111 504 1159 post
525 1105 733 1146 nuncium
757 1105 939 1145 fortasse
961 1106 1192 1158 accepisse.
1249 1104 1490 1146 Calamitas
1514 1105 1630 1144 enim

167 1182 218 1221 iis
254 1186 415 1234 praeter
446 1180 581 1220 fidem
620 1192 887 1232 omnemque
924 1179 1177 1232 opinionem
1214 1192 1309 1219 esse
1340 1178 1633 1231 judicabatur,

160 1261 217 1295 >ut
257 1254 343 1307 Job
385 1254 504 1294 omni
547 1267 632 1307 ope
672 1253 910 1293 destitutus
947 1253 1113 1305 jaceret
1154 1253 1197 1292 in
1238 1258 1436 1292 stercore.
1513 1251 1634 1304 Ergo

169 1329 426 1381 priusquam
477 1327 818 1380 proficiscantur,
862 1331 1114 1379 expectant,
1156 1326 1262 1366 dum
1315 1339 1392 1374 res,
1437 1339 1535 1378 quae
1578 1326 1634 1365 ad

166 1415 318 1443 eorum
340 1415 465 1442 aures
494 1401 739 1450 affluxerat,
764 1400 1002 1440 multorum
1034 1399 1308 1439 sermonibus
1340 1399 1631 1439 confirmetur.

168 1477 325 1529 Neque
359 1481 493 1516 antea
526 1480 667 1515 certos
701 1474 901 1514 homines
935 1472 1187 1520 mittendos,
1212 1486 1354 1525 neque
1383 1473 1464 1512 sibi
1494 1473 1632 1512 disce-

154 1550 360 1591 dendum
383 1554 583 1590 statuunt
604 1548 660 1588 ad
684 1548 786 1588 facti
808 1547 1038 1588 veritatem
1061 1546 1394 1599 explorandam.
1450 1547 1632 1586 Interim

155 1623 476 1664 *conterebatur
509 1629 697 1675 tempus.
771 1621 906 1661 Adde
943 1621 1061 1672 quod
1096 1626 1333 1672 postquam
1368 1621 1423 1660 de
1458 1634 1502 1660 re
1536 1622 1631 1673 ipsa

167 1696 398 1737 dubitandi
431 1696 575 1736 nullus
608 1701 674 1736 est
705 1695 825 1735 locus
854 1694 1040 1742 relictus,
1065 1694 1287 1746 iidemque
1319 1706 1442 1746 reges
1474 1700 1630 1742 essent,

167 1777 211 1811 et
253 1771 307 1811 de
348 1770 619 1823 profectione
661 1769 916 1821 cogitarent,
954 1767 1126 1807 fuerunt
1163 1766 1246 1807 illis
1288 1766 1331 1806 in
1373 1768 1525 1820 primis
1568 1781 1635 1808 res

154 1845 487 1886 'constituendae
540 1843 806 1890 domesticae,
851 1841 1143 1894 regendisque
1184 1841 1246 1890 iis,
1288 1841 1362 1893 qui
1414 1848 1537 1881 erant
1590 1842 1631 1882 in

168 1919 352 1973 imperio
390 1917 461 1958 alii
499 1917 778 1970 praeficiendi,
811 1916 886 1968 qui
919 1915 1027 1967 juris
1064 1916 1257 1968 ipsorum
1294 1916 1440 1955 vicarii
1479 1923 1633 1957 essent.

166 1994 279 2046 Quae
302 1992 481 2046 quidem
504 1992 653 2031 omnia
676 1990 759 2030 illis
782 1990 886 2043 ipsis
909 2003 1079 2029 moram
1103 1989 1353 2041 injecerunt.
1393 1989 1526 2042 Quod
1550 1990 1632 2030 nisi

164 2074 260 2108 tum
297 2066 524 2107 caritatem
562 2071 657 2104 tum
689 2064 907 2117 justitiam
946 2076 1213 2116 magnopere
1249 2062 1496 2112 coluissent,
1520 2077 1631 2103 nun-

153 2154 300 2194 quam
351 2139 585 2193 provinciis
627 2138 715 2179 suis
757 2138 990 2191 regnisque
1033 2136 1191 2177 relictis
1238 2137 1295 2177 ad
1335 2137 1422 2189 Job
1463 2137 1630 2178 visendi

163 2228 296 2256 causa
325 2219 663 2267 properassent;
695 2212 772 2252 sed
806 2225 885 2265 per
917 2211 1025 2251 alios
1059 2211 1205 2264 potius
1237 2224 1316 2251 suo
1348 2212 1515 2251 muneri
1549 2212 1630 2264 ipsi

151 2287 487 2330 satisfecissent.
551 2286 759 2340 Cogitare
781 2285 888 2325 illud
911 2285 1016 2325 item
1039 2298 1272 2338 possumus
1295 2284 1443 2324 divino
1465 2285 1630 2326 factum

164 2376 259 2402 esse
280 2361 473 2410 consilio,
497 2367 546 2401 ut
567 2360 731 2400 diutius
753 2358 997 2399 traheretur
1026 2357 1250 2411 profectio,
1269 2359 1627 2412 quandoquidem

165 2436 208 2474 in
226 2435 466 2475 amicorum
484 2434 804 2487 disceptatione
822 2446 879 2472 ex
898 2432 1047 2472 divino
1065 2432 1242 2472 decreto
1260 2438 1482 2473 certamen
1500 2447 1632 2474 omne

164 2508 424 2560 conquievit,
458 2508 555 2548 Deo
590 2507 759 2559 justum
797 2507 841 2546 in
880 2506 1098 2558 integrum
1135 2506 1392 2546 restituente
1429 2513 1472 2547 et
1509 2521 1630 2547 coro-

157 2588 308 2623 nante.
370 2581 447 2621 Ad
485 2580 571 2620 Dei
603 2593 780 2633 quoque
812 2580 1037 2620 decretum
1070 2579 1298 2632 spectabat
1331 2579 1405 2619 illa
1432 2593 1628 2632 procras-

156 2656 334 2705 tinatio,
375 2660 423 2695 ut
464 2654 604 2694 morbi
646 2653 874 2693 calamitas
911 2658 955 2693 et
996 2652 1114 2693 fama
1155 2652 1284 2692 latius
1325 2660 1630 2706 permanaret:

160 2729 391 2781 virtusque
422 2727 630 2768 certantis
663 2726 770 2779 justi
806 2727 1037 2780 praeconiis
1068 2726 1394 2768 celebraretur.'’
1457 2726 1629 2780 Quibus

619 2814 631 2834 ³
657 2816 759 2848 Hom.
781 2824 811 2856 9.
835 2816 878 2847 ad
900 2826 978 2857 pop.
1000 2815 1156 2847 Antioch.
