1903 3197
325 175 418 231 562
650 173 730 220 De
761 174 952 219 ratione
985 174 1179 220 vivendi
1211 173 1472 221 Socz'etatz's.

324 312 458 357 gante
495 307 714 359 torqueri:
760 312 855 347 tum
893 307 995 359 quia
1036 307 1166 360 hujus
1201 308 1304 348 vitae
1336 320 1482 360 poenae
1519 320 1607 346 non
1645 306 1786 347 solum

324 380 619 420 satisfaciendi
656 394 806 420 verum
849 382 982 421 etiam
1026 382 1220 422 merendi
1256 381 1346 421 vim
1389 380 1563 421 habent.
1627 380 1790 433 Purga-

323 454 422 494 torii
444 468 545 494 vero
580 468 725 507 poenae
758 455 864 495 nihil
897 455 1063 496 habent
1085 456 1255 505 meriti;
1288 460 1394 495 totae
1429 460 1530 494 sunt
1562 453 1618 494 ad
1653 455 1789 494 cruci-

323 528 463 569 andos
504 535 638 581 atque
680 530 927 582 expiandos
975 530 1152 583 spiritus
1203 529 1450 569 institutae:
1502 528 1786 567 terminatum

323 603 487 656 quippe
525 609 590 643 est
627 617 776 644 eorum
816 604 1009 644 merendi
1047 610 1232 657 tempus,
1271 602 1401 654 hujus
1437 602 1539 641 vitae
1576 601 1787 641 curriculo

319 677 412 728 jam
447 676 656 718 confecto.
737 678 837 718 Hoc
871 677 1076 717 horrebat
1119 677 1375 718 Franciscus
1413 681 1561 716 noster
1597 673 1786 728 Borgia,1

323 764 422 790 cum
456 765 611 803 poenas
646 750 740 791 illas
769 752 998 804 purgantis
1027 751 1139 802 ignis
1163 751 1317 791 merito
1340 750 1460 790 omni
1483 763 1643 790 vacuas
1666 762 1787 789 revo—

322 825 451 864 cabat
493 825 535 864 in
580 831 784 872 mentem,
828 825 1064 876 ajebatque
1104 823 1187 864 hoc
1229 837 1275 863 se
1315 825 1463 876 potius
1500 823 1676 863 nomine
1714 837 1787 863 eas

322 897 616 947 reformidare,
639 911 772 950 quam
796 898 914 950 quod
944 904 1113 937 atroces
1136 903 1179 937 et
1208 897 1453 949 peracerbze
1477 898 1572 937 sint.
1637 896 1785 950 Quare

321 972 453 1011 etiam
497 978 590 1011 tum
644 971 730 1010 Dei
781 971 946 1011 donum
990 977 1066 1018 est,
1110 984 1209 1010 cum
1263 983 1319 1010 ex
1371 977 1554 1023 peccato
1605 971 1782 1011 morbus

321 1045 582 1085 immittitur.

408 1119 588 1158 Tertio:
635 1119 668 1158 si
706 1125 853 1159 autem
892 1133 948 1158 ex
984 1118 1322 1171 intemperantia
1357 1118 1496 1158 morbi
1531 1119 1781 1171 gignuntur,

318 1194 452 1232 etiam
476 1198 570 1231 tum
594 1193 710 1232 dona
734 1193 818 1232 Dei
841 1198 952 1232 sunt.
1007 1192 1207 1232 “Volens
1231 1193 1347 1232 enim
1380 1192 1596 1245 benignus
1621 1193 1780 1242 Deus,''

319 1264 536 1307 Basilius‘2
569 1266 721 1318 inquit,
745 1267 1023 1315 “ostendere,
1047 1272 1261 1319 quantum
1298 1266 1463 1306 malum
1499 1267 1554 1306 sit
1589 1267 1780 1319 seipsum

319 1355 407 1381 non
450 1340 664 1390 cohibere,
698 1341 914 1393 permittit
948 1354 1250 1394 saepenumero
1285 1341 1477 1381 animam
1516 1341 1704 1381 incidere
1738 1342 1780 1381 in

319 1428 381 1463 ea,
406 1428 504 1466 quae
537 1428 693 1467 corpus
726 1414 904 1464 laedunt,
929 1421 971 1454 et
1001 1429 1157 1467 corpus
1190 1414 1422 1455 affectione
1454 1415 1780 1455 incontinentiae

318 1488 532 1540 occupari,
567 1493 614 1527 ut
651 1494 785 1540 queat
825 1502 902 1540 per
943 1488 1145 1528 morbum
1188 1488 1390 1540 corporis,
1423 1501 1554 1540 quem
1597 1488 1781 1528 sustinet

319 1574 376 1600 ex
412 1561 740 1600 incontinentiae
774 1561 892 1609 vitio,
926 1561 968 1600 in
1003 1575 1179 1601 sensum
1213 1562 1359 1601 venire
1392 1561 1554 1613 proprii
1589 1561 1704 1610 mali,
1740 1568 1783 1602 et

318 1633 373 1674 ad
417 1633 676 1673 servandam
719 1634 761 1673 in
803 1634 1007 1674 omnibus
1048 1635 1364 1674 continentiam
1408 1633 1588 1673 induci.”
1668 1634 1779 1674 Haec

319 1707 515 1746 Basilius.
580 1706 693 1746 Sunt
735 1707 874 1759 igitur,
914 1708 1196 1760 permittente
1233 1708 1342 1755 Deo,
1381 1708 1498 1747 dona
1535 1707 1637 1759 ejus,
1676 1721 1781 1760 qua-

317 1785 445 1819 tenus
488 1779 741 1819 morborum
786 1780 949 1820 malum
991 1782 1122 1821 vertit
1164 1781 1207 1820 in
1249 1782 1425 1821 bonum.
1502 1780 1561 1820 Et
1603 1779 1779 1832 quidem

319 1853 480 1893 multos
503 1853 702 1903 vidimus,
726 1855 798 1906 qui
829 1868 929 1894 cum
965 1869 1022 1894 ex
1058 1855 1396 1908 intemperantia
1430 1854 1472 1893 in
1504 1867 1658 1906 graves
1688 1854 1781 1894 diu-

318 1932 557 1979 turnosque
592 1927 768 1967 morbos
811 1927 1077 1976 incidissent,
1116 1929 1171 1968 ad
1207 1928 1374 1980 frugem
1410 1927 1781 1980 sobrietatemque

318 2013 364 2040 se
417 1999 664 2040 retulerunt.
759 2001 857 2041 Imo
911 2002 953 2041 in
1007 2003 1102 2054 ipsa
1151 2001 1402 2042 morborum
1457 2000 1780 2041 conflictatione

318 2073 564 2125 complures
608 2074 924 2114 continentiam
960 2075 1241 2123 meditantur,
1279 2074 1564 2126 animumque
1599 2074 1780 2114 tandem

318 2147 540 2194 inducunt,
574 2147 608 2185 si
641 2146 958 2195 convalescant,
983 2148 1126 2188 vivere
1158 2148 1487 2200 temperantius,
1519 2146 1780 2199 blandisque

316 2219 617 2271 voluptatibus
647 2220 875 2261 abstinere.
940 2221 1034 2261 Nec
1064 2222 1208 2269 modo,
1233 2221 1307 2273 qui
1330 2235 1387 2261 ex
1408 2225 1559 2260 ventre
1586 2220 1780 2272 gignitur

317 2293 504 2341 morbus,
539 2294 702 2332 ventris
739 2294 977 2334 dumtaxat
1011 2302 1132 2335 curat
1174 2295 1375 2343 insanias,
1408 2294 1777 2346 sobrietatemque

316 2365 419 2404 solis
442 2365 596 2405 edocet
628 2366 670 2405 in
694 2367 912 2415 conviviis,
936 2368 1010 2407 sed
1036 2368 1167 2407 etiam
1191 2369 1233 2407 in
1259 2368 1423 2419 reliquo
1447 2381 1525 2406 usu
1548 2367 1774 2416 bonorum,

316 2452 414 2490 quae
450 2452 641 2490 przesens
675 2439 765 2479 vita
806 2440 1070 2492 suppeditat,
1110 2441 1360 2481 moderatos
1393 2447 1777 2493 temperantesque

316 2525 395 2551 nos
430 2511 542 2560 facit,
567 2525 622 2551 ne
652 2526 799 2552 eorum
829 2513 972 2553 allecti
1007 2513 1237 2554 dulcedine
1266 2520 1527 2554 :eternorum
1551 2513 1777 2554 oblivisca-

315 2599 418 2624 mur.
502 2585 732 2625 Admonet
774 2587 907 2625 etiam
951 2600 1030 2627 nos
1074 2588 1251 2627 morbus
1297 2587 1560 2627 conditionis
1603 2593 1773 2635 nostrae,

310 2659 607 2710 humanaeque
640 2658 961 2708 imbecillitatis,
987 2661 1059 2712 qui
1092 2660 1253 2713 perlevi
1288 2667 1514 2701 momento
1536 2660 1777 2713 frangimur

312 2738 354 2771 ct
385 2733 675 2772 conterimur:
709 2746 795 2785 qua
821 2746 881 2772 ex
918 2746 961 2772 re
991 2735 1183 2785 cognitio
1211 2735 1274 2774 sui
1311 2735 1445 2787 ipsius
1478 2739 1522 2773 et
1552 2732 1776 2772 humilitas

309 2806 454 2845 oritur.
540 2807 659 2846 Hinc
712 2805 977 2859 Gregorius?
1019 2807 1382 2856 “Considerent‚’'
1426 2807 1578 2859 inquit,
1619 2806 1771 2858 “zegri,

350 2892 359 2911 ¹
388 2895 426 2925 In
444 2895 499 2928 vit.
516 2895 536 2926 l.
553 2905 582 2935 4.
599 2906 624 2927 c.
644 2904 673 2934 9.
767 2895 780 2914 ²
805 2896 845 2926 In
869 2907 933 2936 reg.
955 2896 1044 2928 brev.
1067 2908 1130 2938 reg.
1154 2906 1199 2937 14.
1294 2896 1308 2916 3
1333 2898 1419 2928 Past.
1440 2905 1468 2937 3.
1487 2907 1553 2937 par.
1573 2896 1659 2926 culm.
1683 2901 1730 2933 13.
