1903 3197
298 156 393 201 544
623 142 706 188 De
737 141 928 187 ratione
962 140 1156 187 vivendi
1190 141 1450 188 Socz'elatz‘s.

292 280 385 316 tate
421 276 485 315 vir
520 281 698 316 sanctus
733 276 911 329 plagam
950 275 1080 316 ferret
1121 274 1405 315 intolerabilis
1448 274 1604 323 morbi,
1638 273 1761 327 cujus

294 363 471 390 causam
494 350 583 390 suis
605 350 796 403 peccatis
819 350 1057 390 dumtaxat
1078 349 1354 390 adscriberet.

382 423 552 463 Eadem
576 423 657 464 fuit
679 424 833 464 Tobiae
866 424 980 464 senis
1010 423 1233 464 humilitas
1263 423 1306 462 in
1330 423 1530 462 caecitate
1556 421 1764 463 ferenda:

293 498 480 550 “Justus
512 512 569 548 es,
603 497 829 546 Domine,”
863 499 1015 551 inquit,
1041 501 1120 538 “et
1151 497 1300 538 omnia
1333 496 1498 548 judicia
1531 501 1609 536 tua
1640 496 1761 549 justa

291 577 403 619 sunt,
429 577 472 611 et
493 585 647 612 omnes
669 572 750 612 viae
773 578 860 612 tuze
885 572 1180 612 misericordia
1202 578 1245 612 et
1266 571 1424 611 veritas
1448 577 1491 610 et
1520 569 1734 622 judicium
1753 583 1762 609 z

291 651 334 685 et
357 659 482 693 nunc,
508 646 711 695 Domine,
736 659 906 686 memor
937 652 1031 686 esto
1063 647 1160 694 mei,
1186 652 1229 685 et
1261 659 1315 685 ne
1336 645 1578 684 vindictam
1612 656 1762 684 sumas

290 720 345 760 de
368 721 560 773 peccatis
583 722 701 769 meis,
727 734 868 773 neque
891 720 1179 761 reminiscaris
1201 720 1361 760 delicta
1385 716 1540 759 mea.''1

378 793 511 846 Quod
553 795 588 834 si
630 794 712 834 hoc
753 794 829 833 viri
878 794 996 846 juxti
1040 793 1271 843 faciebant,
1315 807 1415 833 cum
1466 791 1758 845 aegrotabant,

289 875 456 919 quanto
489 868 630 920 magis
653 868 696 908 id
720 868 776 908 ab
798 868 858 907 eis
880 867 970 907 fieri
994 881 1171 919 aequum
1194 873 1270 916 est,
1295 868 1368 919 qui
1402 867 1458 907 ab
1492 881 1543 906 ea
1571 865 1755 918 justitiae

287 941 556 994 perfectione
598 942 727 994 longe
761 942 933 989 absunt,
968 954 1151 993 seseque
1194 941 1431 980 multorum
1475 947 1755 993 peccatorum

288 1029 384 1055 reos
407 1016 677 1067 agnoscunt!
722 1015 851 1056 Certe
876 1015 1219 1063 Ecclesiasticus,
1245 1021 1291 1054 ut
1314 1028 1446 1067 supra
1468 1013 1758 1063 dicebamus?

284 1090 368 1129 hoc
398 1090 523 1129 nobis
552 1090 595 1129 in
626 1090 789 1130 morbis
818 1090 985 1130 consilii
1009 1089 1097 1137 dat,
1121 1095 1168 1129 ut
1198 1095 1479 1142 peccatorum
1504 1094 1752 1128 nostrorum

286 1177 513 1212 memores,
531 1178 603 1205 cor
625 1165 681 1205 ab
705 1165 753 1204 iis
775 1163 929 1204 humili
953 1164 1262 1217 deprecatione
1286 1163 1561 1203 mundemus.
1604 1161 1756 1211 “Fili,’'

285 1238 437 1290 inquit,
471 1239 550 1278 “in
583 1245 659 1278 tua
691 1238 946 1279 infirmitate
979 1252 1032 1278 ne
1064 1238 1279 1291 despicias
1312 1245 1356 1278 te
1389 1238 1544 1290 ipsum,
1568 1237 1644 1277 sed
1678 1250 1753 1277 ora

286 1311 542 1362 Dominum,
576 1319 619 1352 et
657 1313 749 1365 ipse
787 1313 955 1352 curabit
987 1318 1056 1352 te:
1090 1317 1236 1352 averte
1273 1326 1298 1352 a
1335 1311 1507 1359 delicto,
1540 1317 1582 1351 et
1615 1311 1755 1364 dirige

286 1399 453 1435 manus,
477 1393 521 1426 et
554 1387 610 1426 ab
644 1387 763 1427 omni
798 1386 960 1427 delicto
996 1387 1162 1426 munda
1199 1400 1272 1426 cor
1294 1385 1455 1425 tuum.''
1520 1385 1589 1424 Ita
1623 1385 1756 1437 igitur

282 1460 473 1512 primum
496 1475 614 1513 aeger
636 1461 840 1501 ostendet
862 1460 1157 1500 humilitatem
1181 1473 1315 1500 suam.
1353 1458 1526 1499 Deinde
1549 1459 1753 1499 ostendet

283 1533 415 1573 etiam
459 1548 583 1574 suam
628 1548 729 1587 erga
773 1534 918 1574 Deum
968 1533 1274 1581 humilitatem,
1318 1539 1461 1573 totum
1504 1547 1550 1572 se
1592 1533 1754 1573 divinae

281 1607 375 1658 ejus
406 1607 620 1648 voluntati
655 1608 870 1648 tradendo
902 1621 954 1647 ac
986 1607 1335 1647 committendo:
1369 1607 1587 1658 siquidem
1616 1607 1750 1646 totius

279 1680 540 1721 humilitatis
573 1696 757 1728 summa,
792 1682 824 1721 si
864 1680 1112 1721 Bcrnardo3
1146 1681 1375 1729 credimus,
1411 1681 1453 1720 in
1493 1694 1544 1720 eo
1578 1679 1751 1720 videtur

278 1755 526 1802 consistere,
555 1756 588 1795 si
625 1756 825 1795 voluntas
861 1761 1008 1795 nostra
1044 1755 1214 1803 divinae,
1251 1760 1296 1794 ut
1328 1768 1407 1807 par
1439 1759 1515 1802 est,
1550 1753 1747 1805 subjecta

280 1827 334 1868 sit
372 1828 597 1869 voluntati.
665 1829 794 1869 Hanc
832 1830 965 1882 igitur
1000 1829 1296 1869 humilitatem
1335 1828 1527 1868 ostendit
1559 1841 1686 1880 aeger,
1713 1828 1748 1868 si

278 1916 324 1942 se
359 1908 514 1952 totum,
548 1904 740 1956 inquam,
767 1903 865 1944 Deo
900 1904 1050 1944 credat
1085 1909 1216 1956 atque
1252 1903 1453 1955 resignet,
1481 1915 1749 1955 omnemque

280 1976 317 2015 ei
351 1976 555 2017 morbum
589 1984 802 2030 tanquam
838 1978 1008 2017 medico
1041 1976 1206 2017 ccelesti
1241 1977 1498 2017 commitat:
1532 1976 1605 2028 qui
1636 1989 1747 2016 unus

279 2051 446 2103 optime
479 2051 610 2100 novit,
634 2051 738 2103 quid
773 2051 983 2103 expediat
1005 2056 1185 2104 aegroto,
1211 2051 1380 2090 etiamsi
1415 2056 1532 2090 secet
1560 2056 1606 2090 ut
1633 2057 1740 2090 urat.

280 2125 339 2164 Et
371 2124 454 2164 huc
487 2124 590 2165 facit
622 2125 665 2164 id
704 2125 822 2177 quod
861 2125 904 2164 in
943 2124 1174 2177 epistolam
1213 2124 1470 2164 canonicam
1496 2123 1743 2175 B.Joannis

273 2198 424 2238 scribit
456 2198 782 2252 Augustinus-:4
835 2197 1041 2246 “Disce‚”
1075 2199 1227 2250 inquit,
1264 2202 1454 2250 “rogare
1498 2198 1656 2245 Deum,
1700 2203 1743 2238 et

276 2272 448 2311 medico
485 2273 749 2320 committas,
789 2272 906 2324 quod
945 2272 1037 2324 ipse
1075 2272 1206 2319 novit,
1248 2271 1404 2311 faciat:
1451 2277 1498 2310 tu
1538 2270 1741 2311 morbum

277 2344 536 2394 confitearis,
561 2345 631 2385 ille
664 2345 1036 2385 medicamentum
1070 2344 1305 2384 exhibeat:
1338 2351 1384 2384 tu
1408 2350 1581 2384 tantum
1605 2343 1744 2384 chari-

276 2425 413 2459 tatem
437 2426 548 2467 tene,
573 2433 674 2459 nam
708 2419 778 2459 ille
811 2433 958 2459 secare
986 2418 1090 2467 vult,
1114 2432 1236 2458 urere
1258 2418 1360 2458 vult.
1426 2418 1493 2458 Tu
1517 2419 1551 2458 si
1575 2418 1739 2458 clamas

275 2499 318 2533 et
353 2507 439 2533 non
472 2493 719 2533 exaudieris
743 2494 785 2532 in
809 2493 979 2533 ustione
1002 2499 1045 2532 et
1067 2492 1359 2542 tribulatione,
1384 2493 1505 2532 novit
1528 2491 1610 2540 ille,
1634 2505 1744 2544 quo-

278 2581 416 2620 usque
447 2567 635 2620 putredo
667 2572 759 2608 est:
811 2572 857 2607 tu
887 2566 979 2618 jam
1012 2566 1087 2615 vis,
1122 2572 1169 2606 ut
1201 2572 1373 2607 revocet
1405 2579 1571 2614 manus,
1597 2571 1639 2606 et
1671 2565 1744 2605 ille

274 2641 464 2682 vulneris
505 2642 648 2682 sinum
702 2642 907 2689 attendit,
952 2647 996 2681 et
1038 2641 1118 2681 scit
1162 2655 1249 2693 quo
1293 2655 1431 2693 usque
1472 2645 1739 2693 permaneat.

278 2716 378 2757 Non
402 2723 446 2757 te
469 2715 652 2756 exaudit
675 2715 730 2756 ad
753 2715 1038 2763 voluntatem,
1063 2714 1139 2755 sed
1165 2721 1207 2755 te
1230 2715 1414 2754 exaudit
1435 2714 1492 2754 ad
1514 2712 1738 2754 salutem.''

316 2829 325 2848 ¹
353 2831 437 2862 Tol).
460 2841 485 2862 c.
507 2839 536 2871 3.
642 2830 654 2849 ‘2
681 2831 717 2862 In
746 2832 825 2871 Reg.
847 2839 899 2870 49.
1007 2828 1020 2847 3
1046 2830 1097 2861 De
1121 2829 1257 2871 subject,
1279 2834 1399 2860 nostrae
1423 2828 1546 2860 volunt.
1568 2838 1600 2869 p.
1622 2826 1690 2867 178.

904 2880 917 2899 ⁴
943 2880 1046 2912 Hom.
1068 2880 1098 2912 6.
