1903 3197
314 211 409 254 214
629 196 708 241 De
742 196 931 242 ratione
963 192 1155 242 vivendi
1189 194 1449 241 Socz'etatz's.

309 328 365 369 ad
408 329 600 381 privatas
642 329 854 369 utilitates
895 335 939 369 et
980 329 1216 370 commoda
1257 342 1347 368 sure
1386 328 1487 367 vitae
1526 327 1788 368 rationibus„

311 401 444 455 Quod
488 403 684 443 indicant
725 404 871 444 tacitae
924 404 1009 444 illae
1064 404 1355 457 cogitationes
1400 407 1534 454 atque
1585 401 1793 452 consilia„

310 476 468 528 quibus
500 477 555 516 de
587 491 677 516 suae
710 478 893 530 quisque
925 478 1027 518 vitae
1061 483 1176 518 statu
1215 491 1265 517 ea
1297 476 1378 516 sibi
1402 476 1550 515 animo
1573 476 1785 528 designat⁴

309 555 443 602 atque
485 551 695 603 depingit,
740 565 838 603 quae
882 552 1079 591 maxime
1131 549 1413 603 concupiscit,
1457 549 1574 589 nulla
1626 549 1778 590 habita

306 625 474 665 ratione
506 625 666 665 divinae
697 626 849 677 gloriae
881 632 1014 678 atque
1047 625 1257 677 obsequii.
1325 624 1443 663 Hine
1472 624 1622 663 videas
1652 623 1786 663 illum‘

307 699 422 738 viam
447 699 527 738 sibi
552 700 721 738 munire
743 700 798 739 ad
823 700 1112 739 concionandi
1137 699 1326 747 laudem,
1346 698 1480 737 alium
1504 697 1560 737 ad
1584 697 1775 737 doctoris

308 772 533 818 honorem,
577 779 619 813 et
662 773 769 812 alios
813 773 868 813 361
912 773 995 813 alia
1038 773 1234 825 speciosa
1275 771 1528 824 hujusmodi
1583 784 1774 819 munera,

309 846 548 886 humilibus
591 848 873 898 obscurisque
916 847 1192 899 contemptis,
1260 845 1372 885 Haee
1414 851 1480 884 est
1522 858 1663 891 eausa,
1702 859 1786 885 cur‘

308 927 399 961 tam
435 922 559 974 pauci
595 921 649 960 ad
683 921 996 973 perfectionem
1031 921 1206 973 spiritus
1239 919 1478 971 aliquando
1510 920 1776 970 perveniant.

309 996 426 1035 Nam
451 997 522 1047 qui
550 995 795 1034 universum
819 995 919 1034 vitae
951 1009 1041 1033 sua:
1071 1008 1209 1046 genus
1240 1007 1359 1045 saepe
1387 993 1516 1032 refert
1539 993 1593 1032 ad
1618 993 1776 1042 Deum,

311 1069 507 1122 profecto
551 1069 592 1107 in
635 1068 726 1120 ejus
765 1068 978 1108 famulatu
1023 1068 1271 1121 perficitur;
1319 1073 1362 1106 et
1399 1066 1668 1119 plerumque,
1706 1068 1797 1120 qui

312 1157 422 1187 vere,
464 1143 575 1181 eirea
614 1142 713 1181 vitre
754 1156 842 1181 suze
882 1147 1060 1189 statum,
1096 1147 1259 1181 rectam
1294 1141 1453 1180 mentis
1488 1141 1787 1180 intentionem¹

311 1217 472 1257 habere
505 1216 696 1264 student,
732 1230 828 1256 eam
863 1217 904 1255 in
939 1217 1065 1256 rebus
1104 1215 1396 1268 singularibus
1435 1215 1567 1254 etiam
1605 1214 1779 1256 habent.

398 1290 530 1342 Quod
554 1296 703 1330 autem
729 1304 831 1329 usus
856 1296 988 1342 atque
1011 1291 1366 1342 experimentum
1391 1288 1556 1334 edocet,
1580 1288 1623 1328 id
1648 1290 1780 1329 etiam

310 1365 440 1404 docet
472 1365 610 1409 1·atio;
644 1364 818 1403 difficile
849 1365 1028 1416 inquam
1060 1378 1164 1411 esse,
1190 1364 1231 1402 in
1255 1363 1456 1402 universo
1479 1376 1654 1414 quoque
1676 1364 1779 1403 vitae

310 1452 481 1491 genere,
514 1444 629 1477 reete
663 1438 704 1477 in
741 1438 886 1477 Deum
924 1438 1159 1477 intendere.
1226 1436 1413 1477 Gemina
1447 1442 1594 1476 autem
1633 1443 1788 1489 potest

311 1525 405 1551 esse
444 1512 564 1551 ratio.
629 1511 786 1551 Altera
824 1518 900 1559 est,
941 1513 1044 1563 quia
1083 1518 1238 1551 natura
1280 1510 1471 1550 hominis
1509 1524 1595 1550 non
1633 1516 1787 1562 potest

311 1600 369 1625 ex
392 1586 534 1638 seipsa
559 1585 637 1624 niti
668 1585 724 1624 ad
749 1599 798 1624 ea
822 1599 918 1637 quse
944 1591 1045 1624 sunt
1068 1585 1231 1624 ordinis
1262 1584 1614 1637 supernaturaliS,
1641 1598 1783 1636 neque

311 1659 412 1698 illue
436 1660 523 1698 suis
547 1659 711 1698 viribus
733 1660 969 1712 pervenire,
994 1673 1091 1711 quae
1122 1659 1178 1698 ab
1207 1672 1256 1698 ea
1287 1658 1540 1710 longissime
1562 1657 1781 1709 disjuncta

311 1740 423 1772 sunt.
489 1733 621 1777 Sicut.
660 1733 732 1784 qui
769 1733 978 1784 sagittam
1013 1733 1162 1784 aliquo
1197 1732 1412 1779 eollineat,
1452 1732 1532 1770 nisi
1571 1731 1627 1770 sit
1664 1738 1782 1772 certa

309 1806 458 1858 aliqua
502 1806 710 1846 distantia
753 1812 887 1858 atque
929 1806 1154 1858 proportio
1188 1806 1300 1845 inter
1331 1819 1431 1845 eum
1469 1805 1543 1857 qui
1573 1805 1781 1857 sagittam

312 1880 447 1920 mittit
477 1886 520 1919 et
555 1880 698 1919 locum
736 1893 823 1932 quo
866 1880 1067 1929 intendit,
1101 1893 1326 1932 nunquam
1362 1892 1545 1931 scopum
1581 1879 1779 1932 attinget,

311 1967 536 2005 nunquam
579 1953 779 2005 jaculans
816 1953 1095 2002 eollineabit;
1144 1954 1216 1999 sic,
1261 1967 1359 1993 cum
1397 1953 1588 1992 hominis
1625 1959 1780 1993 natura

311 2028 641 2080 proportionem
666 2028 721 2066 ad
749 2026 1027 2066 altitudinem
1062 2033 1104 2067 et
1138 2028 1260 2079 quasi
1295 2027 1662 2079 longinquitatem
1694 2028 1779 2067 Dei

310 2102 492 2141 omnino
516 2115 602 2140 non
626 2101 798 2148 habeat,
824 2101 858 2140 si
882 2101 920 2139 in
947 2114 1046 2140 eum
1069 2100 1173 2139 velit
1197 2100 1434 2145 intendere,
1459 2099 1588 2139 nullis
1620 2099 1779 2140 divinis

309 2175 414 2213 nixa
448 2175 672 2226 praesstliis,
707 2188 882 2213 necesse
919 2180 984 2213 est
1022 2188 1197 2226 prorsus
1231 2175 1285 2213 ab
1318 2187 1369 2213 eo
1403 2173 1608 2221 declinet,
1646 2178 1689 2213 et
1721 2173 1777 2214 ad

308 2249 510 2300 seipsam,
535 2248 617 2287 hoe
641 2254 705 2287 est
729 2248 784 2287 ad
808 2247 957 2286 infima
980 2247 1073 2286 hfee
1097 2253 1139 2287 et
1162 2247 1355 2295 humilia,
1380 2247 1554 2286 recidat.
1602 2247 1666 2287 Ut
1684 2247 1776 2299 jam

311 2322 467 2361 mirum
501 2321 634 2360 videri
669 2335 755 2360 non
788 2321 959 2368 debeat,
994 2321 1027 2360 si
1060 2326 1185 2361 tanta
1217 2321 1447 2361 hominum
1482 2321 1720 2361 multitudo
1753 2335 1778 2361 a

309 2409 388 2435 suo
412 2394 508 2441 fine,
534 2396 606 2446 qui
633 2395 756 2434 Deus
780 2400 856 2441 est,
881 2394 1135 2446 longissime
1159 2396 1339 2435 aberret.
1399 2393 1599 2434 “Omnes
1623 2393 1778 2442 eni1n,'’

311 2476 357 2509 nt
400 2469 460 2508 ait
504 2469 662 2513 David,
707 2472 725 2486 “
742 2468 1083 2518 declinaverunt,
1128 2468 1256 2508 simul
1301 2468 1474 2507 inutiles
1518 2467 1620 2507 facti
1663 2474 1775 2515 sunt,

310 2556 396 2581 non
422 2548 487 2581 est
510 2543 581 2594 qui
608 2541 738 2581 faeiat
761 2542 938 2589 bonum,
965 2555 1051 2581 non
1075 2548 1139 2581 est
1163 2555 1301 2594 usque
1324 2541 1379 2581 ad
1403 2539 1592 2581 unum.’'1
1632 2541 1777 2581 Decli-

312 2621 526 2656 naverunt
548 2621 695 2655 autem
721 2616 876 2654 misere
899 2615 1151 2655 aberrantes
1173 2629 1198 2655 a
1221 2629 1364 2668 scopo,
1384 2615 1439 2655 ad
1461 2614 1556 2654 haec
1574 2615 1777 2655 videlieet

308 2689 459 2729 infima
494 2695 627 2740 atque
664 2694 864 2737 terrena;
898 2694 1130 2741 propterea
1165 2689 1311 2729 David
1349 2690 1590 2729 Dominum
1625 2694 1750 2741 rogat
1770 2702 1785 2728 :⁷

306 2767 327 2783 “
347 2765 405 2804 Et
435 2764 635 2816 spiritum
660 2768 827 2802 rectum
857 2763 1019 2802 innova
1048 2764 1090 2802 in
1113 2763 1350 2803 visceribus
1373 2764 1480 2802 meis
1500 2761 1563 2811 ;''2
1595 2768 1638 2802 et
1662 2765 1682 2782 “
1698 2762 1777 2801 Di-

306 2837 399 2890 rige
419 2851 488 2877 me
512 2838 551 2876 in
571 2836 775 2876 semitam
806 2834 1029 2876 1·e<:tam.''3
1063 2837 1122 2876 Et
1141 2850 1277 2877 senex
1302 2837 1466 2876 Tobias
1488 2836 1625 2875 filium
1649 2848 1787 2874 suum·

637 2923 648 2943 Ἰ
676 2925 727 2956 Ps.
753 2933 801 2965 13,
953 2924 965 2942 ²
991 2926 1042 2956 ΓΞ.
1066 2932 1116 2965 50.
1268 2925 1281 2943 ³²
1307 2927 1357 2958 Ps.
1379 2926 1430 2957 26.
