1903 3197
377 148 632 194 Patientia
666 148 872 210 exemplo
910 148 960 195 S.
973 149 1075 212 sob
1109 151 1404 197 ass'mnemlcz.
1531 154 1589 211 58
1603 168 1617 197 1

249 280 325 320 Ad
392 281 551 330 Deum,
615 280 806 332 inquam,
865 294 1155 335 quaecumque
1218 282 1298 323 sibi
1364 283 1625 333 acciderant,

162 353 384 394 referebat.
450 354 578 404 Nam,
611 367 712 394 cum
750 353 983 407 conjugem
1018 355 1283 409 increpabat,
1320 356 1492 409 ajebat:
1542 361 1562 378 “
1578 358 1625 399 Si

162 427 278 467 bona
328 427 598 480 suscepimus
649 427 705 468 de
756 440 889 467 manu
943 428 1136 477 Domini,
1185 430 1301 470 mala
1353 444 1487 483 quare
1538 444 1625 472 non

161 499 518 540 sustineamus?’'
562 500 785 554 flagellum
823 502 986 554 quippe
1027 516 1154 542 suum
1199 503 1297 544 Deo
1338 504 1624 546 adscribebat.

164 573 227 613 Ut
257 574 402 623 etiam,
431 587 523 626 cap.
547 574 583 614 6.
619 573 875 627 “Sagittae,'’
910 575 1061 627 inquit,
1086 575 1303 616 “Domini
1338 577 1381 616 in
1414 591 1483 617 me
1512 585 1625 628 sunt,

160 661 343 700 quarum
386 647 629 700 indignatio
671 648 808 688 ebibit
849 648 1049 701 spiritum
1092 649 1304 699 meum;’'
1352 656 1395 691 et
1431 665 1522 705 cap.
1564 664 1623 693 10.

161 720 469 774 “Multiplicas
506 721 613 761 iram
651 727 773 762 tuam
807 722 1037 762 adversum
1074 736 1154 772 me,
1179 730 1222 764 et
1258 738 1402 777 poenae
1436 726 1626 767 militant

160 795 202 834 in
239 794 370 845 me;”
415 801 458 835 et
492 809 583 849 cap.
610 805 672 847 27.
707 795 1049 849 “Omnipotens
1080 798 1153 850 qui
1191 798 1247 838 ad
1282 800 1622 840 amaritudinem

160 869 349 909 adduxit
371 869 564 909 animam
584 883 728 910 meam
748 884 755 909 :
772 869 791 882 ⁷‘
811 876 853 910 et
876 870 978 911 alibi
996 884 1113 924 saepe
1131 872 1174 912 in
1194 872 1277 912 Dei
1301 874 1621 926 providentiam

158 943 360 983 morbum
385 957 524 993 suum,
549 950 591 984 ct
622 958 672 984 ea
705 958 803 996 quae
836 950 1000 985 temere
1031 952 1243 998 putantur
1265 947 1446 997 invecta,
1471 948 1624 989 resere—

154 1017 242 1057 bat.

245 1090 476 1132 Secundo:
515 1092 655 1144 pietas
685 1092 818 1132 etiam
852 1093 933 1133 fuit
965 1094 1008 1132 in
1039 1093 1195 1133 mediis
1226 1095 1473 1147 angoribus,
1507 1102 1550 1136 et
1579 1097 1621 1136 in

158 1166 251 1217 ipsa
289 1165 594 1218 desperatione
631 1165 794 1214 salutis,
833 1180 1008 1220 sperare
1046 1167 1089 1206 in
1127 1167 1308 1208 Domini
1346 1169 1543 1211 bonitate
1581 1177 1623 1211 et

156 1240 376 1291 aequitate.
440 1239 693 1292 “Etiamsi,”
713 1240 864 1292 inquit,
884 1241 1123 1281 “occiderit
1146 1255 1226 1292 me,
1246 1243 1288 1282 in
1307 1243 1402 1296 ipso
1425 1245 1622 1297 sperabo,

155 1318 198 1352 et
240 1313 334 1365 ipse
376 1313 455 1352 erit
497 1312 687 1353 salvator
729 1314 887 1354 meus.'’
967 1314 1025 1354 Et
1067 1315 1245 1367 quidem
1289 1317 1344 1356 ab
1382 1331 1469 1357 uno
1512 1318 1622 1367 Deo,

156 1399 243 1426 non
265 1386 321 1426 ab
343 1386 593 1426 hominibus
626 1389 829 1440 poposcit
856 1402 986 1441 opem
1006 1402 1013 1428 :
1047 1390 1151 1441 quid
1175 1390 1290 1429 enim
1314 1391 1419 1430 dicit
1441 1393 1624 1432 amicis?

155 1464 176 1479 “
192 1460 402 1513 Nunquid
428 1461 534 1508 dixi,
558 1461 710 1501 afferte
734 1461 851 1510 mihi,
877 1468 919 1502 et
949 1462 1004 1502 de
1026 1463 1272 1503 substantia
1294 1470 1438 1505 vestra
1460 1466 1623 1506 donate

154 1533 271 1582 mihi,
295 1534 363 1574 vel
396 1534 578 1575 liberate
610 1548 681 1574 me
713 1535 769 1575 de
802 1549 935 1576 manu
967 1536 1116 1584 hostis,
1141 1543 1183 1577 et
1216 1537 1271 1577 de
1304 1551 1436 1578 manu
1471 1539 1623 1579 robus-

154 1614 297 1647 torum
321 1609 456 1648 eruite
480 1622 550 1648 me
571 1609 619 1648 ?'‘
652 1609 765 1649 hanc
791 1610 954 1662 quippe
976 1623 1100 1662 spem
1124 1610 1167 1650 in
1191 1611 1289 1652 Deo
1313 1626 1399 1652 uno
1421 1613 1623 1654 videlicet

154 1680 398 1722 collocarat.
483 1682 595 1735 Spes
638 1688 787 1722 autem
832 1683 924 1734 ejus
967 1697 1055 1723 non
1098 1697 1148 1724 ea
1191 1685 1339 1735 modo,
1382 1700 1478 1739 quae
1522 1701 1620 1727 cum

153 1761 352 1808 tempore
375 1756 560 1805 abeunt3
594 1757 670 1796 sed
704 1770 755 1796 ea
788 1757 997 1806 maxime,
1023 1771 1121 1810 quae
1145 1764 1247 1798 sunt
1278 1765 1453 1805 aeterna,
1477 1774 1622 1813 spera—

152 1829 238 1869 bat.
322 1829 576 1878 “Cunctis,‘'
629 1830 781 1882 inquit,
837 1830 1037 1880 “diebus,
1090 1832 1249 1884 quibus
1301 1847 1416 1873 nunc
1468 1834 1619 1885 milito,

153 1909 353 1955 expecto,
392 1904 533 1943 donec
569 1904 717 1943 veniat
755 1904 1005 1944 immutatio
1042 1918 1150 1945 mea.
1227 1905 1418 1946 Vocabis
1458 1921 1538 1956 me,
1578 1916 1621 1949 et

154 1990 235 2029 ego
269 1978 544 2030 respondebo
567 1977 709 2026 tibi;'’
748 1978 927 2030 (scilicet
958 1992 1058 2019 cum
1091 1978 1145 2018 de
1182 1979 1413 2032 sepulchro
1445 1987 1520 2022 tua
1550 1996 1620 2023 me

152 2065 240 2091 vox
264 2052 493 2103 excitabit)
519 2053 673 2105 “operi
699 2065 909 2091 manuum
934 2057 1108 2092 tuarum
1131 2054 1327 2106 porriges
1349 2055 1617 2098 dexteram.”

155 2125 261 2165 Erat
284 2125 416 2178 igitur
436 2127 614 2178 pietatis
638 2132 784 2165 tantas
807 2140 906 2178 spes
929 2125 970 2165 in
996 2126 1094 2166 Deo
1116 2140 1335 2180 reponere.

241 2199 329 2240 Sed
353 2199 555 2239 eamdem
579 2200 790 2252 pietatem
822 2200 1025 2247 ostendit,
1048 2214 1148 2240 cum
1171 2201 1519 2253 frequentissime
1542 2212 1617 2246 aut

152 2274 207 2313 de
240 2274 338 2313 Deo
380 2280 455 2313 aut
497 2287 595 2313 cum
641 2275 738 2314 Deo
772 2273 1040 2314 familiariter
1080 2273 1351 2327 loquebatur.
1416 2278 1485 2317 De
1518 2278 1616 2320 Deo

151 2348 340 2400 quidem,
380 2353 426 2388 ut
464 2361 562 2387 cum
601 2348 655 2387 de
693 2348 785 2400 ejus
827 2349 1026 2400 potentia
1064 2355 1107 2388 et
1149 2349 1391 2401 majestate,
1431 2352 1486 2392 de
1523 2353 1615 2406 ejus

153 2422 365 2474 sapientia
411 2428 454 2461 et
505 2421 771 2470 fortitudine,
817 2423 872 2462 de
915 2421 1007 2474 ejus
1057 2422 1255 2463 bonitate
1296 2429 1339 2464 et
1381 2426 1614 2468 sanctitate

150 2509 247 2535 cum
283 2495 433 2535 amicis
467 2495 644 2535 alternis
681 2496 805 2548 quasi
848 2496 1218 2549 disputationibus
1255 2498 1521 2540 disserebat:
1567 2509 1614 2542 ut

149 2584 180 2610 c.
219 2580 256 2621 9.
336 2568 559 2621 “Sapiens
596 2570 725 2609 corde
763 2576 839 2618 est,
878 2575 920 2609 et
952 2569 1073 2610 fortis
1107 2557 1287 2619 robore;
1326 2573 1422 2624 quis
1455 2575 1613 2616 restitit

150 2645 200 2691 ei,
224 2649 267 2682 et
295 2656 449 2695 pacem
479 2643 663 2682 habuit?
716 2641 803 2694 Qui
828 2644 1051 2684 transtulit
1080 2651 1263 2693 montes,
1290 2652 1332 2685 et
1365 2648 1612 2690 nescierunt

148 2718 191 2757 hi
225 2730 335 2769 quos
373 2716 584 2756 subvertit
622 2717 664 2755 in
707 2716 848 2756 furore
885 2731 973 2758 suo.
1038 2718 1125 2771 Qui
1163 2727 1413 2760 commovet
1450 2727 1609 2763 terram

147 2791 202 2831 de
235 2790 330 2831 loco
362 2803 452 2839 suo,
477 2795 521 2829 et
546 2789 761 2829 columnae
794 2791 886 2843 ejus
918 2792 1232 2832 concutiuntur.
1297 2793 1384 2846 Qui
1410 2797 1610 2850 praecipit

145 2865 236 2915 soli,
267 2870 310 2905 et
347 2877 434 2904 non
472 2864 617 2913 oritur,
645 2870 688 2904 et
730 2864 877 2904 stellas
910 2865 1073 2905 claudit
1106 2866 1230 2918 quasi
1261 2868 1342 2907 sub
1371 2868 1606 2921 signaculo.
