1903 3197
643 170 721 215 De
753 169 1007 216 Examina
1458 183 1481 212 2
1492 181 1514 226 5
1526 182 1549 226 5

95 307 157 346 ita
191 304 452 357 Gregorius:
504 302 656 341 “Haec
697 313 888 352 namque
929 306 995 340 est
1036 300 1283 340 sollicitudo
1322 299 1552 351 justorum,

98 385 146 418 ut
176 385 298 418 actus
330 390 430 417 suos
462 374 657 428 quotidie
690 373 822 426 juxta
854 373 946 412 vias
980 373 1175 412 veritatis
1208 373 1476 420 examinent,
1509 378 1554 412 et

97 465 173 491 eas
215 451 295 491 sibi
337 451 380 489 in
423 449 617 500 regulam
668 451 975 500 proponentes
1020 459 1045 484 a
1091 445 1362 484 rectitudinis
1405 458 1553 485 earum

99 525 275 564 tramite
309 537 396 563 non
428 519 706 562 declinent.''1
769 521 866 559 Imo
901 520 943 558 in
977 518 1061 557 hoc
1095 517 1228 557 etiam
1263 518 1415 557 statuit
1446 518 1555 557 elec·

98 603 242 637 torum
288 596 518 636 discrimen
570 600 613 633 et
664 593 958 645 reproborum,
1002 590 1119 642 quod
1172 589 1553 641 “Reproborumj’

100 671 251 722 inquit,
280 672 409 709 “esse
437 668 660 721 proprium
689 666 799 706 solet
837 678 1009 718 semper
1042 677 1176 717 prava
1209 676 1347 715 agere,
1372 668 1414 702 et
1449 676 1558 702 nun-

99 757 234 796 quam
268 756 366 795 quae
401 741 567 794 egerint
597 746 839 780 retractare.
903 738 1048 779 Omne
1080 739 1196 777 enim
1229 737 1346 789 quod
1380 736 1555 783 faciunt,

96 831 220 857 coeca
242 821 389 855 mente
416 819 731 868 pertranseunt.
794 813 859 852 At
881 818 1033 852 contra
1055 811 1291 872 electorum
1316 824 1409 850 esse
1435 815 1558 849 actus

102 904 203 929 suos
249 888 445 941 quotidie
495 888 551 927 ab
601 888 695 939 ipso
744 886 1022 939 cogitationis
1075 884 1193 924 fonte
1245 885 1471 931 discutere,
1516 889 1560 923 et

99 976 232 1002 omne
273 962 391 1014 quod
442 960 666 1001 turbidum
717 960 906 1012 profluit,
958 959 1013 999 ab
1065 957 1229 998 intimis
1281 955 1562 998 exsiccare.”2

105 1036 165 1075 Et
205 1048 335 1087 supra
376 1035 431 1074 de
477 1033 624 1073 clectis
666 1034 800 1073 dicit:
854 1032 993 1072 “Non
1025 1045 1194 1072 cessare
1235 1044 1310 1071 eos
1351 1030 1560 1083 quotidie,

103 1115 147 1149 et
184 1122 336 1148 causas
378 1121 477 1147 suas
518 1107 635 1160 apud
680 1107 934 1154 Dominum,
968 1110 1012 1145 et
1042 1118 1196 1146 causas
1237 1104 1418 1145 Domini
1460 1117 1562 1145 con·

103 1188 172 1222 tra
218 1196 264 1221 se
305 1181 491 1221 sollicita
531 1180 811 1232 inquisitione
852 1178 1125 1219 discutere.'’3
1207 1178 1266 1218 Et
1315 1179 1360 1218 B.
1398 1178 1563 1219 Isaias:

108 1252 570 1307 “Quemadmodum,'’
623 1253 774 1304 inquit,
818 1253 977 1304 “virgo
1028 1251 1236 1304 quotidie,
1290 1264 1419 1291 mane
1462 1263 1562 1292 curn

106 1328 252 1379 surgit,
290 1326 396 1366 nihil
430 1326 547 1366 aliud
583 1331 704 1365 curat
741 1325 821 1364 nisi
856 1331 903 1365 ut
940 1330 1064 1364 ornet
1104 1338 1151 1364 se
1192 1338 1354 1377 sponso
1395 1338 1486 1373 suo,
1520 1329 1565 1364 et

108 1400 286 1453 speculo
327 1399 531 1452 explorat
567 1399 810 1451 diligenter,
850 1412 903 1437 ne
945 1412 1031 1450 qua
1073 1398 1244 1438 macula
1286 1398 1475 1438 resideat
1520 1398 1564 1437 in

104 1473 226 1513 vultu
263 1486 353 1520 suo,
389 1486 477 1524 qua
517 1485 703 1524 sponsus
744 1471 1018 1520 offendatur3
1063 1471 1122 1510 sic
1165 1484 1328 1522 magna
1369 1469 1566 1522 quotidie

107 1561 209 1587 cura
241 1560 291 1586 ac
317 1545 544 1598 diligentia
573 1545 711 1585 sancti
743 1558 896 1584 omnes
926 1544 1225 1596 cogitationes,
1257 1550 1299 1583 et
1331 1556 1564 1592 sermones,

105 1620 386 1671 actionesque
409 1618 612 1671 explorat
640 1632 751 1665 suaS,
776 1631 829 1657 ne
859 1617 965 1669 quid
995 1617 1037 1655 in
1067 1616 1148 1656 illis
1178 1618 1233 1656 sit
1257 1617 1374 1669 quod
1398 1616 1565 1657 coelesti

109 1693 283 1746 Sponso
320 1692 559 1744 displiceat.
638 1691 787 1732 Sancti
819 1704 921 1730 vero
957 1691 1176 1742 praecipui,
1208 1691 1281 1742 qui
1319 1690 1567 1742 religiosam

109 1767 245 1806 vitam
294 1765 475 1818 professi
517 1770 629 1814 sunt,
672 1777 759 1804 non
801 1763 938 1816 ignari
981 1769 1158 1814 quantae
1201 1763 1471 1803 necessitatis
1512 1763 1568 1804 sit

109 1839 416 1891 quotidianum
450 1850 651 1884 examen,
686 1836 729 1875 id
766 1837 899 1876 etiam
935 1837 999 1875 sui
1036 1837 1207 1888 scriptis
1248 1837 1567 1889 praeceptisque

109 1912 434 1952 commendant.
499 1901 683 1950 Basilius
706 1911 835 1959 enim,
865 1909 1184 1949 coenobitarum
1214 1910 1410 1949 omnium
1441 1910 1567 1950 facile

109 1987 322 2039 princeps,
356 1998 455 2024 cum
489 1985 602 2032 alibi,
633 1990 727 2023 tum
761 1984 803 2022 in
836 1983 1052 2023 Asceticis
1083 1984 1138 2023 de
1170 1983 1429 2035 quotidiano
1461 1997 1567 2024 exa-

110 2059 227 2098 mine
259 2059 320 2098 ita
349 2057 506 2098 scribit.
569 2056 734 2097 “Circa
756 2056 888 2095 finem
911 2056 995 2095 diei
1029 2057 1317 2096 necessarium
1349 2063 1414 2096 est
1439 2063 1487 2096 ut
1513 2058 1568 2097 de

111 2133 174 2182 iis,
207 2145 305 2184 quae
347 2131 420 2171 illo
463 2131 587 2171 nobis
630 2130 699 2170 die
741 2131 848 2169 data
889 2136 991 2169 sunt
1031 2136 1107 2169 aut
1151 2131 1373 2182 acquisita,
1405 2131 1568 2182 gratias

107 2218 326 2257 agamus;
387 2211 430 2244 et
479 2204 514 2243 si
566 2203 671 2256 quid
720 2209 863 2243 actum
928 2203 1157 2251 remissius,
1211 2204 1299 2243 sive
1360 2203 1568 2243 delictum

115 2278 305 2330 aliquod,
327 2278 395 2318 vel
423 2277 727 2326 voluntarium,
751 2276 820 2316 vel
849 2283 998 2316 contra
1030 2277 1164 2316 animi
1193 2278 1467 2325 sententiam,
1495 2282 1572 2317 aut

117 2352 251 2392 etiam
300 2352 356 2391 ab
398 2351 758 2404 imprudentibus,
802 2356 878 2390 aut
920 2351 962 2389 in
1003 2350 1156 2398 verbis,
1200 2357 1276 2390 aut
1316 2350 1454 2399 factis,
1496 2356 1572 2390 aut

116 2425 248 2465 etiam
291 2425 334 2464 in
376 2425 506 2464 corde
547 2424 604 2464 sit
639 2424 934 2473 commissum,
966 2437 1045 2476 pro
1081 2425 1277 2464 omnium
1320 2423 1573 2464 remissione

112 2504 349 2550 peccantes
396 2498 542 2538 Deum
595 2497 829 2550 placemus,
872 2497 1107 2550 plurimum
1156 2511 1346 2550 namque
1392 2497 1572 2550 prodest

119 2572 341 2623 praeterita
372 2571 657 2620 considerare,
689 2584 744 2611 ne
769 2571 875 2611 talia
905 2571 1050 2611 denuo
1082 2572 1422 2620 committamus,
1446 2568 1573 2610 etc.''4

119 2645 271 2684 Idem:
306 2644 506 2697 “Elapso
533 2644 626 2697 jam
658 2645 739 2694 die,
763 2651 806 2686 et
828 2645 991 2698 quovis
1022 2659 1152 2698 opere
1183 2645 1349 2693 diurno,
1373 2657 1448 2684 seu
1481 2656 1573 2683 cor-

119 2717 269 2770 porali‚
310 2731 386 2757 seu
428 2718 650 2770 spirituali,
684 2719 740 2758 ad
780 2719 912 2759 finem
960 2718 1179 2769 deducto;
1222 2724 1324 2758 ante
1365 2717 1570 2768 quietem,

119 2791 430 2831 conscientiam
461 2805 585 2831 suam
614 2793 798 2845 quisque
824 2793 867 2831 in
893 2792 1024 2832 corde
1049 2805 1127 2839 suo
1154 2791 1407 2831 examinare
1429 2788 1572 2837 debet,

163 2877 177 2897 1
201 2879 356 2912 Mora1.1.
375 2879 424 2913 16.
441 2890 468 2913 c.
485 2887 537 2922 34·
607 2879 620 2899 2
644 2881 729 2913 Ibid.
746 2881 766 2914 1.
783 2887 835 2921 25.
853 2891 879 2913 c.
896 2887 924 2921 7.
994 2879 1009 2899 ³
1032 2869 1122 2912 ota't'.
1141 2887 1189 2919 19.
1267 2877 1281 2896 ⁴
1304 2879 1414 2910 Ascet.
1431 2887 1457 2910 c.
1475 2882 1528 2918 37.
