1903 3197
281 204 380 261 624
595 202 677 248 De
709 203 921 250 ratz'onei
953 203 1150 250 vivendi
1183 203 1452 253 Socz‘etatz's.

278 335 528 378 Asceticis.1
617 337 1013 391 Comprimendum
1074 339 1255 393 quidem
1312 340 1510 394 plerique
1565 341 1754 395 docent;

277 413 498 466 praecipue
522 411 740 461 Clemens,
765 419 813 453 ut
844 413 900 454 de
929 414 1098 455 caeteris
1126 413 1317 456 sileam.2
1380 415 1574 469 “Neque
1601 416 1755 468 enim‚”

277 488 430 541 inquit,
456 488 593 541 “quia
625 488 824 529 naturale
853 495 920 530 est
951 489 1118 530 homini
1152 490 1304 541 ridere,
1329 496 1373 531 et
1396 491 1499 544 quia
1528 491 1663 532 homo
1688 499 1756 534 est

277 562 442 603 animal
474 562 643 603 ridendi
675 564 717 604 vi
750 564 998 617 praeditum,
1021 565 1121 605 ideo
1147 571 1363 619 perpetuo
1392 566 1626 606 ridendum
1659 573 1753 619 est;

275 637 638 691 quandoquidem
700 652 755 679 ne
815 652 953 692 equus
1008 640 1199 693 quidem,
1253 640 1376 693 cujus
1435 647 1500 681 est
1549 643 1752 694 proprius

273 710 482 761 hinnitus,
521 726 696 766 semper
735 712 912 754 hinnit.''
976 713 1078 767 Quo
1120 714 1217 755 loco
1261 714 1466 756 Clemens
1509 719 1752 768 καγχασμὸν,

274 800 350 827 seu
388 787 769 829 cachinnationem
812 788 855 829 in
897 788 1049 842 primis
1085 787 1111 829 a
1148 790 1342 830 moribus
1384 789 1636 831 christianis
1674 804 1752 831 ex-

273 861 426 916 plodit.
491 861 619 915 Quia,
642 876 699 903 ex
724 863 855 903 Eccli.
875 873 938 903 21.
975 866 996 882 “
1013 862 1185 904 Stultus
1215 864 1258 904 in
1282 865 1367 904 risu
1392 864 1570 905 extollit
1594 879 1750 907 vocem

273 951 409 978 suam.
472 937 553 977 Vir
574 944 721 978 autem
745 943 916 978 astutus
938 938 1014 977 vix
1037 938 1198 978 sensim
1222 939 1465 980 subridebit
1486 939 1517 980 :'’
1542 946 1585 980 et
1610 939 1750 994 Chry-

272 1019 505 1060 sostomus,
528 1011 663 1052 Hom.
686 1011 723 1052 6.
749 1013 792 1052 in
815 1023 849 1052 2.
875 1026 907 1052 c.
935 1012 1093 1053 Matth.
1118 1012 1283 1054 invehit
1306 1013 1348 1053 in
1372 1014 1621 1055 cachinnos.
1686 1015 1751 1056 Et

272 1086 320 1127 B.
338 1087 602 1127 Benedictus
625 1087 738 1128 inter
754 1088 1045 1128 instrumenta
1062 1088 1278 1128 bonorum
1298 1102 1480 1142 operum
1505 1088 1588 1130 hoc
1611 1090 1753 1148 ponit,

273 1161 431 1202 Risum
465 1161 665 1212 multum,
700 1169 776 1203 aut
810 1176 1047 1203 excussum
1086 1176 1173 1204 non
1205 1161 1385 1204 amare.³
1446 1163 1536 1205 Sed
1570 1164 1628 1204 de
1663 1163 1750 1205 hoc

272 1236 406 1276 etiam
441 1236 561 1277 infra.

360 1318 416 1363 30.
452 1312 503 1352 In
526 1312 748 1366 loquendo
777 1313 1076 1366 canendoque.
1121 1311 1237 1366 Quia
1260 1327 1309 1354 os
1331 1314 1516 1354 nimium
1542 1313 1745 1367 patulum

271 1386 404 1427 etiam
435 1392 529 1427 tum
552 1387 806 1440 praeseferre
835 1387 1103 1437 indecorum,
1127 1393 1170 1428 et
1197 1388 1300 1441 quia
1330 1389 1549 1428 interdum
1576 1387 1746 1429 efflatur

269 1460 432 1501 halitus
468 1462 771 1515 permolestus,
795 1469 872 1503 aut
904 1462 1031 1503 exilit
1063 1462 1200 1503 saliva
1232 1463 1275 1503 in
1309 1463 1564 1504 audientem
1601 1463 1746 1504 minus

268 1534 462 1576 honeste.
542 1537 854 1577 Bonaventura
910 1537 1086 1586 ibidem,
1145 1552 1179 1577 c.
1229 1548 1250 1588 3
1279 1551 1287 1578 :
1346 1540 1367 1557 “
1391 1538 1460 1577 Ne
1511 1537 1744 1579 inhoneste

270 1610 450 1662 quidem
494 1611 537 1651 in
579 1611 672 1664 ejus
714 1612 870 1652 faciem
913 1611 1077 1652 halitus
1119 1612 1385 1665 aspiratione
1428 1611 1630 1661 insufflet,
1668 1617 1745 1653 aut

268 1684 407 1725 halitu
441 1685 537 1739 ipso
568 1692 669 1739 post
706 1686 856 1726 vinum
889 1685 1130 1739 potatum.'’
1194 1687 1254 1726 Et
1286 1700 1424 1726 mox:
1458 1686 1745 1739 “Loquentis

266 1758 429 1800 halitus
451 1760 591 1800 vultui
615 1760 836 1809 auditoriS,
857 1767 901 1801 et
924 1762 1102 1801 naribus
1119 1761 1275 1802 vitiose
1297 1775 1473 1815 prorsus
1496 1759 1743 1813 ingeritur.”

268 1834 388 1874 Huic
440 1841 589 1875 autem
642 1836 925 1876 incommodo
967 1850 1177 1886 occurres,
1216 1837 1298 1876 nisi
1341 1836 1525 1876 nimium
1568 1836 1740 1890 aperias

265 1923 313 1950 os
346 1910 386 1949 in
422 1909 656 1963 loquendo.

352 1990 411 2035 40.
450 1985 501 2024 In
524 1985 723 2033 tacendo,
759 1984 866 2025 dum
901 1985 1184 2026 auscultatur.
1250 1985 1354 2038 Ugo
1389 1984 1444 2025 de
1479 1984 1521 2026 S.
1545 1984 1658 2025 Vict.
1683 1984 1739 2025 de

265 2058 413 2099 Novit.
449 2060 589 2100 Instit.
614 2074 645 2100 c.
678 2071 753 2100 12:
787 2059 940 2101 “Sunt
977 2061 1158 2113 quidam
1197 2061 1271 2113 qui
1307 2065 1533 2113 nequeunt
1569 2058 1739 2100 auscul-

263 2139 368 2183 tare,
394 2134 474 2174 nisi
507 2135 657 2174 buccis
691 2134 983 2187 patentibus.'’

354 2215 408 2260 50.
445 2209 497 2249 In
520 2209 720 2250 edendo:
765 2209 882 2262 Quia
911 2210 1085 2263 signum
1109 2209 1361 2250 voracitatis
1383 2215 1459 2249 est.
1524 2208 1597 2250 Sic
1620 2209 1736 2248 enim

261 2282 352 2337 lupi
388 2283 565 2332 faciunt,
596 2290 640 2324 et
674 2284 775 2324 ferae
812 2298 911 2326 cum
947 2291 1135 2338 poscunt
1169 2284 1345 2325 cibum:
1387 2289 1504 2324 totas
1533 2283 1737 2336 pandunt

262 2358 420 2407 fauces,
444 2364 579 2399 testes
601 2359 854 2399 voracitatis
876 2373 979 2399 suae.

397 2516 462 2546 DE
495 2516 606 2547 ORIS
638 2516 901 2557 TRISTITIA,
933 2516 994 2548 AC
1028 2516 1332 2547 SEVERITATE
1364 2515 1601 2546 VITANDA.

348 2581 546 2622 Tristitia
588 2596 702 2632 vero,
746 2588 821 2622 aut
873 2581 960 2622 alia
1007 2582 1283 2636 perturbatio
1337 2582 1424 2622 oris
1477 2581 1634 2621 merito
1688 2581 1732 2620 in

259 2656 472 2710 religiosis
508 2657 757 2697 accusanda
794 2662 870 2697 est.
937 2657 1082 2697 Immo
1121 2663 1164 2697 et
1198 2657 1240 2696 in
1278 2656 1549 2704 Christianis,
1587 2662 1635 2695 ut
1670 2655 1733 2695 ait

260 2731 466 2772 Clemens
491 2743 524 2772 2.
550 2732 573 2772 l.
600 2732 773 2785 Pzedag.
798 2745 985 2784 quorum
1008 2732 1231 2785 propriam
1261 2731 1368 2772 dicit
1397 2745 1492 2772 esse
1522 2731 1728 2783 quietem,

259 2813 303 2846 et
332 2821 498 2859 pacem,
524 2813 567 2847 et
599 2806 974 2859 tranquillitatem.
1037 2807 1235 2847 Tristitia
1267 2813 1415 2847 autem
1445 2806 1531 2846 oris
1563 2810 1728 2858 pertur-

258 2881 460 2922 bationes
483 2882 616 2922 animi
640 2882 1050 2934 commotionesque
1071 2895 1227 2935 parum
1249 2881 1425 2921 sedatas
1448 2880 1729 2932 domitasque

345 2971 357 2991 1
385 2980 432 3013 17.
455 2979 486 3005 et
504 2973 547 3006 in.
570 2974 651 3015 Reg.
674 2974 762 3006 brev,
872 2971 885 2991 ²
909 2973 947 3005 L.
969 2981 998 3005 2.
1021 2973 1153 3014 Paedag.
1174 2982 1201 3005 c.
1223 2978 1250 3013 5.
1359 2970 1373 2990 ³
1398 2972 1438 3002 In
1456 2971 1538 3011 Reg.
1559 2980 1586 3001 c.
1607 2978 1636 3009 4
