1903 3197
301 145 380 192 De
401 145 793 207 castigationibus
814 146 1104 206 confhssarz‘o
1127 145 1398 206 detegendzk.
1473 150 1535 206 46
1543 163 1570 207 3

197 277 387 317 Accedit
418 276 555 317 altera
585 277 706 324 ratio,
730 290 805 316 cur
826 277 1033 329 quicquid
1066 291 1295 329 poenarum
1324 279 1567 331 suscipitur,

111 351 396 403 aperiendum
438 350 700 390 confessario
741 350 826 400 sit;
886 350 989 401 quia
1030 350 1122 401 ejus
1164 357 1230 390 est
1271 352 1439 391 consilii
1481 366 1568 393 non

111 424 244 463 modo
276 423 394 476 quod
427 423 765 463 immoderatum
798 428 864 461 est
905 422 1119 462 moderari
1162 429 1206 463 et
1247 424 1566 474 circumcidere,

94 511 260 537 ,verum
303 497 435 537 etiam
477 496 595 549 quod
637 496 847 548 exiguum
890 503 967 543 est,
1005 496 1193 547 adjicere
1229 503 1362 549 atque
1398 512 1569 551 augere.

109 570 185 609 Ad
218 583 317 609 eum
349 570 539 622 pertinet
566 569 761 620 judicare
788 570 900 608 inter
922 569 1106 608 nimium
1129 575 1172 608 et
1194 583 1359 621 parum,
1382 585 1568 623 quorum

110 649 344 694 utrumque
383 643 589 681 vitiosum
631 647 725 690 est;
777 655 881 681 nam
923 647 966 680 et
1012 641 1242 681 minimum
1293 644 1569 695 poenitentiae

108 716 262 765 subire,
285 729 384 755 cum
417 716 461 754 in
492 715 764 767 poenitentiae
797 714 893 754 loco
926 715 1072 767 degas,
1097 715 1288 755 alienum
1320 722 1385 756 est
1414 731 1439 756 a
1467 731 1569 758 vero

109 789 192 828 Dei
236 788 409 836 famulo,
441 794 484 827 et
520 788 732 840 religiosis
774 788 984 828 institutis
1017 788 1230 828 abhorret.
1310 789 1571 831 “Convenit

107 862 222 902 enim
255 860 540 914 religiosum,’'
564 867 611 901 ut
644 861 830 901 Basilius
862 863 1082 911 admonet,
1106 865 1127 881 “
1144 863 1309 914 regiam
1331 864 1447 902 viam
1470 877 1571 904 vere

108 935 289 987 ingredi,
332 948 547 987 nusquam
590 934 914 983 declinantem;
958 941 1006 974 ut
1047 949 1190 987 neque
1231 936 1568 986 remissionem,’'

108 1008 260 1060 inquit,
292 1008 630 1060 “amplectatur,
669 1022 810 1060 neque
848 1008 1138 1048 immoderata
1175 1009 1442 1049 abstinentia
1478 1024 1571 1050 cor-

106 1096 188 1134 pus
230 1081 381 1121 inutile
417 1079 630 1121 reddat.”1
692 1080 824 1132 Quod
862 1082 1004 1134 ipsum
1040 1083 1083 1121 in
1120 1082 1157 1121 6.
1196 1088 1320 1134 parte
1357 1083 1569 1124 admonet

109 1155 153 1194 P.
174 1155 383 1207 Ignatius.
447 1154 564 1193 Nam
591 1168 690 1194 cum
723 1155 907 1194 nimium
939 1155 1213 1206 poenitentiae
1243 1161 1377 1207 atque
1406 1157 1569 1208 asperi-

107 1235 250 1268 tatum
282 1241 420 1275 usum,
454 1227 528 1279 qui
558 1227 669 1266 vires
701 1227 929 1279 frangeret,
954 1228 1255 1279 improbasset,
1283 1229 1434 1268 statim
1467 1229 1568 1269 sub-

102 1302 198 1353 jicit
235 1302 290 1340 de
326 1301 604 1340 remissione:
658 1300 791 1340 “Nec
827 1306 979 1340 contra
1015 1306 1139 1340 tanta
1175 1302 1219 1340 in
1257 1300 1376 1350 illis‚’'
1415 1302 1568 1353 inquit,

109 1376 206 1415 “sit
242 1374 466 1421 relaxatio,
511 1379 559 1413 ut
600 1374 765 1413 fervore
806 1374 982 1426 spiritus
1025 1374 1345 1425 refrigescente,
1389 1374 1570 1415 humani

109 1463 158 1489 ae
191 1448 413 1487 inferiores
445 1447 627 1486 affectus
659 1446 958 1486 insolescant.''
1022 1447 1080 1486 Et
1114 1448 1156 1486 in
1189 1447 1485 1487 declaratione
1508 1449 1570 1487 sic

108 1522 271 1562 habet:
305 1520 391 1561 “Si
428 1520 587 1572 quibus
624 1521 852 1559 convenire
884 1520 1154 1572 judicabitur
1190 1525 1358 1559 certum
1396 1526 1585 1573 tempus.

109 1594 329 1649 praescribi
364 1607 418 1633 ne
453 1594 672 1633 excedant
693 1593 762 1633 vel
797 1593 1002 1633 deficiant
1036 1593 1080 1632 in
1114 1593 1415 1645 spiritualibus
1448 1607 1574 1633 exer-

109 1669 232 1717 citiis,
255 1668 450 1720 superior
483 1667 526 1706 id
561 1666 702 1706 facere
735 1666 924 1719 poterit;
957 1667 992 1706 si
1027 1667 1160 1706 etiam
1196 1667 1239 1706 in
1274 1681 1353 1706 usu
1388 1666 1573 1706 aliorum

112 1742 367 1789 mediorum,
396 1741 429 1780 si
464 1741 556 1792 ipse
589 1740 768 1779 omnino
799 1740 1015 1791 judicaret
1048 1740 1195 1791 aliquo
1230 1739 1443 1779 utendum
1478 1754 1573 1780 esse

111 1813 214 1855 etc.”

200 1887 359 1940 Quoad
382 1886 632 1927 secundum.
697 1885 959 1926 Confessarii
982 1899 1085 1926 vero
1107 1886 1300 1925 officium
1332 1900 1382 1926 ac
1415 1900 1576 1927 munus

113 1968 190 2010 est,
229 1967 276 2001 ut
313 1974 411 2000 cum
450 1960 505 2000 ad
543 1973 642 1999 eum
679 1959 735 1999 de
770 1960 1040 2012 poenitentiis
1079 1958 1269 2007 refertur,
1309 1965 1352 1999 et
1389 1959 1575 2013 ambigit

112 2049 168 2076 an
203 2034 360 2074 modus
395 2033 643 2081 excedatur,
674 2033 869 2072 remittat
898 2046 998 2072 eum
1033 2033 1106 2084 qui
1137 2032 1314 2073 excedit
1343 2033 1398 2072 ad
1435 2033 1575 2086 Supe-

113 2110 280 2148 riorem.
345 2107 417 2147 Sic
455 2106 570 2146 enim
609 2106 786 2146 additur
823 2107 865 2145 in
905 2106 1336 2146 Constitutionibus:
1375 2107 1502 2159 “Qui
1538 2108 1576 2147 si

107 2182 278 2233 judicat
315 2180 470 2220 excedi
509 2193 770 2227 mensuram,
810 2185 885 2219 aut
923 2185 1039 2219 certe
1076 2179 1250 2219 dubitat
1287 2180 1342 2219 de
1379 2194 1577 2230 excessU,

111 2255 232 2295 illum
275 2255 330 2294 ad
374 2254 652 2307 Superiorem
698 2252 927 2293 remittat.'’
1001 2253 1175 2293 Dicitur
1216 2258 1364 2293 autem
1407 2254 1451 2293 in
1492 2253 1575 2294 hac

113 2340 147 2379 3.
185 2334 320 2382 parte,
359 2328 393 2368 si
431 2327 605 2367 dubitat
640 2327 695 2367 de
732 2340 926 2376 excessu,
960 2340 1048 2366 non
1094 2333 1243 2367 autem
1281 2328 1336 2367 de
1372 2326 1573 2377 defectu;

114 2402 227 2454 quia,
269 2407 317 2441 ut
358 2402 554 2441 dicemus
595 2400 717 2450 infra,
759 2400 1041 2454 periculosior
1081 2407 1147 2440 est
1193 2414 1401 2440 excessus
1442 2414 1574 2453 quam

111 2475 318 2514 defectus.
363 2474 422 2515 Et
446 2476 499 2527 (p.
520 2474 556 2514 6.
576 2488 608 2514 c.
631 2471 709 2528 3.§
732 2473 780 2526 1.)
806 2474 955 2513 “Dum
985 2472 1170 2523 tamen,''
1195 2474 1346 2526 inquit,
1370 2476 1575 2527 “semper

112 2547 400 2588 confessarius
443 2547 728 2598 consulatur,”
772 2553 815 2587 et
856 2547 930 2587 ubi
972 2548 1155 2587 dubium
1207 2547 1425 2596 acciderit,
1468 2546 1573 2599 quid

113 2622 355 2670 conveniat,
391 2634 458 2661 res
491 2621 547 2661 ad
581 2621 847 2674 superiorem
882 2620 1098 2662 referatur.

199 2695 330 2735 Dicet
365 2694 448 2734 hoc
480 2694 575 2734 loco
612 2693 856 2747 quispiam:
894 2693 1013 2746 Quid
1048 2708 1158 2747 opus
1192 2699 1257 2734 est
1289 2691 1572 2746 poenitentias

115 2769 320 2822 detegere
344 2767 631 2816 Confessario,
656 2769 690 2807 si
713 2769 760 2818 is,
783 2769 857 2820 qui
880 2768 1058 2821 detegit,
1082 2774 1125 2808 et
1146 2769 1329 2808 modum
1357 2766 1579 2819 judicatur

647 2855 659 2874 ¹
687 2857 740 2888 De
757 2857 824 2889 Vit.
846 2857 940 2890 Solit.
962 2868 989 2889 c.
1010 2864 1040 2897 9.
