1903 3197
288 185 389 228 ‘622
625 181 706 228 De
737 181 928 228 ratione
958 183 1151 229 vivendi
1191 183 1454 231 Socz'etatzzc.

382 317 435 357 In
469 316 645 357 naribus
679 322 828 357 autem
862 317 1024 358 idcirco
1059 317 1254 358 vitandae
1289 324 1391 359 sunt
1425 333 1558 372 rugae,
1590 325 1634 360 et
1664 320 1767 372 quia

294 390 435 431 multo
476 390 587 444 plus,
625 404 759 444 quam
801 404 923 444 rugae
968 390 1133 441 frontis,
1171 406 1248 433 ora
1284 393 1545 443 deformant,
1578 399 1622 434 et
1663 394 1768 447 quia

287 465 618 506 'contemnentis
666 471 710 505 et
751 465 1064 506 subsannantis
1109 467 1301 507 hominis
1351 467 1612 521 plerumque
1653 475 1764 509 sunt.

293 539 430 580 Adde
472 539 605 579 etiam
647 539 921 580 abhorrentis
965 540 1210 581 stomachi:
1263 555 1391 595 rugas
1436 542 1552 582 enim
1595 549 1767 583 contra-

291 613 438 654 himus
484 615 527 654 in
570 614 756 663 naribus,
795 628 895 655 cum
938 622 1100 656 tetrum
1144 615 1322 668 aliquid,
1364 622 1441 656 aut
1483 617 1600 657 male
1642 617 1765 657 olens

292 689 363 730 vel
395 689 662 742 aspeximus,
686 689 755 729 vel
787 689 1028 731 olfecimus.

341 848 407 879 DE
439 847 599 878 LABIIS
631 847 774 878 NIMIS
809 847 1010 889 PRESSIS,
1032 848 1134 879 AUT
1167 848 1403 881 DIDUCTIS
1436 849 1720 881 FUGIENDIS.

383 929 525 969 Labia
574 935 724 969 autem
776 929 906 969 nimis
957 943 1219 983 compressa,
1262 937 1339 971 aut
1390 931 1520 971 nimis
1571 931 1765 980 diducta,

292 1009 452 1058 praeter
494 1004 580 1043 oris
617 1002 956 1052 deformitatem,
996 1017 1130 1056 quam
1168 1004 1368 1054 afferunt,
1402 1011 1588 1058 possunt
1630 1006 1765 1046 etiarn

292 1084 370 1119 aut
401 1078 634 1118 stultitiam
663 1084 740 1118 aut
772 1078 1089 1132 negligentiam
1120 1078 1338 1120 indicare:
1372 1093 1475 1119 nam
1505 1086 1549 1119 et
1577 1081 1767 1120 amentis

287 1159 370 1202 «est,
398 1152 634 1205 plusquam
667 1151 777 1193 ferat
810 1166 960 1193 eorum
994 1153 1117 1202 ratio,
1140 1153 1440 1206 comprimere,
1465 1159 1509 1194 et
1541 1154 1768 1194 oscitantis

291 1227 482 1268 vicissim
535 1228 669 1267 animi
721 1227 875 1280 patula
925 1234 1060 1280 atque
1106 1228 1320 1281 adaperta
1368 1242 1528 1280 gerere.
1613 1228 1769 1270 Solent

292 1303 473 1356 quidem
524 1302 722 1342 nonnulli
775 1303 959 1343 nimium
1001 1303 1292 1356 comprimere
1333 1303 1460 1353 labia,
1502 1317 1603 1343 cum
1645 1304 1767 1344 taciti

292 1377 458 1430 aliquid
492 1377 790 1427 admirantum
834 1378 938 1430 quia
970 1377 1167 1418 naturale
1206 1384 1272 1418 est
1314 1378 1356 1417 in
1400 1377 1769 1418 admirationibus

291 1451 536 1505 praesertim
581 1452 764 1504 magnis,
797 1465 873 1492 ora
914 1465 1204 1505 compescere,
1238 1457 1282 1492 et
1318 1451 1454 1492 silere.
1532 1451 1768 1505 Propterea

291 1532 451 1565 natura
484 1525 817 1577 quodammodo
856 1526 951 1579 ipsa
983 1526 1176 1576 adducit,
1206 1525 1516 1578 contrahitque
1552 1525 1681 1574 labia,
1712 1539 1768 1565 ne

291 1599 372 1639 fari
424 1600 604 1652 possint.
690 1599 877 1653 Semper
921 1606 1070 1640 autem
1113 1600 1417 1640 admirationis
1460 1600 1589 1641 edere
1630 1601 1768 1653 signa,

291 1675 470 1715 attoniti
503 1681 569 1715 est
603 1689 654 1715 ac
686 1675 861 1725 stolidi;
899 1675 1126 1715 oscitantis
1157 1681 1307 1715 autern
1340 1676 1476 1715 animi
1510 1682 1587 1725 est,
1616 1675 1769 1728 patula

291 1755 427 1802 atque
459 1749 674 1802 adaperta
704 1763 881 1803 gerere:
916 1750 1031 1802 quia,
1076 1756 1123 1790 ut
1165 1749 1428 1803 negligentis
1467 1749 1670 1802 janitoris
1702 1756 1769 1790 est

283 1823 447 1876 januas
485 1823 603 1863 nulla
641 1830 851 1876 poscente
889 1824 1150 1864 necessitate
1186 1829 1391 1877 patentes
1428 1829 1561 1876 atque
1594 1829 1769 1877 apertas

290 1897 464 1946 habere,
508 1897 657 1938 stolidi
709 1904 857 1938 autem
907 1899 1183 1951 amentisque
1234 1897 1333 1951 plus
1384 1911 1513 1950 aequo
1565 1897 1768 1938 obserare

291 1971 524 2025 repagulis,
555 1986 654 2012 cum
693 1972 924 2013 itentidem
957 1972 1208 2026 aperiendae
1245 1978 1373 2013 sunt:
1420 1973 1482 2012 ita
1513 1973 1646 2012 etiarn
1679 1978 1767 2013 sto-

288 2045 428 2086 lidum
453 2053 530 2096 est,
554 2046 669 2087 labia
691 2046 791 2100 plus
813 2047 933 2100 justo
963 2061 1172 2101 premere,
1195 2052 1330 2100 atque
1350 2046 1512 2087 habere
1534 2046 1766 2096 conclusa;

289 2126 333 2161 et
363 2120 564 2161 dissoluti
594 2121 730 2161 animi
765 2123 900 2162 etiam
931 2128 1027 2162 tum
1057 2121 1220 2162 habere
1253 2122 1465 2174 patentia,
1487 2134 1587 2161 cum
1618 2134 1766 2162 neces-

288 2196 397 2235 sitas
449 2195 570 2236 nulla
628 2202 703 2236 est.
767 2196 1050 2237 Dorotheus:
1104 2196 1342 2236 “Dedecet
1398 2194 1664 2235 monachum
1717 2209 1765 2235 os

288 2270 492 2324 patulum
525 2285 721 2324 unquam
754 2271 954 2313 habere.''

359 2427 593 2467 QUINQUE
626 2428 944 2460 TEMPORIBUS
979 2428 1328 2460 MODERANDUS
1359 2427 1472 2458 ORIS
1505 2427 1701 2459 HIATUS.

378 2500 589 2554 Quinque
626 2508 775 2542 autem
810 2508 1012 2556 tempora
1050 2509 1153 2542 sunt
1189 2502 1475 2552 observanda,
1509 2515 1563 2542 ne
1600 2501 1768 2541 hiantia

287 2575 534 2616 habeamus
599 2590 676 2617 ora
741 2583 902 2630 praeter
955 2577 1174 2617 decorum.
1273 2583 1326 2617 10.
1381 2576 1495 2617 Cum
1551 2575 1766 2616 oscitandi

288 2651 509 2704 cupiditas
539 2664 619 2691 nos
650 2652 817 2692 invadit
836 2666 845 2702 ;
866 2658 1100 2705 propterea
1130 2652 1247 2692 enim
1271 2651 1475 2692 oscitatio
1505 2651 1601 2704 ipsa
1623 2663 1765 2704 repre-

286 2724 506 2776 henditur,
540 2727 644 2778 quia
676 2725 877 2766 dilatatio
920 2726 993 2767 illa
1029 2727 1116 2766 oris
1149 2732 1284 2779 atque
1317 2725 1463 2766 hiatus
1498 2724 1766 2765 foedissimus

286 2799 333 2839 in
357 2814 420 2849 eo,
441 2801 515 2853 qui
544 2801 711 2841 ratione
738 2802 885 2850 utitur,
910 2802 1201 2842 existimatur.
1267 2801 1384 2841 Nam
1407 2800 1596 2841 ferarum
1621 2799 1767 2853 potius

288 2879 356 2914 est
392 2875 562 2915 hiantia
599 2889 675 2916 ora
708 2881 924 2929 tanquam
961 2877 1018 2917 ad
1061 2876 1379 2930 capessendum
1417 2875 1564 2916 cibum
1604 2887 1765 2927 praese-

287 2946 407 2990 ferre.
485 2950 624 2991 Isaias
665 2950 834 3001 Abbas,
870 2950 941 2993 Or.
980 2962 1036 3002 3:
1082 2954 1103 2972 “
1120 2950 1166 2992 Si
1199 2950 1414 2992 oscitandi
1456 2956 1500 2991 te
1542 2947 1761 3002 cupiditas
