1903 3197
265 173 358 230 536
597 169 675 214 De
709 168 899 214 ratione
931 167 1123 214 vivendi
1157 167 1420 214 Socz'elcztz‘S.

267 303 385 342 enim
428 301 569 354 major
610 302 795 349 miseria,
830 301 889 341 ibi
931 301 1084 342 clarior
1126 299 1423 340 misericordia
1465 304 1660 352 apparet,
1698 305 1741 338 et

266 377 414 430 purior
446 374 693 416 charitas.'’¹

353 451 566 498 Tertium,
606 450 649 489 in
687 464 775 502 quo
814 449 1154 490 ministrantium
1192 461 1294 488 cura
1332 447 1448 488 cerni
1492 446 1635 495 debet,
1675 453 1740 486 est

267 525 448 578 quidam
472 525 649 578 pietatis
672 530 715 564 et
737 523 961 564 charitatis
983 523 1176 564 affectus.
1243 522 1315 562 Ex
1338 521 1422 561 hoc
1445 521 1561 560 enim
1584 521 1737 573 priora,

267 612 366 653 quae
403 599 611 645 diximus,
650 599 737 638 vim
776 610 954 638 omnem
992 597 1187 647 habent;
1236 609 1338 636 nam
1376 595 1410 635 si
1448 596 1588 648 pietas
1626 595 1741 634 absit

267 679 312 714 et
352 673 574 713 miseratio
619 679 662 713 et
704 672 883 724 quidam
927 671 1152 711 charitatis
1193 669 1389 717 affectus,
1428 668 1626 722 profecto
1664 682 1743 708 nec

266 759 430 801 magna
468 747 709 787 admodum
748 759 826 786 nec
865 745 1070 785 diuturna
1108 749 1255 796 potest
1293 757 1386 783 esse
1436 744 1479 782 in
1525 756 1740 795 aegrorum

268 821 509 862 ministerio
532 821 622 861 sive
644 820 879 860 tolerantia
900 820 990 859 sive
1014 818 1234 858 sedulitas,
1270 818 1382 859 Cum
1405 818 1570 871 pietate
1592 823 1740 857 autem

267 901 311 937 et
333 895 544 936 charitate
568 894 824 941 ministrare,
849 893 955 932 nihil
980 899 1046 932 est
1069 892 1188 932 aliud
1211 905 1346 943 quam
1376 892 1419 931 in
1451 892 1740 931 ministrando

267 967 593 1010 misericordem
617 967 856 1019 quemdam
880 967 1014 1006 animi
1038 965 1245 1006 affectum
1263 965 1498 1018 possidere,
1517 972 1560 1005 et
1576 965 1739 1006 viscera

267 1041 574 1084 misericordia:
617 1046 795 1089 tenere;
848 1040 966 1092 quod
1020 1039 1060 1080 S.
1097 1038 1349 1080 Dorotheus
1391 1038 1588 1092 appellat
1638 1052 1737 1078 cum

265 1116 449 1157 scientia
481 1122 523 1156 et
556 1115 807 1168 cognitione
830 1114 1085 1154 ministrare.
1152 1113 1224 1154 Sic
1248 1113 1364 1153 enim
1395 1113 1495 1153 ille:
1530 1116 1551 1133 “
1570 1114 1737 1153 Rursus

264 1191 485 1232 ministrat
536 1190 633 1243 quis
685 1196 865 1242 aegroto,
909 1188 985 1228 sed
1034 1188 1247 1228 mercedis
1290 1193 1334 1228 et
1375 1188 1543 1241 praemii
1596 1188 1737 1240 gratia

268 1265 496 1306 ministrat.
561 1264 620 1304 Et
653 1277 707 1303 ne
738 1263 822 1304 hoc
855 1263 1034 1315 quidem
1068 1268 1134 1302 est
1166 1276 1265 1302 cum
1299 1262 1481 1303 scientia
1512 1268 1555 1302 et
1592 1261 1741 1314 cogni-

266 1341 417 1391 tione3
450 1354 499 1380 ac
532 1344 774 1392 propterea,
814 1338 847 1377 si
881 1338 986 1390 quid
1021 1337 1078 1377 illi
1124 1337 1297 1377 molesti
1329 1343 1405 1377 aut
1437 1337 1605 1377 adversi
1639 1349 1740 1375 con-

266 1415 426 1468 tigerit,
464 1419 665 1453 actutum
703 1427 727 1453 a
765 1413 883 1452 bono
926 1412 1000 1452 illo
1038 1425 1170 1464 opere
1212 1411 1386 1458 recedit,
1424 1424 1503 1451 nec
1544 1416 1740 1464 coeptum

269 1503 380 1542 opus
417 1488 645 1528 absolvere
684 1486 940 1534 contendit;
976 1486 1181 1525 nimirum
1216 1485 1318 1537 quia
1355 1499 1441 1525 non
1475 1499 1532 1525 ex
1563 1485 1744 1525 scientia

271 1568 474 1615 coeperat.
541 1559 628 1612 Qui
660 1573 763 1601 vero
796 1560 1048 1612 cognitione
1078 1566 1121 1599 et
1150 1559 1331 1599 scientia
1361 1559 1590 1608 ministrat,
1615 1572 1745 1611 prop-

269 1641 388 1677 terea
412 1636 642 1683 ministrat,
669 1635 772 1686 quia
796 1634 1122 1673 misericordem
1146 1634 1279 1673 animi
1304 1633 1511 1673 affectum
1539 1633 1745 1685 possidet,

271 1717 314 1751 et
350 1711 516 1750 viscera
555 1708 864 1748 misericordiae
898 1713 1029 1747 tenet.
1098 1706 1185 1759 Qui
1221 1708 1337 1746 enim
1369 1706 1624 1758 hujusmodi
1663 1707 1744 1745 sibi

269 1797 452 1837 scopum
496 1783 708 1829 statuerit,
747 1782 782 1821 si
826 1782 1064 1834 quicquam
1106 1780 1275 1820 adversi
1319 1780 1377 1819 illi
1421 1780 1664 1833 contigerit,
1708 1780 1742 1819 si

273 1872 360 1912 qua
401 1857 579 1898 afflictio
623 1862 698 1896 aut
741 1855 971 1896 calamitas
1020 1855 1270 1895 extrinseca
1321 1854 1524 1904 evenerit,
1567 1854 1623 1894 ab
1675 1853 1749 1893 illo

273 1933 409 1974 animi
434 1933 499 1971 sui
524 1931 752 1984 proposito
777 1943 863 1970 non
895 1929 1208 1970 deturbabitur.
1272 1927 1391 1980 Quin
1422 1935 1465 1969 et
1494 1929 1528 1968 si
1558 1934 1750 1982 aegrotus

273 2007 396 2048 illum
435 2006 752 2059 contempserit
789 2018 840 2044 ac
878 2004 1123 2044 maledictis
1160 2003 1394 2053 incesserit,
1431 2004 1640 2043 immotus
1678 2002 1749 2042 ille

273 2081 709 2135 imperturbatusque
761 2084 1003 2132 permanet,
1048 2084 1180 2130 atque
1232 2077 1380 2117 omnia
1428 2077 1748 2130 patientissime

270 2155 443 2209 perfert,
487 2167 622 2207 scopo
660 2153 719 2192 illi
759 2167 838 2192 suo
875 2166 925 2192 ac
962 2152 1189 2205 proposito
1227 2150 1478 2198 inhaerens,'’
1512 2149 1610 2191 etc.·2
1672 2150 1745 2190 Ex

270 2230 427 2282 quibus
461 2228 763 2280 intelligimus,
797 2228 831 2267 si
866 2227 1007 2280 pietas
1040 2233 1083 2266 et
1115 2226 1439 2266 commiseratio
1472 2226 1526 2265 ad
1560 2225 1648 2265 duo
1675 2225 1749 2265 illa

270 2303 493 2356 superiora
522 2302 733 2341 ministris
762 2301 960 2349 accedat,
985 2308 1079 2340 tum
1103 2301 1281 2340 demum
1306 2300 1379 2340 illa
1402 2301 1495 2353 ipsa
1518 2306 1561 2340 et
1584 2300 1747 2340 eximia

267 2383 311 2418 et
333 2377 540 2417 diuturna
562 2376 663 2416 fore.

355 2451 500 2490 Pietas
530 2455 678 2489 autem
711 2448 807 2489 haec
839 2461 926 2488 non
960 2449 1094 2488 modo
1124 2449 1240 2488 intus
1262 2449 1305 2487 in
1328 2449 1488 2495 animo,
1512 2448 1589 2488 sed
1612 2448 1744 2488 etiam

267 2525 369 2566 foris
411 2524 659 2564 exercenda
702 2528 778 2564 est.
876 2522 1002 2563 Intus
1056 2522 1237 2574 quidem
1280 2528 1356 2570 est,
1401 2523 1506 2561 dum
1550 2522 1748 2562 minister

269 2599 422 2653 aegroti
461 2598 777 2638 commiserans
821 2597 978 2636 eodem
1022 2597 1059 2636 ei
1102 2596 1293 2636 deservit
1330 2596 1502 2644 affectu,
1539 2609 1627 2649 quo
1665 2596 1744 2636 sibi

267 2689 292 2715 a
329 2673 496 2714 caeteris
534 2671 739 2712 deserviri
777 2670 920 2710 vellet.
985 2671 1093 2710 Ideo
1133 2671 1178 2709 B.
1203 2670 1460 2710 Franciscus
1492 2671 1534 2709 in
1567 2670 1745 2724 regula:

266 2747 353 2789 “Si
392 2745 525 2799 quis,”
564 2745 717 2797 inquit,
758 2745 840 2784 “in
879 2744 1182 2784 infirmitatem
1225 2744 1444 2793 ceciderit,
1483 2744 1555 2784 alii
1593 2744 1745 2785 fratres

267 2823 430 2863 debent
468 2821 505 2860 ei
544 2820 713 2869 servire,
749 2819 860 2859 sicut
898 2818 1062 2859 vellent
1095 2819 1176 2858 sibi
1211 2816 1419 2858 serviri.’'3
1496 2818 1556 2858 Et
1603 2819 1745 2859 Bona-

438 2917 449 2936 ¹
475 2919 527 2950 De
544 2929 598 2950 sex
616 2918 675 2948 alis
694 2916 788 2948 Prael.
811 2927 838 2949 c.
859 2924 889 2956 9.
1070 2914 1083 2933 ⁹
1108 2916 1178 2947 Ser.
1204 2924 1251 2947 12.
1432 2914 1445 2934 ³
1470 2916 1509 2947 C.
1531 2916 1560 2947 6.
