1903 3197
275 207 304 251 6
317 206 373 252 18
600 204 680 251 De
713 204 906 251 ratione
936 204 1132 251 vivendi
1162 204 1428 253 Socz'elatz's.

273 339 500 380 oculorum
534 339 720 389 licentia,
744 353 795 380 ac
825 338 1054 393 voluptate
1085 354 1133 380 se
1164 338 1351 380 cohibet.
1418 339 1556 380 Isaias
1579 339 1747 391 Abbas,

276 414 417 455 Instit.
441 414 498 454 ad
523 414 588 453 Fr.
605 413 703 465 Jun.
720 427 776 453 or.
796 424 818 465 3
839 427 847 454 :
881 414 1039 454 “Inter
1059 412 1364 461 vescendum,'’
1389 413 1544 467 inquit,
1563 415 1751 456 “oculos

274 494 375 529 tuos
402 488 444 528 in
475 489 730 542 proximum
757 502 811 528 ne
833 488 1083 541 conjeceris,
1107 502 1218 529 neve
1251 488 1457 541 respicias
1492 487 1577 529 huc
1612 488 1748 556 illuff·”

277 564 589 604 Bonaventura
621 563 676 603 de
712 563 890 604 Inform.
925 564 1058 604 novit.
1092 577 1124 605 c.
1164 564 1217 604 8:
1257 563 1346 603 “In
1372 563 1560 611 mensa,”
1594 564 1748 617 inquit,

278 641 403 678 “non
426 638 514 678 sint
535 638 648 678 oculi
681 638 744 678 tui
776 638 985 690 girovagi,
1009 651 1089 679 nec
1120 638 1222 678 hinc
1252 638 1354 678 inde
1382 638 1654 691 conspicias;
1687 639 1749 680 ita

276 718 326 754 ut
362 713 532 753 nescias
568 713 665 766 quis
702 713 853 753 sedeat
891 727 917 753 a
954 713 1089 754 latere
1124 718 1214 762 tuo,
1249 712 1318 753 vel
1355 713 1461 766 quid
1499 712 1642 763 faciat,
1679 712 1748 754 vel

279 788 390 842 quid
422 801 570 828 coram
603 802 649 828 se
681 787 879 828 habeat.''

362 862 485 903 Talis
520 868 613 903 erat
647 863 682 902 is
717 861 859 912 frater,
882 875 1014 915 quem
1050 862 1336 903 commendat
1361 862 1641 914 Climachus;
1673 863 1748 917 qui

276 943 405 979 tanta
437 937 596 977 dicitur
626 936 852 976 oculorum
885 936 1017 976 fuisse
1050 936 1279 984 modestia,
1311 950 1361 977 ac
1393 938 1676 987 continentia,
1701 944 1750 979 ut

275 1026 376 1053 cum
399 1011 457 1052 ab
479 1010 660 1051 Abbate
690 1011 848 1051 missus
881 1017 997 1051 esset
1027 1011 1084 1051 ad
1116 1024 1196 1051 sua
1228 1010 1475 1064 perspicilla
1497 1012 1747 1064 quaerenda,

276 1100 377 1140 quae
420 1085 463 1125 in
505 1085 767 1125 coenationis
810 1085 915 1125 sede
957 1084 1205 1138 reliquerat,
1239 1085 1274 1125 is
1315 1085 1435 1138 prius
1476 1085 1533 1125 ab
1570 1085 1751 1128 Abbate

274 1160 525 1213 requireret,
579 1159 760 1200 ubinam
813 1160 874 1199 in·
909 1160 1161 1200 coenatione
1212 1159 1393 1200 sederet.
1490 1160 1578 1200 Diu
1631 1161 1750 1214 apud

275 1233 506 1275 Abbatem
545 1234 669 1274 illum
709 1234 875 1274 suerat:
924 1247 1067 1287 neque
1103 1240 1254 1274 tamen
1297 1234 1441 1274 adhuc
1482 1235 1556 1275 ubi
1593 1234 1752 1276 Abbas

274 1309 371 1363 ipse
405 1309 518 1350 inter
551 1308 704 1363 epulas
739 1308 924 1358 sederet,
948 1309 1135 1362 aspexit.

365 1384 529 1433 Tertio,
553 1384 706 1424 oculus
736 1384 779 1423 in
812 1397 965 1424 mensa
985 1397 1125 1436 vagus
1149 1390 1215 1424 est
1237 1384 1411 1436 signum
1436 1384 1750 1438 impudentiae:

278 1465 514 1513 propterea
538 1459 850 1499 Bonaventura
873 1459 916 1498 in
941 1459 1067 1512 Spec.
1092 1458 1210 1499 Disc.
1234 1472 1322 1512 par.
1350 1470 1383 1510 3.
1408 1473 1441 1499 c.
1467 1470 1517 1499 2:
1552 1462 1572 1479 ‘⁶
1588 1459 1750 1500 Oculo-

276 1532 411 1582 rum,”
446 1534 600 1586 inquit,
633 1533 870 1573 “custodia
907 1532 1020 1573 inter
1055 1533 1208 1586 epulas
1241 1539 1476 1587 propterea
1508 1534 1751 1575 necessaria

277 1615 356 1657 est,
395 1609 499 1661 quia
541 1621 628 1648 non
671 1608 799 1648 decet
840 1609 1061 1661 praecipue
1100 1615 1148 1649 ut
1183 1622 1320 1661 vagos
1352 1608 1545 1649 habeant
1587 1609 1748 1659 oculos,

277 1696 421 1736 neque
453 1683 634 1732 curiose,
657 1689 700 1723 et
736 1689 784 1722 ut
819 1682 1008 1735 amplius
1037 1682 1193 1731 dicam,
1225 1683 1514 1736 impudenter,
1537 1697 1636 1736 quae
1668 1684 1751 1724 sibi

274 1757 483 1811 apposita
517 1763 630 1805 sunt,
664 1756 935 1797 attendant.'’
999 1756 1113 1809 Quae
1149 1757 1205 1798 ad
1240 1757 1421 1797 verbum
1457 1772 1569 1811 pene
1603 1758 1752 1799 omnia

274 1838 454 1885 sumpta
488 1838 590 1872 sunt
625 1846 682 1871 ex
721 1831 881 1884 Ugone
915 1830 971 1871 de
1007 1831 1050 1873 S.
1073 1831 1186 1872 Vict.
1221 1837 1342 1872 tract.
1373 1833 1430 1873 de
1466 1833 1570 1873 Inst.
1603 1833 1750 1875 Novit.

276 1920 310 1948 c.
341 1907 403 1946 18.
468 1906 511 1948 S.
529 1906 803 1956 Vincentius,
839 1906 984 1946 Tract.
1014 1906 1071 1946 de
1103 1906 1192 1947 Vit.
1229 1906 1341 1960 Spir.
1377 1920 1409 1947 c.
1434 1907 1485 1948 8:
1519 1906 1749 1956 “Statue,''

275 1981 433 2033 inquit,
471 1983 690 2034 “pactum
730 1987 877 2021 tecum
915 1980 1106 2031 omnino,
1145 1986 1193 2021 ut
1235 1980 1356 2021 nullo
1398 1981 1531 2022 modo
1568 1982 1750 2022 circum-

276 2055 436 2109 spicias
460 2055 745 2095 comedentes
764 2069 772 2095 :
804 2055 882 2095 sed
905 2054 1048 2095 solum
1071 2055 1149 2095 tibi
1171 2056 1376 2109 apposita
1397 2055 1601 2096 videbis.’'

366 2129 427 2170 Et
470 2129 610 2169 multo
652 2136 757 2170 ante
802 2130 1106 2183 Hieronymus
1143 2130 1185 2169 in
1224 2130 1378 2184 Regul.
1416 2130 1748 2181 Monachorum,

275 2217 310 2244 c.
337 2214 417 2255 34:
451 2203 786 2256 “Nequaquam
810 2205 938 2252 avidi,
963 2210 1007 2244 et
1028 2204 1283 2257 vagabundi
1313 2204 1426 2245 oculi
1454 2218 1532 2258 per
1559 2205 1749 2245 discum-

275 2278 432 2319 bentes
470 2278 554 2318 huc
597 2278 789 2331 illucque
826 2279 1033 2331 vagando
1076 2279 1194 2319 hunc
1230 2278 1298 2319 vel
1340 2279 1461 2319 illum
1504 2280 1644 2332 magis
1680 2278 1750 2320 vel

280 2351 405 2392 illum
438 2354 583 2392 minus
617 2353 829 2393 denotent
861 2352 1204 2393 comedentem.’'
1506 2339 1509 2341 ⁵

367 2426 483 2468 Cum
517 2428 561 2466 in
594 2428 819 2480 publicum
852 2428 1162 2480 prodeundum
1199 2434 1276 2475 est,
1312 2427 1445 2468 etiam
1478 2433 1573 2467 tum
1610 2429 1748 2469 conti-

278 2501 412 2541 nendi
454 2507 555 2541 sunt
596 2501 722 2551 oculi,
766 2515 821 2541 ne
862 2502 996 2541 libere
1038 2515 1127 2555 qua
1167 2501 1332 2552 volunt,
1375 2508 1528 2542 errent.
1607 2502 1747 2543 “Noli

277 2576 611 2629 circumspicere
645 2577 688 2615 in
723 2576 830 2616 vicis
867 2576 1067 2626 civitatis,
1102 2590 1181 2616 nec
1214 2577 1480 2617 aberraveris
1514 2577 1558 2616 in
1590 2576 1748 2630 plateis

277 2649 454 2690 illius.''l

367 2726 524 2776 Primo,
578 2732 626 2767 ut
680 2732 895 2766 testemur
944 2726 1199 2767 hominibus
1251 2741 1308 2767 ex
1360 2725 1512 2767 habitu
1555 2726 1748 2780 corporis

279 2806 415 2854 atque
436 2800 662 2841 oculorum
700 2802 951 2842 interiorem
986 2802 1121 2842 animi
1156 2802 1517 2850 moderationem,
1540 2807 1588 2841 ut
1619 2814 1750 2854 supra

280 2874 579 2928 significatum
622 2882 698 2916 est.
781 2874 898 2928 Quia
949 2876 1249 2929 spectaculum
1293 2876 1394 2916 facti
1446 2889 1597 2916 sumus
1638 2875 1748 2932 Deo,

923 2965 936 2984 ¹
961 2966 1052 2999 Eccl.
1071 2975 1103 3006 9.
