1903 3197
361 148 440 193 De
472 147 821 194 antevestlendis
857 146 1213 192 tentaliom'bus.
1433 158 1520 203 193

48 293 212 332 gyrum
254 280 451 320 dentium
494 280 586 332 ejus
621 277 869 325 f0r1nido,”1
923 291 1080 330 nempe
1125 277 1227 329 quia
1279 277 1334 316 ad
1388 278 1519 316 devo-

53 352 235 392 randam
269 353 674 406 conficiendamque
707 353 953 393 animarum
992 352 1190 403 praedam
1224 351 1363 402 parati
1403 355 1514 397 sunt,

54 439 212 479 nempe
254 428 571 480 incorporando
609 428 689 467 sibi
727 427 897 466 animas
939 439 1016 477 per
1059 423 1288 463 mortalem
1327 423 1512 475 culpam,

51 505 99 539 ut
120 501 181 540 ait
204 501 370 541 Glossa.
436 501 777 554 Chrysostomus
807 499 849 538 in
874 498 978 538 illud
1013 497 1191 538 Satanae
1224 497 1340 548 apud
1371 496 1515 547 Job——

49 575 74 592 ⁴‘
93 573 246 626 Tange
277 588 325 614 os
351 575 442 626 ejus
475 581 518 615 et
550 574 762 621 carnem‚’'
786 573 919 613 dicit:
953 570 1261 610 “Truculenta
1291 576 1355 609 est
1381 575 1514 620 atque

50 645 282 699 impudens
314 648 468 697 bellua,
493 662 636 701 neque
665 648 781 687 enim
821 647 925 686 satis
963 645 1099 684 habet
1144 644 1302 683 nostris
1340 648 1513 682 tantum

49 720 248 760 carnibus
290 722 483 771 saturari,
529 723 607 761 nisi
652 722 694 761 in
737 719 952 760 medullas
1001 724 1044 758 et
1086 731 1185 757 ossa
1227 714 1514 769 pe1·vadat'‘;2

48 798 190 832 totum
226 793 448 835 hominem
480 796 695 847 deglutire
729 794 833 841 vult,
865 807 965 833 cum
999 793 1168 832 ossibus
1199 798 1242 830 et
1276 790 1427 837 nervis,
1466 795 1512 829 ut

47 880 186 907 vorax
218 868 296 908 leo.
361 869 492 909 Porro
531 870 572 909 in
606 869 860 909 devorando
894 867 1090 907 celeritas
1129 865 1384 911 declaratur,
1410 862 1512 915 quia

47 954 134 980 non
164 942 300 982 nectit
329 956 472 983 moras
507 943 696 984 Satanas
730 943 809 989 leo,
835 941 911 982 sed
939 941 1135 994 przedam
1165 945 1337 992 partam
1360 937 1509 977 statim

49 1015 91 1053 in
133 1022 327 1056 ventrem
370 1017 520 1065 aufert,
566 1031 618 1057 ne
661 1018 820 1057 evadat
872 1023 948 1056 aut
992 1030 1015 1054 e
1058 1013 1256 1054 faucibus
1309 1012 1511 1064 rapiatur.

52 1088 157 1128 Ideo
184 1089 342 1130 dicitur
372 1091 426 1130 de
453 1091 597 1142 Juda:
633 1091 784 1131 “Cum
815 1089 1057 1142 accepisset
1087 1086 1341 1133 buccellam,
1376 1085 1514 1125 exivit

46 1163 291 1212 continuo,”
310 1171 357 1204 ut
380 1171 503 1205 notat
527 1165 725 1217 Cyrillus,
750 1164 873 1216 cujus
898 1163 969 1202 illa
993 1168 1093 1201 sunt
1115 1161 1267 1201 verba:
1293 1160 1512 1212 “Magnas

46 1236 249 1276 diabolus
291 1239 346 1277 ad
389 1238 695 1290 imperandum
741 1238 813 1285 eis,
858 1250 968 1289 quos
1012 1235 1192 1275 omnino
1231 1234 1323 1286 jam
1366 1233 1513 1285 coepit,

47 1310 243 1362 possidet
263 1312 384 1358 vires,
407 1313 535 1352 timet
567 1326 620 1352 ne
654 1312 866 1351 morando
898 1310 1018 1350 locus
1051 1308 1324 1361 poenitentiae
1357 1306 1513 1356 detur3

49 1389 92 1424 et
141 1386 264 1437 quasi
314 1400 339 1426 a
389 1386 652 1426 temulentia
693 1392 885 1425 mentem
930 1396 1054 1423 suam
1108 1382 1266 1422 rectius
1312 1381 1513 1433 cogitans

49 1457 184 1498 homo
218 1459 382 1512 eripiat,
419 1474 471 1500 ea
507 1461 563 1500 de
600 1473 731 1500 causa
763 1458 941 1498 festinat
975 1463 1018 1497 et
1055 1455 1250 1509 impellit.
1320 1455 1437 1494 Nam
1471 1461 1515 1494 et

51 1531 226 1583 Judam,
268 1546 368 1573 cum
409 1540 510 1586 post
551 1547 712 1586 panem
757 1532 1032 1585 separaverit,
1067 1537 1160 1570 tum
1195 1542 1376 1578 moram,
1419 1534 1514 1569 tum

50 1604 368 1647 benedictionis
409 1608 615 1647 virtutem
659 1608 830 1654 timens,
879 1619 932 1645 ne
985 1603 1218 1645 scintillam
1271 1604 1314 1643 in
1366 1603 1515 1643 animo

53 1678 148 1731 ejus
181 1682 451 1731 accenderet,
483 1695 533 1721 ac
569 1681 669 1721 inde
703 1679 968 1720 illuminaret
997 1684 1040 1718 et
1073 1678 1129 1718 ad
1168 1678 1348 1718 meliora
1383 1683 1516 1717 retra·

52 1752 184 1803 heret,
242 1768 404 1808 magna
454 1756 728 1808 praecipiten1
781 1754 872 1806 agit
923 1752 1154 1792 celeritate.
1251 1752 1363 1791 Haec
1413 1758 1516 1792 sunt

53 1827 184 1879 igitur
212 1828 254 1868 in
285 1828 462 1878 Satana‚
493 1842 570 1868 cur
596 1843 621 1868 a
649 1828 773 1868 nobis
802 1827 1064 1866 metuendus
1092 1832 1136 1865 et
1162 1824 1381 1865 cavendus
1409 1825 1473 1865 sit.

138 1899 249 1953 Quae
293 1902 469 1954 quidem
514 1908 614 1942 octo
665 1902 721 1941 ad
774 1907 962 1953 quatuor
1013 1899 1288 1952 potissimum
1342 1905 1516 1939 revocat

54 1974 96 2016 S.
121 1974 330 2025 Thomas,
374 1982 421 2016 ut
463 1976 573 2016 infra
614 1975 839 2015 dicemus:
882 1973 1046 2014 scilicet
1086 1974 1142 2013 ad
1184 1972 1513 2025 perversitatem

49 2048 226 2097 diaboli,
267 2050 369 2101 quia
410 2049 710 2099 adversarius;
744 2049 800 2089 ad
838 2047 1140 2087 fortitudinem
1178 2052 1220 2087 et
1258 2046 1515 2100 potentiam,

51 2122 153 2174 quia
194 2122 289 2173 leo;
337 2123 392 2163 ad
435 2123 620 2163 esuriem
664 2129 707 2163 et
749 2121 1063 2171 crudelitatem,
1106 2122 1209 2173 quia
1254 2122 1429 2173 rugiens
1471 2128 1516 2163 et

52 2196 262 2246 devorat3
295 2197 350 2237 ad
384 2196 723 2237 sollicitudinem
757 2203 800 2236 et
829 2195 1112 2248 vigilantiam,
1142 2195 1246 2247 quia
1282 2195 1433 2235 circuit
1471 2200 1515 2236 et

51 2270 217 2322 quaerit.
282 2272 363 2311 Est
404 2271 535 2324 igitur
576 2283 844 2324 magnopere
886 2269 1159 2319 metuendus,
1202 2274 1251 2309 ut
1292 2282 1380 2309 non
1420 2269 1514 2310 sine

47 2356 178 2384 causa
200 2350 429 2398 tantopere
457 2345 655 2385 hortatus
679 2344 897 2384 Dominus
919 2357 1020 2384 suos
1043 2343 1279 2396 discipulos
1300 2343 1512 2394 videatur,

53 2423 101 2457 ut
138 2424 312 2459 orarent
349 2432 403 2459 ne
439 2419 482 2459 in
520 2419 811 2459 tentationem
849 2418 1120 2468 inciderent;
1161 2417 1430 2471 eosdemque
1467 2425 1511 2460 et

49 2503 129 2530 nos
161 2492 204 2531 in
237 2492 287 2532 iis
319 2506 441 2533 orare
470 2506 569 2533 cum
603 2493 763 2542 docuit,
786 2497 1034 2532 extremam
1066 2492 1326 2545 petitionem
1356 2498 1510 2533 contra

47 2564 210 2606 diaboli
233 2567 521 2608 tentationem
552 2568 666 2608 hanc
688 2567 814 2607 nobis
835 2567 1008 2607 statuit:
1036 2567 1127 2606 “Et
1149 2579 1203 2606 ne
1226 2580 1305 2606 nos
1327 2566 1509 2607 inducas

47 2639 90 2679 in
128 2641 431 2692 tentationem,
467 2641 544 2682 sed
582 2641 718 2682 libera
756 2655 834 2682 nos
876 2655 901 2681 a
944 2640 1094 2690 1nalo,'’
1134 2640 1205 2680 ubi
1247 2641 1302 2680 de
1343 2640 1507 2680 diaboli

45 2715 291 2755 tentatione
313 2716 582 2756 mentionem
612 2729 706 2755 esse
737 2714 814 2757 SS.
833 2715 1010 2755 Patrum
1041 2727 1278 2755 consensus
1300 2714 1502 2754 ostendit.

48 2787 196 2842 Quare
232 2802 331 2829 cum
365 2795 408 2830 et
443 2802 581 2842 genus
616 2790 758 2842 ipsum
792 2788 1086 2829 tentationum
1120 2787 1339 2827 interdum
1376 2800 1508 2839 grave

304 2868 315 2887 ¹
337 2870 403 2910 Job
425 2878 478 2910 41.
744 2869 757 2887 ‘⁶'
782 2870 877 2910 Frag.
896 2880 933 2901 ex
959 2869 1034 2900 Cat.
1050 2868 1155 2900 Graec.
1172 2868 1242 2899 Par.

220 2940 253 2969 N
