1903 3197
638 163 719 209 De
749 163 1004 210 Examina
1457 175 1480 205 2
1488 162 1515 204 6
1526 171 1550 217 7

93 295 331 345 obnubilat,
355 301 402 336 ut
429 295 716 348 praecedentis
748 295 916 347 peccati
946 295 1101 333 merito
1124 293 1258 346 <quod
1289 291 1551 345 poenitentia

96 382 183 408 non
212 367 354 420 diluit)
378 368 509 408 etiam
539 368 582 407 in
611 367 706 407 aliis
727 365 915 407 cadat.”1
977 365 1251 406 Confirmant
1280 370 1427 404 autem
1454 363 1550 403 haec

96 453 147 480 ea
188 454 286 493 quae
328 441 531 480 dicuntur
581 440 623 479 in
666 438 912 479 Collatione
960 437 1156 477 Theonae
1197 437 1389 476 Abbatis
1431 435 1550 489 apud

98 513 382 555 Cassianum:
436 512 653 565 “Quanto
704 510 880 564 magis‚'’
922 511 1073 563 inquit,
1118 509 1385 562 “profecerit
1426 521 1551 548 mens

93 586 297 635 humana,
341 592 384 626 et
425 586 480 626 ad
529 585 837 638 simpliciorem
880 582 1263 636 contemplationis
1304 581 1551 634 pervenerit

93 660 341 711 puritatem,
365 664 489 699 tanto
518 672 564 698 se
592 657 931 698 immundiorem
954 656 1077 709 quasi
1106 669 1184 708 per
1212 654 1437 707 speculum
1460 667 1550 693 suae

93 733 295 786 puritatis
317 731 550 785 inspiciet.''
613 731 672 771 Et
699 731 1032 771 Bonaventura:
1066 727 1281 781 “Quanto
1304 727 1400 780 quis
1423 726 1552 767 fuerit

92 812 239 846 mente
270 805 504 858 purgatior,
528 811 654 845 tanto
685 818 731 845 se
761 804 1048 844 sordidiorem
1078 802 1256 851 videbit,
1286 806 1330 842 et
1362 800 1551 853 majores

93 891 246 918 causas
266 877 527 918 humilitatis
550 875 800 918 inveniet.”2
861 876 1031 916 Idcirco
1054 874 1442 916 animadvertimus
1464 887 1550 922 eos,

93 951 166 1003 qui
199 951 254 991 ad
288 950 564 1004 Religionem
597 956 791 991 recentes
822 950 1013 998 veniunt,
1044 962 1130 989 non
1161 948 1323 988 habere
1355 960 1552 1000 persaepe

94 1023 214 1076 quod
255 1023 450 1064 confiteri
487 1029 661 1075 queant,
699 1037 798 1063 cum
834 1028 983 1063 tamen
1025 1028 1126 1074 post
1162 1034 1333 1060 menses
1370 1020 1553 1072 aliquos,

94 1096 251 1149 quibus
293 1109 339 1136 se
380 1097 497 1148 ipsos
537 1096 754 1136 discutere
795 1101 1088 1143 assueverunt,
1137 1094 1275 1134 multa
1322 1093 1550 1146 reperiant.

94 1168 248 1221 Atque
288 1168 383 1208 haec
420 1174 486 1209 est
522 1183 652 1209 causa
688 1182 764 1209 cur
797 1169 875 1208 viri
912 1169 1051 1208 sancti
1089 1168 1242 1220 plenos
1278 1166 1470 1207 clament
1506 1180 1553 1206 se

96 1256 190 1282 esse
221 1242 422 1294 peccatis,
445 1242 546 1294 quia
576 1255 674 1281 curn
698 1242 895 1294 quotidie
923 1255 969 1281 se
997 1247 1182 1293 arguant
1211 1247 1255 1280 et
1283 1240 1553 1288 examinent,

96 1328 148 1355 ea
188 1314 391 1354 nimirum
445 1315 488 1353 in
530 1327 576 1354 se
627 1315 707 1367 ipsi
759 1314 1005 1366 dispiciunt,
1048 1327 1147 1366 quae
1199 1312 1554 1366 imperfectorum

95 1387 323 1427 hominum
365 1386 512 1436 oculis,
555 1387 628 1439 qui
678 1401 724 1427 se
775 1388 892 1440 ipsos
943 1387 1124 1428 scrutari
1176 1386 1413 1438 negligunt,
1466 1398 1553 1424 non

96 1466 318 1513 apparent.
369 1460 477 1500 Ideo
498 1460 562 1500 vir
582 1460 881 1500 sanctissimus
904 1459 1113 1512 Ephraem
1136 1460 1191 1499 de
1213 1472 1259 1498 se
1281 1459 1374 1511 ipse
1395 1458 1556 1498 fatetur

95 1533 203 1573 hoc:
242 1533 630 1585 “Iniquitatibus,”
666 1534 818 1585 inquit,
853 1536 959 1572 “me
992 1539 1156 1573 scatere
1185 1532 1419 1584 comperio,
1448 1531 1554 1570 dum

98 1619 169 1646 me
221 1607 364 1659 ipsum
417 1604 690 1646 examino.'’3
771 1606 830 1646 Et
882 1606 1157 1645 Bernardus:
1210 1604 1296 1645 “Si
1348 1617 1420 1644 me
1470 1617 1556 1644 non

99 1679 292 1731 inspicio,
345 1679 491 1719 nescio
542 1692 613 1718 me
663 1679 842 1731 ipsum.''
925 1678 984 1718 Et
1037 1692 1171 1718 mox:
1228 1677 1445 1730 “Quanto
1487 1690 1557 1717 me

99 1752 299 1793 subtilius
341 1758 384 1792 et
425 1752 583 1804 saepius
625 1752 822 1799 discutio,
858 1757 982 1791 tanto
1023 1752 1169 1804 plures
1205 1751 1556 1790 abominationes

101 1826 144 1865 in
167 1825 338 1877 angulis
360 1825 502 1864 cordis
524 1825 609 1864 mei
639 1823 870 1864 invenio.”4
929 1823 1085 1864 Abbas
1116 1824 1328 1871 Zosimus,
1353 1829 1400 1863 ut
1429 1823 1558 1863 refert

103 1898 367 1945 Dorotheus,
411 1911 510 1937 cum
553 1911 598 1937 se
639 1903 914 1950 peccatorem
955 1897 1130 1945 diceret,
1172 1896 1310 1936 voluit
1360 1896 1557 1949 sophista

100 1971 352 2024 diligentius
394 1971 622 2023 exquirere
664 1971 736 2022 qui
779 1976 927 2023 posset
968 1970 1029 2009 ita
1065 1970 1120 2009 de
1156 1983 1202 2009 se
1237 1969 1422 2010 sentire:
1461 1969 1558 2009 “Et

105 2044 284 2093 nonne,’'
307 2044 459 2096 inquit,
486 2043 662 2083 “divina
691 2043 899 2083 mandata
927 2043 1094 2096 optime
1116 2041 1376 2095 comples?''
1438 2041 1559 2094 Quo-

104 2118 238 2157 modo
275 2117 416 2169 igitur,
454 2116 595 2169 legem
632 2130 732 2156 cum
770 2130 922 2165 serves,
958 2122 1232 2169 peccatorem
1270 2123 1313 2156 te
1354 2121 1483 2168 putas
1515 2122 1560 2156 et

101 2204 244 2231 vocas.
329 2189 410 2229 Ille
458 2189 562 2241 quid
605 2190 660 2229 ad
703 2203 754 2229 ea
795 2190 1078 2242 responderet
1119 2202 1343 2241 nunquam
1386 2189 1560 2238 invenit,

105 2265 181 2304 sed
223 2269 371 2304 tamen
414 2264 503 2303 ait:
556 2263 674 2315 Quid
712 2263 767 2303 ad
810 2263 904 2303 haec
945 2263 1023 2302 tibi
1065 2263 1220 2312 dicam,
1262 2263 1426 2314 ignoro,
1470 2275 1562 2302 rem

105 2343 257 2378 tamen
286 2338 347 2377 ita
369 2350 414 2376 se
442 2337 602 2377 habere
623 2343 740 2377 certo
763 2338 862 2377 scio.
928 2336 1039 2376 Cum
1063 2335 1259 2389 sophista
1281 2335 1563 2375 nihilominus

108 2417 291 2464 urgeret.
346 2410 495 2451 Senex
527 2410 711 2451 Abbas:
745 2411 851 2450 “Ne
883 2424 954 2450 me
984 2409 1240 2462 pervertaS,''
1274 2410 1425 2461 inquit,
1445 2413 1563 2462 “ego

104 2489 220 2524 certe
251 2484 312 2523 ita
343 2483 518 2524 sentio.”

193 2556 362 2608 Quarta
384 2557 549 2596 utilitas
579 2563 644 2596 est
673 2570 908 2609 agnoscere
929 2557 1139 2596 universae
1161 2557 1263 2595 vitae
1284 2568 1562 2608 progressum

110 2635 155 2669 et
191 2643 447 2681 regressum,
479 2630 723 2683 profectum
761 2636 804 2670 et
840 2630 1072 2679 defectum,
1105 2630 1294 2681 denique
1334 2642 1380 2668 se
1422 2629 1564 2680 ipsum

108 2709 281 2753 totum;
313 2716 370 2742 ex
402 2717 489 2755 qua
522 2704 771 2756 cognitione
803 2703 990 2756 plurima
1020 2703 1253 2743 commoda
1281 2702 1336 2742 ad
1370 2701 1563 2740 animum

110 2777 307 2826 redeunt,
331 2790 417 2816 non
447 2778 563 2816 enim
595 2777 638 2816 in
671 2777 945 2819 excutiendis
977 2777 1102 2816 nobis
1135 2777 1238 2828 ipsis
1261 2776 1365 2814 vitia
1394 2780 1565 2814 tantum

149 2863 163 2883 ¹
179 2865 265 2897 Mor.
283 2865 308 2897 1.
320 2871 371 2906 25.
390 2876 416 2897 c.
433 2873 463 2905 9.
555 2864 569 2884 ²
586 2865 682 2907 Spec.
700 2867 789 2898 Disc.
883 2864 897 2884 3
914 2867 982 2898 Ser.
1000 2874 1030 2898 2.
1047 2867 1088 2897 de
1106 2866 1198 2896 Poen.
1290 2863 1304 2882 4
1320 2864 1410 2896 Med.
1427 2875 1454 2896 c.
1473 2872 1520 2896 12.
