1903 3197
665 173 744 218 De
776 173 1030 220 Examina
1482 189 1504 219 2
1513 189 1541 231 9
1549 185 1572 231 5

114 305 257 345 minus
292 305 430 358 egisse
468 303 719 356 intelligunt
753 303 974 343 tristitiam
1014 304 1247 356 requirunt,
1282 304 1484 357 indignos
1525 317 1571 344 se

111 378 345 428 aestimant,
376 383 418 417 et
454 390 580 430 paene
617 375 696 416 soli
734 376 850 416 bona
886 389 964 415 sua
1000 389 1087 416 non
1119 377 1280 425 vident,
1310 391 1407 429 quae
1446 378 1487 416 in
1525 391 1571 418 se

110 451 302 492 videnda
333 450 536 491 omnibus
568 450 623 490 ad
658 448 913 502 exemplum
946 448 1202 502 praebent.'’¹

200 524 466 577 Respondeo
508 524 649 576 igitur,
682 523 800 563 bona
841 527 991 562 nostra
1032 522 1202 562 duabus
1236 523 1290 562 de
1332 523 1473 563 causis
1514 522 1569 563 ad

112 597 369 639 memoriam
411 596 656 637 revocanda
703 609 789 636 non
837 608 941 644 esse,
985 594 1061 636 sed
1104 600 1292 647 quatuor
1332 595 1388 634 de
1430 595 1570 635 causis

109 685 249 725 posse,
293 672 381 711 imo
428 675 641 722 oportere,
682 682 732 709 ea
774 669 974 709 revocari.
1058 668 1338 715 Revocanda,
1376 667 1568 720 inquam,

110 759 198 790 non
241 750 352 793 sunt,
394 749 445 784 10.
482 756 536 783 ne
579 756 658 783 nos
701 741 949 791 extollant3
992 742 1110 794 quod
1148 741 1383 794 Gregorius
1420 739 1571 780 admo-

109 824 217 860 net:
272 818 430 858 “Dum
481 815 701 866 vivimus,’'
755 816 907 868 inquit,
951 815 1200 855 “debemus
1253 814 1371 855 bona
1422 818 1570 854 nostra

109 906 135 933 a
167 893 377 933 memoria
416 891 634 945 repellere,
669 905 722 931 ne
757 887 1035 931 0κῖο113ηῒΓ2
1098 895 1152 930 20.
1187 889 1255 929 Ne
1292 888 1569 929 securitatem

108 967 293 1021 pariant,
332 981 429 1020 quae
482 972 622 1006 mater
667 971 732 1005 est
779 963 1069 1017 negligentiae,
1113 970 1170 1011 ut,
1214 969 1257 1003 et
1303 962 1419 1003 idem
1467 961 1570 1002 alibi

110 1041 346 1094 Gregorius
380 1040 439 1080 ait
459 1055 466 1089 3
501 1045 543 1080 et
565 1040 697 1092 paulo
720 1044 833 1087 ante,
858 1051 957 1078 cum
980 1037 1121 1076 dixit:
1155 1036 1317 1076 “Bona
1338 1049 1436 1088 quae
1459 1036 1571 1076 fece-

109 1119 208 1155 runt
231 1114 286 1154 ad
317 1113 512 1154 animum
540 1118 753 1161 revocent,
777 1110 1020 1152 securitatis
1039 1110 1131 1163 jam
1156 1110 1307 1150 laetitia
1334 1107 1569 1150 exultent.''

196 1187 400 1240 Quatuor
430 1193 576 1226 autem
609 1186 666 1226 ob
691 1199 843 1226 causas
877 1185 1146 1238 inspicienda
1179 1197 1494 1236 nonnunquam
1528 1188 1570 1223 et

108 1261 425 1302 consideranda
463 1266 592 1308 sunt;
637 1265 687 1297 10.
725 1264 773 1298 ut
810 1264 997 1311 agantur
1033 1264 1076 1297 et
1111 1257 1428 1310 expendantur,
1457 1256 1571 1308 quia,

106 1339 154 1374 ut
197 1333 353 1373 eodem
397 1332 494 1372 1000
540 1332 776 1384 Gregorius
823 1332 912 1371 ait:
951 1331 1172 1370 “Habent
1218 1331 1300 1370 hoc
1343 1330 1568 1382 proprium

111 1408 248 1447 sancti
282 1407 372 1455 viri,
411 1411 457 1446 ut
499 1406 615 1445 bona
657 1419 754 1457 quze
797 1410 934 1457 agunt
968 1403 1157 1451 videant,
1195 1409 1238 1442 et
1279 1408 1428 1443 tamen
1471 1415 1571 1443 cum

106 1480 365 1533 peregerint,
399 1479 456 1519 ab
499 1492 648 1518 eorum
692 1478 903 1517 memoria
941 1476 1089 1517 oculos
1127 1475 1360 1516 ave1·tant.''
1415 1482 1471 1515 20.
1508 1475 1572 1516 Ut

106 1566 164 1592 ex
206 1553 311 1605 ipsis
352 1551 477 1591 bonis
520 1551 674 1591 rubore
716 1551 861 1603 potius
910 1550 1236 1603 perfundamur,
1275 1563 1408 1602 quam
1451 1548 1570 1589 inani

103 1625 244 1678 gloria
290 1625 530 1665 efferamur.
610 1623 832 1676 Quoniam
880 1637 958 1663 nec
1007 1637 1058 1664 00
1106 1637 1243 1676 usque
1289 1623 1483 1676 perfecta
1529 1627 1573 1662 et

107 1697 309 1738 absoluta
346 1703 457 1746 sunt,
496 1703 539 1737 et
575 1698 694 1750 quod
732 1697 963 1737 debuimus
1006 1697 1146 1738 facere
1188 1697 1398 1745 fecimus;
1437 1696 1571 1748 juxta

108 1771 153 1811 id
176 1771 292 1823 quod
316 1771 376 1810 ait
400 1771 647 1810 Bernardus
670 1771 711 1809 in
737 1770 931 1810 Cantica.
985 1770 1085 1822 Qui,
1110 1784 1208 1810 cum
1232 1770 1418 1809 dixisset
1441 1769 1484 1808 in
1506 1767 1572 1808 sui

107 1844 377 1884 discussione
399 1857 476 1884 sua
509 1858 554 1883 se
584 1844 699 1883 bona
732 1858 781 1883 ac
815 1844 931 1884 mala
959 1843 1269 1895 judicaturum,
1300 1843 1450 1882 statim
1472 1841 1572 1883 sub-

103 1918 237 1970 jecit:
272 1920 293 1937 “
312 1917 363 1956 In
396 1917 522 1957 bonis
554 1917 608 1956 de
642 1930 712 1956 me
743 1917 967 1957 humiliter
997 1916 1194 1964 sentiam,
1230 1923 1273 1956 et
1299 1915 1432 1968 juxta
1462 1929 1572 1969 prae-

108 1996 286 2043 ceptum
320 1990 512 2038 Domini,
545 2004 717 2030 servum
752 2004 821 2030 me
854 1989 1053 2030 inutilem
1091 1988 1364 2043 reputabo.''3
1425 1995 1481 2041 30.
1506 1989 1573 2031 Ut

104 2064 268 2116 gratias
306 2076 488 2115 agamus
527 2063 636 2112 Deo,
670 2063 737 2103 eui
776 2069 957 2116 accepta
990 2062 1215 2103 referimus
1254 2063 1371 2103 bona
1408 2069 1568 2112 nostra,

106 2141 154 2176 ut
188 2149 245 2175 ex
281 2135 441 2176 Basilio
479 2143 522 2177 et
556 2136 873 2189 Chrysostomo
906 2150 1036 2189 supra
1067 2136 1351 2190 percepimus.
1413 2143 1472 2187 40.
1508 2136 1573 2179 Ut

104 2223 332 2249 sumamus
369 2209 538 2249 animos
569 2209 638 2249 vel
680 2210 723 2248 in
756 2209 845 2249 vita
882 2210 937 2249 ad
976 2209 1143 2262 majora
1186 2210 1390 2262 gerenda,
1422 2209 1492 2251 vel
1529 2210 1572 2250 in

105 2288 246 2323 morte
280 2283 336 2323 ad
371 2283 703 2335 concipiendam
738 2296 869 2335 opem
905 2283 1079 2323 Divinae
1115 2283 1432 2324 misericordiae.
1493 2283 1571 2324 Ad

104 2356 274 2408 majora
302 2356 495 2408 gerenda
517 2357 704 2409 sumpsit
733 2357 905 2397 animos
927 2356 1144 2409 Josaphat
1171 2371 1261 2406 rex,
1285 2371 1417 2410 quem
1447 2357 1572 2398 aiunt

105 2427 253 2469 Sacrae
277 2429 458 2470 Literae:
491 2429 633 2470 “Cum
657 2430 916 2483 sumpsisset
933 2444 1008 2470 cor
1024 2430 1117 2483 ejus
1139 2431 1370 2472 audaciam
1392 2436 1573 2484 propter

105 2500 198 2542 vias
231 2502 423 2551 Domini,
463 2504 594 2543 etiam
634 2503 810 2544 excelsa
848 2509 891 2544 et
927 2504 1048 2545 lucos
1085 2505 1140 2545 de
1176 2504 1294 2557 Juda
1330 2502 1572 2545 abstulit.”4

109 2572 346 2614 Eleazarus
376 2589 562 2628 quoque,
585 2589 754 2617 memor
782 2582 996 2618 anteactae
1026 2576 1304 2618 laudabiliter
1324 2577 1426 2618 vitae
1458 2577 1572 2630 opti-

104 2659 278 2700 maeque
294 2650 635 2690 conversationis
657 2664 683 2690 a
704 2664 852 2703 puero,
869 2664 924 2691 ne
945 2664 1023 2704 per
1044 2650 1371 2692 simulationem
1389 2650 1568 2702 quidem

103 2720 242 2762 voluit
274 2721 455 2774 obsequi
488 2723 590 2775 regi,
622 2723 809 2775 porcinis
842 2723 1074 2777 imperanti
1108 2723 1310 2764 carnibus
1335 2722 1461 2772 vesei,
1491 2722 1569 2764 secl

105 2793 246 2836 multo
265 2794 419 2836 maluit
440 2809 519 2849 pro
540 2797 807 2850 gravissimis
826 2802 870 2839 et
886 2797 1171 2839 sanctissimis
1192 2796 1362 2850 legibus
1383 2795 1570 2838 honesta

149 2882 162 2927 ξ
187 2884 274 2917 Mor.
294 2884 315 2918 1.
336 2893 388 2918 22.
409 2895 437 2917 e.
457 2885 489 2918 6.
559 2885 572 2905 2'
597 2886 716 2921 Moral.
731 2887 754 2920 1.
771 2896 823 2922 22.
840 2898 867 2921 c.
885 2893 914 2929 7.
979 2887 992 2908 3
1016 2888 1086 2921 Ser.
1108 2892 1159 2929 55.
1222 2886 1237 2907 ⁴
1259 2895 1290 2921 2.
1312 2885 1453 2928 Paralip.
1474 2891 1524 2927 17.
