1903 3197
297 125 325 167 6
334 133 393 180 74
613 118 693 165 De
728 116 917 164 ratione
949 115 1146 162 vivendi
1180 115 1446 162 Socz‘elatzs.

299 252 575 307 significetur.
641 251 700 293 Se
729 251 863 291 etiam
892 250 1104 302 offendit3
1139 250 1253 303 quia,
1279 256 1327 290 ut
1357 249 1417 290 ait
1447 250 1695 290 Bernardus
1727 250 1773 290 in

301 327 427 369 Cant.
469 327 558 368 Ser.
599 327 678 367 28:
724 326 921 367 “Omnis
958 325 1032 378 qui
1075 324 1278 373 detrahit,
1317 324 1508 377 primum
1545 337 1592 364 se
1628 324 1773 377 ipsum

301 402 449 457 prodit
471 415 660 441 vacuum
683 399 932 441 charitate.'’

389 477 538 516 Deum
590 481 740 516 autem
793 474 1006 524 offendit;
1059 475 1172 527 quia,
1227 479 1275 514 ut
1326 473 1486 514 dicitur
1537 473 1667 514 Rom.
1724 485 1776 515 1:

304 551 652 594 “Susurratores
694 556 738 591 et
774 550 1044 591 detractores
1083 550 1182 590 Deo
1217 547 1440 589 odibiles.'’
1505 549 1779 601 Impugnant

303 627 430 675 enim,
456 626 574 679 quod
599 625 642 665 in
664 624 919 665 hominibus
942 630 1064 664 amat
1087 624 1211 664 Deus
1234 636 1242 672 ;
1276 623 1561 663 concordiam
1584 623 1777 675 inquam,

302 713 589 753 amoremque
619 706 833 748 mutuum,
858 698 981 751 cujus
1004 698 1137 738 etiam
1167 704 1441 751 praeceptum
1472 697 1604 737 dedit.
1671 697 1780 737 Ideo

305 777 428 816 Prov.
453 775 499 816 6:
534 773 658 815 “Sex
681 779 784 814 sunt
805 787 904 826 quae
927 773 1021 813 odit
1044 772 1179 820 Deus,
1204 778 1248 812 et
1270 772 1511 825 septimum
1534 772 1780 812 detestatur

305 850 455 892 anima
487 849 607 902 ejus;
645 848 810 889 scilicet
842 848 915 900 qui
949 848 1140 887 seminat
1172 847 1285 886 inter
1316 845 1469 886 fratres
1501 843 1780 887 discordias.”

305 926 429 966 Talis
452 931 517 965 est
540 924 771 973 detractor,
797 928 839 963 et
863 936 1038 962 susurro
1058 935 1066 971 ;
1100 928 1148 962 ut
1171 935 1279 961 mox
1303 921 1510 962 dicemus.

396 999 555 1041 Glossa
578 999 621 1038 in
646 997 752 1038 illud
786 996 909 1037 Pauli
936 996 1052 1049 (Deo
1075 994 1291 1047 odibiles),
1317 994 1423 1035 “Ne
1454 994 1597 1043 levis,”
1628 993 1784 1051 inquit,

308 1078 330 1095 ‘⁰
345 1080 523 1128 putetur
545 1071 796 1121 susurratio,
818 1071 887 1111 vel
910 1070 1138 1120 detractio,
1162 1070 1265 1122 quia
1287 1069 1330 1109 in
1353 1069 1496 1110 verbis
1522 1075 1636 1119 sunt,
1658 1068 1785 1109 addit

309 1148 364 1189 de
401 1148 473 1196 eis,
509 1148 631 1188 ‘Deo
669 1145 877 1195 odibiles,’
918 1152 965 1186 ut
998 1144 1248 1198 intelligant
1280 1157 1327 1184 se
1357 1157 1435 1197 per
1466 1143 1606 1184 solam
1638 1157 1784 1183 susur-

308 1223 538 1271 rationem,
563 1228 607 1262 et
629 1221 949 1261 detractionem
973 1226 1184 1260 :eternam
1209 1219 1427 1259 incurrere
1448 1232 1578 1271 posse
1600 1217 1785 1258 damna-

308 1296 511 1339 tionem.”
578 1296 697 1337 Hinc
734 1301 811 1345 est,
847 1294 967 1348 quod
1005 1308 1083 1348 per
1121 1293 1283 1333 Isaiam
1323 1293 1445 1333 Deus
1482 1293 1705 1342 admonet,
1737 1298 1787 1333 ut

310 1373 346 1414 si
384 1373 482 1425 quis
520 1371 604 1412 Dei
648 1371 790 1410 lucem
833 1369 1031 1423 accipere
1073 1368 1188 1418 velit,
1226 1374 1270 1409 et
1305 1382 1331 1408 a
1367 1367 1560 1408 tenebris
1602 1367 1787 1418 liberari,

312 1448 486 1489 desinat
516 1446 757 1486 extendere
786 1445 976 1497 digitum
1007 1457 1147 1492 suum,
1172 1449 1215 1483 et
1243 1442 1460 1496 proximis
1482 1442 1570 1482 suis
1593 1441 1785 1495 obloqui.

313 1525 336 1542 “
354 1520 401 1562 Si
432 1520 701 1569 abstuleris,”
732 1519 884 1572 inquit,
910 1519 1001 1559 “de
1032 1519 1177 1558 medio
1200 1518 1263 1558 tui
1294 1523 1511 1565 catenam,
1535 1523 1578 1557 et
1606 1516 1787 1557 desieris

313 1597 555 1638 extendere
578 1596 767 1649 digitum
791 1601 928 1644 tuum,
946 1600 988 1634 et
1011 1594 1130 1646 loqui
1153 1593 1271 1646 quod
1303 1606 1391 1632 non
1413 1592 1603 1645 prodest,
1627 1592 1788 1632 orietur

314 1673 358 1712 in
381 1671 573 1712 tenebris
596 1670 675 1710 lux
699 1667 829 1710 tua.''1

405 1745 668 1792 Bernardus,
723 1743 813 1785 Ser.
860 1754 924 1794 24.
970 1743 1012 1782 in
1068 1742 1207 1790 Cant„
1243 1755 1319 1781 cur
1370 1741 1638 1781 detractores
1690 1740 1789 1782 Deo

316 1820 516 1870 odibiles,
550 1826 593 1859 et
631 1833 657 1859 a
695 1818 794 1858 Deo
832 1817 1071 1870 puniantur
1108 1817 1300 1856 rationes
1337 1815 1474 1856 affert.
1538 1815 1668 1868 Lege,
1703 1821 1730 1856 t.
1765 1816 1791 1857 i.

316 1910 356 1950 p.
406 1895 496 1948 169,
540 1895 579 1934 b.
633 1893 758 1933 Idem
812 1893 867 1932 de
912 1891 1192 1932 *clandestino
1235 1897 1279 1931 et
1319 1897 1538 1931 venenato
1589 1890 1794 1952 susurrio,

319 1971 411 2013 Ser.
436 1981 500 2023 29.

408 2044 669 2085 Proximum
736 2056 838 2083 vero
908 2041 1094 2081 offendit
1148 2040 1286 2080 tribus
1357 2040 1511 2080 modis.
1609 2046 1651 2079 10
1692 2041 1796 2093 quia

320 2120 443 2161 laedit
485 2133 571 2168 COS,
615 2119 775 2171 quibus
819 2116 1036 2157 detrahit:
1090 2122 1184 2155 tum
1226 2115 1434 2155 violando
1476 2115 1652 2165 famam,
1694 2129 1794 2168 quae

320 2195 485 2236 divitiis
528 2193 658 2245 longe
695 2191 934 2246 praefertur‚
975 2190 1131 2230 melius
1169 2196 1235 2230 est
1267 2190 1383 2229 enim
1421 2190 1586 2230 bonum
1620 2203 1795 2241 nomen,

323 2282 457 2322 quam
493 2268 686 2317 divitiae3
719 2273 813 2307 tum
849 2266 1087 2313 tristitiam,
1117 2278 1215 2317 quae
1250 2278 1307 2304 cx
1342 2278 1394 2304 eo
1428 2265 1633 2316 sequitur,
1667 2264 1796 2304 infer-

323 2343 465 2383 endo:
518 2342 745 2381 tristamur
786 2341 915 2388 enim,
961 2353 1058 2379 cum
1113 2339 1326 2378 sentimus
1368 2344 1565 2378 nostram
1617 2337 1796 2378 lacerari

323 2417 489 2457 famam
527 2422 569 2455 ct
605 2416 660 2455 ab
696 2415 854 2455 invidis
888 2428 967 2454 nos
1002 2413 1129 2466 carpi.
1195 2413 1302 2452 Ideo
1345 2412 1495 2464 lingua
1535 2412 1796 2452 detractoris

323 2492 514 2532 tonsoris
578 2490 737 2543 gladio,
792 2496 835 2529 et
885 2488 1060 2541 flagello
1117 2494 1407 2540 comparatur.
1497 2487 1646 2526 Acuto
1703 2487 1797 2539 qui-

325 2566 427 2606 dem
475 2565 663 2604 tonsoris
706 2565 867 2617 gladio,
911 2564 985 2616 qui
1029 2562 1242 2602 novacula
1283 2561 1451 2609 dicitur,
1495 2567 1542 2601 ut
1585 2560 1694 2600 Psal.
1731 2569 1795 2611 51.

325 2639 482 2678 “Tota
549 2640 620 2679 dic
689 2639 949 2691 injustitiam
1025 2636 1236 2689 cogitavit
1301 2636 1452 2689 lingua
1517 2643 1620 2675 tua:
1688 2636 1799 2676 sicut

327 2713 542 2753 novacula
586 2720 714 2753 acuta
757 2713 895 2752 fecisti
938 2711 1125 2751 dolum.''
1190 2710 1419 2751 Novacula
1471 2716 1617 2749 autem
1671 2715 1810 2754 acuta,

327 2794 508 2828 cunctos
532 2789 644 2841 pilos
669 2789 797 2828 simul
829 2787 1015 2837 abradit,
1041 2787 1113 2839 qui
1138 2792 1239 2826 sunt
1269 2785 1449 2825 humani
1480 2785 1634 2837 capitis
1658 2785 1803 2851 decus,

975 2877 986 2895 1
1015 2878 1078 2909 1³5..
1101 2876 1149 2918 55.
