1903 3197
309 212 401 255 226
628 209 707 255 De
740 211 932 257 ratione
964 211 1156 258 vivendi
1189 213 1452 261 Socz'elatz's.

302 340 428 381 bonis
463 346 580 381 recta
612 341 875 394 depravatur
910 344 1126 394 intentio;
1160 345 1332 397 quibus,
1364 351 1412 385 ut.
1446 345 1552 396 dixi,
1584 347 1771 389 totidem

305 416 422 456 mala
451 417 727 470 respondent,
751 431 938 470 quorum
973 424 1092 458 metu
1123 433 1149 458 a
1184 419 1330 471 pravis
1359 419 1606 460 actionibus
1636 421 1772 462 absti-

306 504 471 540 nemus,
495 491 642 544 potius
665 505 797 544 quam
832 493 914 533 Dei
947 491 1169 533 charitate.
1234 491 1419 544 “Quare
1440 493 1638 545 vigilanti
1671 508 1773 536 cura

304 564 698 617 (quemadmodum
752 566 987 619 Gregorius
1033 566 1274 618 admonet),
1319 579 1397 618 per
1437 572 1596 607 cuncta
1637 582 1772 621 opera

305 639 490 679 intentio
525 639 650 679 nobis
686 645 833 680 nostra
867 641 1093 693 pensanda
1125 646 1201 689 est,
1230 646 1278 680 ut
1312 639 1419 679 nihil
1450 641 1693 693 temporale
1727 642 1770 682 in

305 712 383 760 his,
408 727 506 765 qum
529 714 630 765 agit,
656 712 873 766 appetat.”
939 714 1166 754 Hactenus
1199 714 1254 753 de
1279 713 1598 766 temporalibus
1630 714 1770 761 bonis,

303 799 402 839 quae
444 787 530 827 vim
581 786 744 827 habent
786 787 1103 840 detorquendze
1151 793 1310 828 nostrae
1367 787 1526 827 mentis
1569 802 1595 827 a
1638 793 1767 829 recto.

305 861 518 901 Dicamus
558 861 649 912 jam
686 861 740 900 de
772 862 973 910 reter11is3
1009 868 1052 901 et
1085 862 1325 908 videmnus,
1363 875 1467 901 num
1507 867 1787 902 aeternorum:

305 949 381 987 spe
412 935 702 987 przemiorum,
727 940 801 974 aut
834 941 1097 974 :eternorum
1121 933 1434 986 suppliciorum
1464 940 1595 983 metu,
1621 940 1768 976 nostra

306 1015 380 1049 aut
404 1009 666 1061 depravetur
687 1014 762 1048 aut
790 1009 961 1060 impura
984 1008 1191 1047 reddetur
1213 1008 1408 1047 intentIo.

394 1084 558 1122 Verum
593 1082 710 1135 quod
754 1096 887 1135 prava
929 1096 1052 1122 mens
1095 1088 1242 1122 nostra
1285 1095 1370 1121 non
1414 1082 1480 1131 sit,
1518 1081 1553 1121 si
1595 1082 1683 1122 suis
1728 1083 1769 1122 in

306 1156 561 1204 actionibus,
604 1162 680 1196 aut
722 1157 951 1208 przemium
996 1162 1167 1209 spectat
1209 1161 1435 1203 aeternum,
1475 1161 1552 1195 aut
1593 1161 1769 1196 aeterna:

309 1229 492 1269 miserim
546 1229 707 1281 fugam,
750 1229 923 1282 planius
975 1235 1039 1270 est
1082 1243 1213 1282 quam
1267 1235 1314 1269 ut
1366 1229 1774 1270 confirmationibus

309 1309 444 1355 egeat.
510 1302 626 1355 Quia
659 1304 694 1342 is
717 1304 896 1343 tandem
930 1304 1027 1343 finis
1061 1309 1209 1343 noster
1231 1309 1296 1343 est
1328 1308 1504 1343 aetcrnae
1526 1304 1628 1343 vita:
1662 1317 1774 1356 prce-

308 1377 457 1426 111111111,
481 1391 568 1429 quo
591 1378 734 1417 omnis
768 1383 915 1417 nostra
947 1378 1072 1425 actio,
1096 1383 1308 1430 tanquam
1340 1377 1395 1417 ad
1426 1391 1552 1416 suum
1576 1390 1770 1430 scopum,

309 1450 539 1503 dirigenda
562 1457 636 1491 est.
703 1452 821 1503 Ergo
856 1452 889 1491 si
925 1451 1008 1491 huc
1032 1465 1155 1491 mens
1178 1452 1320 1491 omnis
1350 1451 1562 1500 intendat,
1589 1451 1773 1492 rectissi-

311 1538 384 1564 ma
416 1531 480 1564 est
516 1525 610 1576 ejus
644 1525 840 1573 intentio,
873 1538 959 1565 non
996 1540 1130 1578 prava
1164 1531 1239 1565 aut
1268 1525 1474 1577 obliqua;
1518 1525 1636 1577 quod
1672 1539 1775 1565 con-

310 1597 456 1637 firmat
499 1597 605 1637 illud
650 1598 821 1638 David:
855 1598 1102 1638 “Inclinavi
1146 1612 1220 1638 cor
1261 1611 1409 1638 meum
1452 1598 1507 1638 ad
1551 1597 1774 1638 faciendas

307 1670 642 1724 justificationes
677 1677 774 1711 tuas
818 1672 859 1710 in
902 1677 1128 1720 zeternum,
1163 1676 1343 1724 propter
1384 1670 1775 1711 retributionem.''1

314 1745 412 1783 Imo
450 1744 534 1783 huc
576 1758 730 1784 omnes
767 1745 1077 1796 promissiones
1112 1745 1207 1791 Dei,
1244 1743 1329 1784 huc
1370 1757 1601 1796 poenarum
1646 1745 1775 1785 minae

314 1818 566 1865 referuntur,
586 1823 632 1857 ut
655 1817 721 1856 his
745 1831 823 1857 nos
846 1832 871 1857 a
895 1817 1012 1857 malo
1035 1823 1199 1867 avocet,
1218 1816 1301 1857 illis
1324 1817 1379 1857 ad
1403 1817 1569 1857 bonum
1592 1823 1775 1858 revocet.

314 1891 373 1930 lit
395 1905 497 1931 vero
521 1896 696 1930 zeterna:
720 1891 819 1930 vitm
854 1891 981 1939 bona,
1004 1899 1243 1943 eorumque
1275 1890 1419 1930 studia
1451 1895 1551 1930 sunt
1584 1891 1780 1932 maxime

316 1964 550 2016 conjuncta
583 1978 682 2004 cum
705 1964 932 2004 voluntate
955 1964 1102 2004 divina
1122 1978 1130 2014 ;
1164 1965 1264 2013 imo,
1289 1964 1322 2003 si
1346 1976 1496 2003 verum
1529 1964 1778 2015 quaerimus,

315 2043 417 2077 sunt
451 2038 541 2090 ipse
576 2037 723 2077 Deus:
769 2036 938 2089 wigo?
975 2037 1126 2090 inquit,
1163 2039 1420 2089 “protector
1456 2042 1556 2075 tuus
1594 2050 1702 2085 sum,
1736 2043 1780 2077 et

316 2126 480 2151 merces
503 2117 578 2151 tua
602 2125 762 2164 magna
786 2110 976 2151 11111111ς.”2
1027 2111 1146 2162 Quin
1170 2116 1212 2150 et
1235 2109 1442 2162 Apostoli
1466 2109 1546 2162 ipsi
1570 2123 1648 2162 spe
1669 2123 1780 2162 prae-

317 2185 392 2225 mii
422 2184 734 2224 excitabantur
765 2185 996 2232 interdum,
1033 2184 1189 2236 quzerit
1221 2184 1337 2223 enim
1371 2197 1450 2236 pro
1480 2183 1686 2223 omnibus
1722 2197 1778 2224 ex

317 2272 395 2298 suo
421 2258 635 2310 Magistro
658 2257 956 2310 apostolorum
990 2258 1204 2309 Princeps,
1229 2257 1333 2309 quid
1367 2257 1460 2305 sibi,
1486 2257 1781 2310 relinquendis

318 2332 534 2381 omnibus,
577 2332 767 2371 futurum
817 2331 898 2370 sit:
952 2331 1103 2370 “Ecce
1146 2330 1261 2379 nOS,'’
1300 2331 1452 2383 inquit,
1493 2330 1784 2383 “reliquimus

318 2406 467 2446 omnia
490 2411 532 2445 et
561 2405 697 2444 secuti
730 2418 878 2444 sumus
908 2409 963 2453 te,
987 2404 1091 2456 quid
1123 2417 1225 2455 ergo
1258 2405 1338 2443 erit
1369 2402 1564 2444 nobis?”
1628 2403 1710 2444 Cui
1738 2410 1781 2445 et

322 2479 520 2521 Christus
539 2479 782 2532 respondet,
803 2477 1010 2531 przeclara
1027 2478 1307 2530 promittens:
1331 2476 1488 2527 “Vos,''
1507 2476 1659 2529 inquit,
1677 2477 1783 2530 “qui

320 2553 457 2594 secuti
481 2554 583 2592 estis
607 2566 687 2600 me,
713 2553 754 2591 in
780 2552 1106 2604 regeneratione
1128 2565 1227 2591 cum
1250 2551 1410 2591 sederit
1434 2550 1571 2591 Filius
1592 2550 1785 2592 hominis

318 2627 365 2667 in
397 2626 501 2667 sede
533 2625 776 2678 majestatis
808 2639 908 2673 suze,
942 2624 1149 2665 sedebitis
1182 2631 1224 2664 et
1245 2638 1323 2665 vos
1354 2638 1485 2678 super
1515 2623 1642 2665 sedes
1674 2623 1783 2665 duo-

323 2701 478 2751 decim,
511 2700 758 2752 judicantes
801 2699 1033 2738 duodecim
1070 2699 1208 2739 tribus
1252 2697 1453 2738 Isra'e'l.''³
1528 2697 1782 2738 Mercedem

322 2775 541 2829 promittit
578 2774 640 2825 iis,
664 2773 738 2826 qui
776 2786 862 2812 non
895 2778 985 2812 tam
1019 2773 1231 2822 mercede,
1263 2785 1396 2825 quam
1435 2771 1647 2812 charitate
1681 2770 1783 2812 duci

320 2849 614 2895 videbantur.
678 2845 766 2887 Sed
790 2846 891 2899 quia
924 2845 1198 2899 intelligebat
1228 2844 1312 2886 hoc
1334 2846 1468 2886 etiam
1495 2845 1784 2886 invitamento

596 2935 606 2960 ³
633 2935 717 2973 Psal.
743 2935 812 2973 118.
948 2934 960 2953 ‘⁰'
984 2936 1068 2968 Gen.
1093 2942 1140 2976 15.
1276 2934 1290 2955 ³
1314 2935 1435 2968 Matth.
1461 2942 1509 2975 19.
