1903 3197
223 140 318 188 700
542 127 623 173 De
654 127 845 173 ratione
878 126 1072 173 vivendi
1105 126 1364 174 Socz‘etatz’s.

219 260 349 301 nibus
381 260 706 314 compelluntur
736 261 854 301 bona
885 260 1037 310 facere,
1062 267 1107 301 et
1134 261 1289 301 eadem
1320 260 1575 302 hominibus
1605 275 1687 303 sua

217 335 337 375 facta
359 348 555 375 narrare:
586 335 663 375 sed
687 334 743 374 ad
766 348 867 375 eum
889 334 1022 375 finem
1055 335 1207 375 omnia
1238 335 1485 385 referentes,
1516 342 1565 376 ut
1594 350 1685 377 non

218 410 303 463 ipsi
326 410 492 450 eisdem
514 409 730 463 operibus,
754 409 830 449 sed
855 409 986 450 Pater
1007 423 1159 450 eorum
1182 410 1257 463 qui
1280 409 1404 450 coelis
1433 416 1499 450 est
1526 411 1687 452 debeat

217 483 487 537 glorificari.'’
549 484 609 525 Et
632 497 767 524 mox:
801 484 1176 538 “Compelluntur
1207 497 1333 524 suam
1361 485 1498 525 vitam
1531 485 1686 534 dicere,

220 564 269 599 ut
291 559 542 599 auditorum
565 572 744 598 suorum
766 558 945 599 valeant
964 559 1102 599 vitam
1125 558 1333 599 mutare.'’

308 632 368 673 Et
400 633 521 683 infra,
543 633 599 673 de
629 633 716 686 Job
747 633 880 674 dicit:
913 635 935 652 “
950 633 992 673 N
997 633 1259 674 escientibus
1281 634 1400 674 bona
1425 647 1507 674 sua
1532 633 1685 686 aperit,

221 713 271 748 ut
304 707 510 748 nimirum
545 708 764 748 discerent
798 721 886 747 non
924 714 1078 748 contra
1111 707 1204 760 ejus
1237 708 1374 748 vitam
1410 709 1686 762 increpantes

219 781 337 835 erigi,
368 783 444 822 sed
477 782 591 822 hanc
622 788 821 822 tacentes
853 781 1051 822 imitari.”
1133 782 1203 822 De
1239 796 1327 836 quo
1360 789 1405 823 et
1438 782 1685 837 Theophyl.

218 870 362 909 supra.
454 856 661 897 Utilitate
700 870 804 896 vero
844 856 1164 909 proximorum,
1207 863 1283 897 aut
1324 857 1479 897 alienae
1533 857 1686 898 salutis

220 930 414 984 dempta,
453 930 561 970 nihil
603 937 681 981 est,
719 931 839 983 quod
881 931 1021 971 sancti
1062 931 1142 971 viri
1184 945 1286 972 suas
1325 932 1463 972 velint
1502 933 1687 973 virtutes

221 1006 418 1058 prodere,
442 1005 533 1045 imo
564 1019 638 1045 eas
670 1004 905 1058 diligenter
936 1004 1171 1045 occultant.
1235 1005 1500 1047 Sanctorum
1524 1007 1688 1060 quippe

219 1080 410 1120 virorum
453 1086 530 1129 est,
564 1086 612 1120 ut
654 1079 771 1119 idem
811 1078 1049 1132 Gregorius
1090 1080 1253 1121 ibidem
1295 1081 1368 1130 ait,
1402 1081 1555 1122 “bona
1588 1095 1689 1135 quae

221 1154 414 1203 fecerint,
450 1154 681 1204 occultare,
716 1168 772 1194 ne
805 1154 1037 1207 contingat
1070 1168 1145 1194 eos
1179 1154 1353 1208 lapsum
1388 1156 1591 1197 elationis
1623 1157 1690 1197 in-

222 1228 427 1269 currere.’'
490 1228 638 1282 Quare
661 1235 705 1269 et
727 1228 890 1269 Paulus
912 1229 1016 1282 ipse,
1040 1242 1140 1269 cum
1164 1229 1207 1269 in
1230 1244 1294 1283 ep.
1314 1230 1371 1271 ad
1396 1230 1493 1272 Cor.
1515 1242 1548 1271 2.
1568 1246 1602 1271 c.
1625 1242 1689 1282 12,

222 1309 376 1343 contra
409 1302 841 1356 pseudo-prophetas
877 1303 1063 1356 loquens
1095 1304 1278 1344 virtutes
1312 1305 1501 1346 eximias
1537 1319 1691 1359 opera-

222 1378 355 1418 tionis
389 1392 480 1418 suae
513 1391 594 1431 pro
628 1377 942 1431 discipulorum
975 1378 1220 1419 eruditione
1254 1385 1460 1429 narraret,
1489 1379 1555 1434 (ut
1584 1379 1692 1421 Gre-

216 1453 370 1506 gorius
407 1453 623 1503 observat,
658 1452 682 1493 1.
722 1453 781 1492 18.
821 1452 931 1492 Mor.
969 1467 1003 1493 c.
1042 1452 1099 1504 7),
1133 1459 1336 1506 essetque
1371 1454 1428 1494 de
1462 1468 1509 1495 se
1545 1454 1691 1495 adhuc

225 1527 553 1568 admirabiliora
584 1527 767 1567 forsitan
799 1526 1033 1577 locuturus,
1057 1528 1114 1568 ab
1142 1527 1338 1568 humana
1360 1542 1406 1569 se
1427 1529 1558 1569 laude
1578 1535 1691 1570 tem-

226 1615 386 1656 perans
407 1602 583 1643 subdit:
616 1605 637 1621 “
651 1603 788 1642 Pareo
817 1608 977 1651 autem,
1000 1616 1055 1642 ne
1080 1602 1178 1655 quis
1209 1616 1281 1642 me
1311 1604 1538 1644 existimet
1558 1617 1692 1657 supra

227 1677 283 1726 id,
308 1677 426 1730 quod
458 1677 579 1717 videt
611 1677 653 1716 in
687 1690 769 1726 me,
796 1682 872 1716 aut
903 1675 1068 1728 aliquid
1101 1676 1226 1716 audit
1256 1691 1315 1716 ex
1347 1677 1454 1717 me.”
1517 1677 1692 1731 Quibus

226 1752 370 1792 verbis
405 1751 625 1805 significat
661 1764 887 1804 superesse
922 1750 1066 1791 adhuc
1103 1751 1269 1804 aliquid
1310 1752 1558 1802 dicendum,
1590 1767 1691 1794 cum

229 1826 311 1867 sibi
334 1832 488 1880 parcat
513 1827 666 1867 dicere.
731 1825 856 1867 “Sed
888 1826 979 1879 egit
1009 1831 1245 1879 utrumque
1277 1827 1448 1867 Doctor
1478 1829 1691 1881 egregius,

231 1907 279 1941 ut
301 1907 345 1941 et
367 1901 590 1954 loquendo
612 1915 711 1954 quae
734 1907 894 1954 egerat,
912 1900 1152 1953 discipulos
1168 1901 1424 1952 institueret,
1443 1909 1487 1943 et
1503 1903 1693 1943 tacendo

232 1989 332 2029 quae
353 1976 473 2029 loqui
499 1983 661 2030 posset,
685 1977 800 2016 intra
830 1975 1091 2016 humilitatis
1123 1990 1170 2017 se
1200 1977 1417 2018 cancellos
1448 1992 1499 2018 ac
1530 1978 1692 2019 limites

223 2050 499 2092 custodiret.'’

317 2125 415 2166 Nos
452 2131 612 2175 autem,
643 2125 717 2178 qui
754 2139 781 2165 a
817 2125 1052 2165 sanctitate
1088 2125 1219 2179 longe
1255 2127 1476 2177 absumus,
1506 2142 1562 2168 ne
1596 2134 1691 2168 tum

232 2200 411 2253 quidem
444 2213 544 2240 cum
575 2200 881 2253 proximorum
914 2200 1070 2240 suadet
1092 2201 1270 2252 utilitas,
1292 2201 1419 2242 facile
1440 2203 1495 2243 ad
1519 2209 1693 2243 nostras

228 2275 393 2325 laudes,
431 2289 531 2315 cum
574 2275 804 2328 loquimur,
842 2275 1136 2326 divertemus;
1178 2289 1234 2316 ne
1268 2290 1369 2316 cum
1406 2277 1694 2318 familiaribus

229 2350 426 2403 quidem,
449 2356 497 2390 ut
520 2350 769 2390 Bernardus
791 2349 1014 2399 admonet,
1039 2350 1083 2389 in
1116 2350 1153 2389 F
1155 2350 1326 2391 ormula
1345 2350 1544 2392 honestae
1564 2353 1695 2394 vitae:

229 2427 251 2443 “
279 2423 402 2464 Nihil
443 2437 638 2477 unquam
680 2424 736 2464 de
776 2429 821 2463 te
862 2423 1055 2476 loquaris
1095 2425 1213 2476 quod
1255 2424 1431 2466 laudem
1474 2427 1695 2480 importet,

232 2504 626 2551 quantumcunque
676 2498 734 2538 sit
785 2497 1012 2537 familiaris
1061 2498 1144 2547 ille,
1182 2512 1283 2539 cum
1329 2513 1418 2552 quo
1467 2500 1696 2554 loqueris.”

232 2573 342 2623 Imo,
361 2579 409 2613 ut
431 2579 583 2613 monet
600 2574 636 2612 is
653 2585 784 2626 quem
807 2572 914 2622 dixi,
935 2571 1171 2625 Gregorius
1192 2574 1236 2614 in
1253 2574 1442 2627 primam
1461 2575 1695 2628 Regulam,

228 2647 253 2688 1.
291 2655 326 2698 5.
360 2660 384 2687 c
415 2659 452 2698 4.
492 2653 537 2688 et
571 2659 646 2698 14:
689 2647 921 2688 benefacta
963 2653 1115 2687 nostra
1149 2647 1356 2700 praelatos
1388 2649 1522 2689 etiam
1554 2649 1697 2690 celare

229 2735 475 2774 possumus,
509 2736 609 2762 cum
646 2722 883 2762 elationem
918 2735 1072 2762 cavere
1107 2736 1195 2762 non
1228 2737 1473 2776 possumus.
1526 2723 1695 2777 “Quod

233 2796 382 2850 patri‚''
401 2797 554 2850 inquit,
575 2797 827 2850 “Jonathas
845 2810 1007 2850 pugnae
1025 2796 1198 2837 initium
1220 2797 1344 2848 celat,
1363 2798 1470 2839 illud
1492 2799 1698 2851 insinuat,

240 2871 344 2923 quia
375 2885 539 2925 magna
570 2886 669 2925 quse
701 2872 885 2925 agimus,
908 2870 1176 2924 quandoque
1206 2877 1386 2926 propter
1405 2872 1700 2916 humilitatem
