1903 3197
530 177 597 223 In
630 176 847 238 ngrulas
880 176 953 222 M
947 175 1140 223 odesliae.
1476 175 1570 230 649

112 308 371 349 secularium
409 323 530 350 more
565 310 758 359 reducto,
792 309 966 362 prodire
999 309 1129 348 velit:
1165 308 1199 347 si
1233 306 1339 355 haec,
1374 306 1568 357 inquam,

114 382 390 435 inaequalitas
413 397 464 424 ac
489 383 798 423 dissimilitudo
831 396 1001 423 morum
1032 383 1074 422 in
1107 380 1435 421 ambulantibus
1457 378 1571 419 binis

113 456 316 497 fratribus
339 458 601 506 observetur,
626 471 775 510 ecquae
797 457 977 497 tandem
1007 457 1118 496 ratio
1150 455 1294 495 decori
1326 451 1572 494 habeatur?

110 529 187 570 An
221 545 309 571 non
344 546 400 571 ex
435 532 561 571 unius
594 531 813 571 modestia
845 531 1022 570 alterius
1054 530 1280 582 turpitudo
1313 542 1364 568 ac
1395 526 1572 567 licentia.

113 606 254 657 magis
286 605 681 645 animadvertitur?
741 605 816 645 An
859 619 947 644 non
990 605 1131 656 magis
1172 609 1354 655 apparet
1397 602 1438 641 in
1481 614 1569 653 quo

113 678 319 719 decorum
341 679 537 727 violatur,
561 693 660 719 cum
690 685 756 719 est
783 693 806 719 e
836 679 1013 731 regione
1042 678 1115 730 qui
1146 677 1351 717 decorum
1377 675 1573 714 maxime

112 753 265 793 tenet?
338 753 484 806 Quare
520 754 669 794 danda
706 760 772 794 est
809 753 1019 793 alterutro
1055 766 1198 805 opera,
1235 757 1283 791 ut
1325 750 1574 790 alterutrius

112 828 373 868 modestiam
408 835 672 882 ornatosque
710 843 862 876 mores,
896 829 1000 868 dum
1036 828 1117 867 iter
1150 827 1263 876 facit,
1297 840 1376 878 pro
1409 824 1572 864 viribus

112 903 360 954 exprimat3
412 917 555 956 neque
597 903 703 944 satis
751 903 944 943 habeant
993 902 1027 942 si
1069 902 1158 942 bini
1202 900 1440 949 ambulent,
1493 898 1574 937 nisi

113 977 246 1017 etiam
279 979 478 1018 ordinem
512 978 555 1018 in
590 979 717 1019 rebus
746 978 913 1018 caeteris
945 991 1044 1029 quae
1077 975 1340 1016 modestiam
1373 974 1570 1026 gignunt,

115 1058 272 1092 exacte
303 1059 466 1093 curent.

231 1251 318 1290 DE
350 1250 685 1292 MODESTIA
717 1249 801 1289 AC
838 1247 1097 1288 DECORO
1129 1245 1457 1288 VESTITUS.

548 1360 612 1390 EX
646 1358 845 1390 REGULA
866 1357 967 1388 VHI.
992 1357 1092 1387 (ΖΑΓ.
1116 1360 1153 1397 4.

119 1440 336 1481 “VESTES
354 1442 440 1481 sint
463 1442 652 1489 mundae,
670 1446 712 1480 et
730 1453 829 1479 cum
848 1438 1048 1490 religiosa
1066 1437 1266 1476 decentia
1284 1434 1575 1488 compositae.”

119 1514 304 1554 Minime
340 1515 522 1554 dubium
565 1515 670 1567 quin
708 1514 905 1553 maxima
943 1512 1170 1551 modestiae
1205 1511 1298 1550 laus
1337 1511 1379 1549 in
1414 1510 1577 1549 amictu

118 1596 322 1629 versetur.
377 1589 494 1642 Quia
517 1604 573 1629 ex
598 1587 712 1628 Eccl.
736 1599 785 1639 19
804 1604 811 1627 :
845 1586 1078 1626 “Amictus
1101 1585 1293 1637 corporis
1316 1581 1578 1623 emmciant”

121 1663 176 1702 de
211 1662 400 1711 homine,
443 1670 674 1716 propterea
716 1662 872 1701 merito
913 1667 956 1700 et
998 1661 1052 1699 de
1094 1673 1145 1698 eo
1188 1658 1306 1710 quod
1344 1658 1386 1696 in
1422 1657 1582 1696 vestitu

122 1737 287 1785 deceat,
312 1751 338 1776 a
360 1737 456 1790 lege
477 1727 782 1790 praescribitur.
847 1735 949 1774 Duo
971 1740 1119 1774 autem
1150 1732 1222 1772 lex
1245 1732 1339 1772 haec
1362 1732 1583 1780 continet3

124 1810 328 1857 Primum,
372 1818 419 1851 ut
471 1812 647 1850 mundae
700 1811 786 1849 sint
836 1815 990 1848 vestes.
1074 1807 1337 1852 Secundum,
1386 1812 1432 1845 ut
1484 1818 1583 1845 cum

124 1885 326 1937 religioso
382 1886 542 1925 decoro
603 1885 872 1937 compositae.
975 1883 1044 1922 De
1096 1888 1280 1933 utroque
1331 1880 1586 1932 singillatim

120 1959 306 1999 breviter
336 1959 570 1999 dicendum
603 1960 691 1999 erit.

211 2034 455 2074 Mundities
479 2041 627 2074 autem
652 2035 694 2073 in
718 2033 836 2072 cultu
860 2032 1051 2085 corporis
1074 2030 1299 2070 conficitur
1316 2044 1371 2069 ex
1395 2029 1588 2079 duobus;

126 2107 326 2160 primum,
370 2122 424 2148 ne
467 2122 663 2161 respersa
706 2107 887 2147 maculis
924 2113 1056 2158 atque
1094 2106 1320 2158 inquinata
1357 2105 1412 2143 sit
1444 2104 1588 2151 vestis,

125 2182 295 2229 deinde,
321 2197 374 2222 ne
402 2183 532 2222 nimis
558 2183 699 2222 lacera
722 2188 854 2234 atque
883 2181 1033 2220 attrita
1056 2195 1063 2229 3
1097 2180 1231 2219 nimia
1254 2180 1369 2218 enim
1393 2184 1590 2218 vetustas

122 2257 271 2296 sordes
293 2257 521 2297 contrahit.

574 2381 639 2412 DE
670 2380 837 2411 VESTIS
870 2379 1135 2411 MUNDITIE.

210 2461 421 2515 Quinque
454 2464 508 2503 de
540 2464 682 2503 causis
708 2462 880 2502 videtur
908 2462 950 2501 in
973 2461 1167 2501 vestibus
1199 2460 1431 2512 diligenda,
1456 2465 1589 2511 atque

121 2537 393 2588 exquirenda
422 2538 668 2577 mundities.

213 2616 277 2649 Im.
313 2611 498 2663 Propter
531 2613 778 2651 convictum
812 2610 1134 2661 honestumque
1168 2621 1450 2660 congressum
1485 2621 1585 2647 cum

120 2683 386 2724 hominibus.
450 2685 568 2724 Nam
602 2698 702 2724 cum
735 2698 918 2737 agamus
951 2685 1063 2723 inter
1093 2682 1304 2729 homines,
1337 2681 1485 2720 danda
1519 2686 1587 2720 est

120 2771 265 2809 opera,
290 2771 343 2797 ne
366 2758 409 2797 in
433 2758 551 2798 cultu
581 2759 773 2812 corporis
803 2771 1038 2811 sequamur
1067 2757 1227 2803 sordes,
1252 2769 1349 2807 quae
1382 2754 1583 2794 homines

120 2844 146 2870 a
183 2832 309 2871 nobis
342 2839 568 2873 avertant:
601 2832 707 2872 nihil
740 2833 856 2872 enim
890 2832 1021 2872 debet
1055 2844 1149 2870 esse
1181 2831 1224 2869 in
1257 2829 1385 2869 nobis
1418 2830 1507 2869 sive
1539 2830 1583 2869 in

121 2906 326 2954 moribus,
365 2907 455 2946 sive
492 2907 535 2946 in
573 2912 758 2947 externa
794 2907 947 2959 specie,
982 2905 1098 2957 quod
1136 2904 1396 2956 cujusquam
1434 2903 1583 2943 oculos
