1903 3197
251 143 348 200 486
578 140 659 185 De
690 140 881 185 ralz'mze
915 139 1108 185 vivendi
1140 137 1402 185 Socz'elczlz's.

255 286 352 315 cere
368 270 437 329 3³”1
461 277 531 312 et:
556 274 578 291 “
594 271 780 311 Fructus
801 270 871 311 vel
893 270 1011 311 aliud
1034 270 1345 323 quodcumque
1368 269 1727 317 extraordinarie,

255 345 516 387 secularium
539 358 670 394 more,
689 344 931 394 comedere,
953 350 1108 397 patens
1131 350 1196 384 est
1218 342 1468 396 gulositatis
1490 342 1699 382 indicium
1717 355 1726 382 ε

257 418 475 473 siquidem
509 424 637 458 extra
669 418 778 458 duas
806 418 918 458 vires
948 419 991 457 in
1020 417 1102 466 die,
1127 417 1207 456 nisi
1240 416 1501 456 necessitate
1529 420 1725 467 cogente,

257 494 302 534 in
325 494 507 533 domum
529 491 598 532 vel
620 498 748 532 extra
769 492 1010 540 comedere,
1026 503 1272 544 puerorum,
1287 491 1376 530 imo
1399 488 1619 542 pecudum
1643 494 1729 528 est:

258 581 397 608 senex
419 566 563 619 legem
596 566 639 606 in
665 566 832 606 vicibus
858 565 1132 606 comedendo
1162 578 1250 604 non
1277 577 1466 611 servanS,
1491 562 1625 602 fertur
1653 574 1731 614 per

259 640 467 694 angelum
490 640 614 680 asino
636 638 951 693 comparatus.’'
1015 640 1181 688 Recte;
1215 638 1317 690 quia
1347 637 1569 678 asinorum
1592 641 1670 686 est,
1689 640 1734 676 et

258 714 513 766 hujusmodi
545 713 847 761 animantium,
872 726 981 765 quas
1014 719 1168 752 natura
1201 711 1362 763 abjecit
1389 710 1444 750 ad
1477 714 1664 762 pastum,
1687 708 1732 747 in

260 787 380 828 foeno
403 800 454 827 ac
482 786 619 839 paleis
642 798 814 838 semper
835 799 884 825 os
912 784 1074 825 habere
1097 782 1384 824 de1nersum.2
1444 783 1503 823 Et
1527 781 1733 822 Clemens

260 860 599 902 Alexandrinus
631 858 875 899 simillimos
907 858 1011 899 facit
1032 858 1151 910 pisci,
1176 871 1308 910 quem
1330 857 1461 910 graeci
1485 857 1637 897 dicunt
1659 856 1734 905 ὄνον,

261 935 306 976 id
359 940 435 983 est,
480 933 663 980 asinum,
707 933 781 984 qui
834 937 1029 972 mentem
1076 932 1119 970 in
1160 937 1313 970 ventre
1364 930 1532 977 infodit,
1576 928 1735 969 crebris

262 1008 428 1049 scilicet
450 1005 870 1056 comessationibus;
904 1004 1113 1058 quoniam
1138 1018 1195 1044 ex
1218 1003 1463 1043 Aristotele
1487 1002 1572 1042 hoc
1593 1002 1734 1042 solum

263 1080 427 1122 animal
449 1093 523 1120 cor
544 1079 679 1120 habet
701 1080 744 1119 in
766 1084 928 1120 ventre.

353 1154 473 1196 Olim
516 1154 655 1194 sancti
704 1153 855 1193 Patres
897 1166 952 1193 ne
993 1152 1137 1205 pueris
1179 1151 1359 1204 quidem
1403 1149 1571 1190 dabant
1620 1148 1735 1189 hanc

265 1229 452 1278 veniam,
487 1234 535 1268 ut
577 1235 705 1268 extra
747 1241 847 1267 suas
888 1226 1017 1267 horas
1054 1226 1219 1279 aliquid
1261 1225 1573 1277 degustarent;
1616 1222 1740 1275 cujus

271 1304 332 1344 rei
356 1302 613 1356 exemplum
647 1302 736 1355 peti
771 1307 918 1355 potest
940 1315 998 1341 ex
1020 1302 1110 1341 vita
1134 1299 1370 1347 Pachomii,
1392 1298 1515 1351 cujus
1541 1297 1742 1350 precibus

269 1378 457 1420 ficulnea
480 1378 698 1431 quaedam,
717 1390 850 1429 quam
874 1375 1025 1416 novitii
1049 1375 1230 1427 quidam
1252 1371 1568 1413 adolescentuli
1591 1370 1740 1410 furtim

274 1452 631 1500 conscenderant,
657 1451 868 1504 postridie
890 1450 1089 1490 exaruit:
1122 1448 1219 1500 legi.

362 1526 459 1566 Has
501 1532 650 1566 autem
692 1524 1036 1565 comessationes
1083 1527 1125 1562 et
1168 1520 1477 1574 intempestiva
1514 1517 1738 1571 jentacula

273 1605 591 1641 commemerat
644 1598 805 1645 Paulus
858 1597 913 1637 ad
967 1593 1225 1644 Romanos}
1276 1595 1388 1634 inter
1439 1606 1572 1645 opera
1622 1597 1743 1632 tene-

272 1675 461 1716 brarum.
526 1673 665 1713 “Non
708 1674 751 1712 in
789 1669 1218 1719 comessationibus,''
1255 1668 1408 1720 inquit,
1442 1669 1522 1707 “et
1559 1666 1742 1706 ebrieta-

276 1748 423 1798 tibus;
456 1747 532 1787 sed
568 1746 799 1786 induimini
836 1745 1080 1785 Dominum
1115 1743 1266 1795 Jesum
1303 1737 1563 1782 Christum.”

367 1822 487 1874 Ergo
522 1821 596 1874 qui
631 1820 674 1859 in
709 1819 921 1860 coenobiis
958 1817 1132 1859 Christo
1169 1815 1364 1856 Domino
1397 1814 1601 1862 serviunt,
1631 1812 1745 1864 gulae

279 1895 514 1949 cupiditati
538 1901 581 1934 et
604 1893 922 1947 intempestivis
953 1893 1062 1932 escis
1085 1891 1289 1931 nuntium
1313 1888 1540 1929 remittant
1560 1892 1745 1940 oportet,

276 1970 311 2010 si
335 1983 381 2010 se
404 1968 629 2021 religiosos
652 1968 736 2008 dici
759 1967 904 2008 velint.
962 1967 1063 2006 Hac
1093 1965 1209 2005 enim
1232 1962 1502 2004 continentia
1533 1960 1743 2014 praeditos

278 2044 412 2085 fuisse
449 2043 636 2094 legimus
669 2048 839 2082 veteres
872 2041 1060 2094 AEgypti
1096 2037 1347 2085 monachos,
1375 2036 1449 2089 qui
1484 2035 1610 2075 nobis
1644 2047 1743 2087 pro-

278 2117 410 2171 positi
441 2130 535 2156 esse
557 2116 721 2156 debent
743 2116 799 2155 ad
832 2114 1107 2154 imitandum.
1162 2113 1232 2152 De
1254 2108 1441 2164 quibus⁵
1463 2110 1524 2150 ita
1552 2108 1746 2160 loquitur

279 2191 543 2233 Cassianus:
593 2189 887 2241 “Antequam
929 2188 998 2228 vel
1048 2193 1285 2240 postquam
1337 2184 1580 2236 legitimam
1623 2195 1742 2222 com-

282 2277 463 2306 munem
501 2264 784 2303 refectionem
820 2260 1038 2315 (quisque)
1074 2260 1299 2313 percipiat,
1333 2270 1506 2298 summa
1542 2256 1746 2296 cautione

281 2344 487 2386 servatur,
512 2351 566 2378 ne
598 2343 725 2378 extra
759 2349 958 2376 mensam
982 2336 1219 2388 quicquam
1251 2333 1335 2372 cibi
1369 2331 1545 2385 penitus
1573 2330 1636 2370 ori
1665 2344 1745 2370 suo

284 2413 519 2466 quisquam
542 2411 768 2463 indulgere
790 2415 1055 2464 praesumat:
1089 2414 1136 2448 ut
1168 2406 1471 2447 incedentibus
1498 2418 1575 2458 per
1595 2403 1748 2445 hortos

281 2494 326 2528 et
367 2487 577 2540 pomaria,
622 2499 721 2525 cum
774 2485 938 2537 passim
985 2483 1236 2535 blandeque
1277 2495 1355 2534 per
1394 2480 1572 2520 arbores
1613 2491 1747 2531 poma

281 2561 522 2615 pendentia
563 2573 651 2599 non
693 2558 836 2599 solum
879 2557 1090 2610 objiciant
1130 2570 1177 2596 se
1227 2554 1478 2608 pectoribus
1519 2559 1747 2593 transeun-

280 2635 405 2683 tium,
428 2647 580 2675 verum
616 2634 748 2674 etiam
779 2638 916 2673 strata
949 2645 1027 2685 per
1048 2637 1208 2670 terram
1237 2627 1536 2669 conculcanda
1564 2626 1751 2680 pedibus

284 2710 484 2758 offerant,
507 2715 641 2761 atque
664 2707 719 2748 ad
744 2706 1041 2759 colligendum
1074 2710 1238 2758 parata,
1263 2702 1388 2743 facile
1409 2703 1466 2743 ad
1488 2713 1749 2742 consensum

367 2824 379 2843 ¹
406 2826 448 2856 In
466 2823 609 2865 Speculo
627 2823 718 2854 Dise.
833 2819 847 2838 ²
870 2822 906 2852 P.
925 2828 954 2861 3.
975 2831 1002 2852 c.
1022 2829 1053 2860 4.
1168 2818 1181 2837 ³
1205 2819 1225 2850 1.
1247 2827 1276 2850 2.
1298 2829 1325 2850 c.
1346 2826 1372 2849 1.
1487 2816 1501 2835 ‘¹
1525 2817 1587 2848 Ro.
1612 2823 1660 2855 13.

636 2873 649 2893 ⁵
679 2874 720 2905 In
746 2873 910 2905 Institutis
934 2871 1226 2910 Monachorum,1.
1247 2880 1278 2911 4.
1299 2881 1326 2901 c.
1350 2868 1397 2901 18.
