1903 3197
303 198 318 227 1
332 184 393 228 86
619 183 699 228 De
731 182 921 229 ratione
954 182 1146 229 vivendi
1178 183 1437 229 Socz'elatz's.

293 315 447 367 nisque
480 315 824 356 imbecillitatem
850 317 1023 356 auxerit
1043 331 1051 366 ;
1086 321 1235 355 tamen
1259 316 1353 367 ipsa
1377 320 1532 354 natura
1554 313 1756 363 hominis,

294 388 396 440 quia
431 402 488 428 ex
522 389 675 442 argilla
710 397 752 430 et
790 390 883 429 luto
917 389 1034 430 facta
1057 396 1132 437 est,
1156 389 1239 428 hoc
1275 389 1369 441 ipso
1405 387 1576 428 infirma
1613 393 1679 428 est
1713 393 1757 427 et

295 461 523 502 imbecilla.
550 463 609 502 Et
631 463 730 503 ideo
754 464 898 504 David
928 464 1231 503 infirmitatum
1263 462 1634 514 iniquitatumque
1657 474 1769 501 nos-f

293 542 458 576 trarum
495 551 672 577 causam
716 539 757 577 in
803 545 969 578 naturae
1012 538 1310 577 conditionem
1351 535 1491 583 refert,
1531 548 1630 575 cum
1669 535 1765 574 aits

294 613 315 629 ‘⁴
335 609 573 662 Quomodo
597 612 825 652 miseretur
852 618 977 664 pater
998 612 1198 656 filiorum,
1223 611 1424 650 misertus
1448 614 1513 648 est
1538 608 1756 648 Dominus

294 684 552 725 timentibus
574 700 619 725 se
639 701 646 733 3
684 686 893 738 quoniam
917 687 1009 738 ipse
1032 685 1238 738 cognovit
1260 685 1520 737 figmentum
1545 688 1757 729 nostrum,

295 758 546 798 recordatus
569 766 634 799 est
657 761 864 812 quoniam
889 761 1029 813 pulvis
1053 757 1259 799 siunus.’'1
1292 758 1350 798 Et
1372 758 1458 810 Job
1482 754 1760 804 “Me‘inento,

296 845 457 883 quaeso,
481 833 599 884 quod
623 834 733 873 sicut
756 834 895 873 lutum
921 833 1071 873 feceris
1095 831 1219 873 me.''2
1281 833 1388 872 Ideo
1412 831 1632 871 Dominus
1655 836 1756 883 post

295 913 522 958 peccatum
556 906 682 955 Adae,
718 922 816 947 curn
851 907 1011 947 multas
1045 907 1103 946 illi
1137 921 1293 959 poenas
1328 906 1619 958 imposuisset,
1653 918 1757 945 con-

295 979 431 1019 cludit
458 980 512 1019 ad
541 986 816 1020 extremum:
852 981 1042 1020 “Donec
1072 980 1299 1020 revertaris
1321 981 1363 1019 in
1386 986 1559 1028 terram,
1583 979 1638 1018 de
1668 992 1756 1030 qua

297 1058 500 1105 sumptus
537 1067 610 1103 es;
645 1054 747 1106 quia
779 1053 920 1106 pulvis
957 1068 1013 1099 es,
1052 1060 1095 1093 et
1127 1053 1169 1092 in
1207 1053 1429 1106 pulverem
1464 1053 1689 1092 reverteris
1712 1051 1754 1101 ;''

296 1132 344 1165 ut
368 1139 454 1166 non
478 1127 646 1176 mirum,
680 1128 712 1167 si
747 1142 802 1167 ex
836 1128 1014 1181 pulvere
1037 1135 1080 1168 et
1108 1127 1263 1181 argilla
1292 1128 1431 1167 factus
1460 1126 1594 1167 homo
1627 1126 1758 1166 cadat

297 1205 340 1239 et
364 1200 419 1239 ad
452 1200 636 1240 nihilum
661 1202 902 1242 reducatur.
967 1203 1097 1242 Primi
1126 1203 1256 1254 igitur
1277 1208 1480 1255 parentes
1503 1202 1634 1241 etiam
1663 1200 1755 1253 ipsi.

297 1274 340 1312 in
364 1275 607 1314 tentatione
637 1276 721 1315 cibi
754 1276 876 1316 vetiti
909 1276 1184 1328 degustandi,
1210 1282 1376 1316 naturae
1410 1290 1499 1315 suae
1533 1273 1758 1315 imbecilli-

296 1353 434 1387 tatem
469 1349 640 1401 experti
676 1356 788 1395 sunt,
813 1356 856 1390 et
890 1351 945 1390 ab
975 1364 1025 1390 ea
1060 1350 1243 1402 sejuncti
1279 1364 1328 1390 ac
1362 1350 1561 1402 separati.
1626 1348 1758 1401 Quod

295 1422 328 1460 si
366 1421 424 1461 illi
462 1423 503 1461 in
528 1429 681 1463 natura
712 1425 881 1476 integra
899 1424 1081 1476 justitiae
1116 1424 1337 1476 originalis
1367 1437 1546 1463 munere
1575 1422 1761 1476 praedita

298 1500 431 1546 atquc
463 1502 628 1544 ornata,
654 1498 696 1536 in
719 1503 844 1537 tanto
877 1498 1055 1538 rationis
1085 1504 1218 1550 atque
1248 1497 1549 1550 intelligentiae
1584 1497 1761 1543 lumine,

299 1568 342 1607 in
365 1574 489 1608 tanta
522 1571 753 1611 concordia
788 1585 838 1611 ac
872 1586 980 1624 pace
1014 1573 1200 1612 universi
1231 1572 1430 1621 hominis,
1454 1578 1578 1611 tanto
1608 1571 1761 1611 ordine

300 1643 532 1694 superioris
574 1649 707 1696 atque
750 1645 961 1685 inferioris
1003 1647 1150 1699 partis,
1189 1646 1261 1686 ubi
1310 1646 1505 1686 nondum
1544 1645 1760 1698 voluptati

301 1717 519 1768 cupiditas
554 1719 794 1764 resistebat,
839 1725 988 1759 tamen
1024 1720 1078 1759 de
1113 1720 1320 1772 prohibiti
1355 1720 1439 1759 cibi
1475 1734 1554 1759 usu
1589 1720 1758 1769 tentati,

301 1789 569 1830 levissimum
626 1792 707 1831 Dei
761 1800 1030 1845 praeceptum
1084 1800 1127 1833 et
1174 1794 1405 1833 observatu
1459 1792 1674 1846 perfacile,
1718 1794 1761 1833 id

301 1864 419 1915 quod
452 1865 694 1905 admiratur
716 1865 1024 1918 Augustinus‚3
1044 1868 1208 1907 violare
1231 1882 1317 1908 non
1341 1868 1596 1907 dubitarunt
1615 1883 1622 1917 ;
1656 1867 1760 1920 quid

301 1937 459 1977 mirum
502 1939 536 1978 si
580 1953 706 1989 nunc,
743 1953 841 1980 cum
885 1941 939 1981 ad
993 1941 1211 1982 infirmam
1255 1948 1423 1982 naturae
1465 1941 1762 1982 conditionem

301 2012 467 2062 peccati
501 2012 685 2065 languor
716 2015 897 2062 accedit,
922 2016 1237 2055 tentationibus
1268 2014 1403 2055 homo
1434 2015 1702 2055 succumbat.

389 2085 540 2126 Tertio
571 2086 614 2125 in
647 2087 896 2140 particulari
930 2089 1150 2141 colligitur
1179 2089 1274 2128 haec
1308 2089 1463 2128 eadem
1496 2090 1762 2130 tentationes

303 2160 604 2198 antevertendi
657 2161 891 2201 necessitas
934 2176 991 2201 ex
1034 2162 1197 2202 diaboli
1250 2162 1505 2202 tentationis
1551 2163 1761 2215 potentia.

305 2231 429 2271 Licet
463 2233 579 2272 enim
602 2233 764 2273 viribus
786 2234 1031 2274 valeremus
1066 2241 1108 2275 et
1142 2236 1409 2275 robustiores
1443 2236 1602 2285 animo,
1628 2250 1762 2289 quam

301 2317 463 2354 sumus,
487 2319 681 2346 essemus
701 2322 708 2355 ;
741 2313 889 2347 tamen
912 2308 1024 2348 adeo
1046 2315 1245 2349 versutus
1274 2315 1317 2349 et
1348 2315 1506 2362 potens
1528 2316 1593 2350 est
1623 2309 1762 2351 hostis

305 2378 483 2418 humani
517 2380 698 2431 generis,
729 2386 866 2427 satan,
897 2388 944 2421 ut
981 2382 1036 2421 ad
1076 2382 1169 2434 ejus
1206 2384 1508 2435 agnoscendas
1550 2388 1593 2422 et
1630 2383 1762 2423 decli-

302 2453 470 2492 nandas
508 2453 698 2502 insidias,
730 2467 882 2494 omnes
915 2461 1075 2496 nosti-ze
1110 2457 1197 2496 sint
1230 2471 1344 2496 curae
1377 2456 1625 2509 vigiliaeque
1658 2470 1760 2497 con-

300 2525 500 2566 ferendae.
582 2527 659 2567 Ab
701 2541 752 2567 eo
795 2529 911 2568 enim
954 2543 1106 2569 omnes
1148 2530 1237 2569 fere
1284 2530 1450 2570 intimae
1491 2530 1759 2571 tentationes

301 2601 572 2641 extrinsecus
607 2608 941 2643 commoventur
981 2610 1057 2644 aut
1093 2603 1366 2656 adjuvantur,
1403 2617 1482 2643 nec
1515 2605 1762 2656 superiores

301 2673 385 2713 illae
417 2679 588 2715 tantam
613 2676 702 2714 vim
734 2675 956 2726 haberent,
990 2678 1069 2717 nisi
1106 2691 1179 2717 eas
1209 2678 1466 2717 accenderet
1501 2677 1677 2717 daemon
1713 2683 1758 2718 et

298 2754 511 2800 tanquam
554 2749 773 2789 ministras
810 2749 1048 2791 adhiberet.
1137 2750 1202 2792 Ut
1243 2764 1330 2791 non
1371 2751 1464 2791 sine
1506 2765 1637 2792 causa
1678 2764 1764 2792 nos

301 2821 452 2862 Petrus
488 2821 734 2875 Apostolus
776 2823 944 2874 doceat,
988 2830 1035 2864 ut
1075 2824 1310 2877 vigilamus
1352 2831 1396 2865 et
1437 2825 1567 2865 sobrii
1609 2824 1762 2874 simus,

404 2909 414 2928 ¹
441 2911 526 2944 Psal.
551 2919 619 2944 102.
757 2911 772 2931 ‘³
792 2913 858 2954 Job
884 2921 932 2946 10.
1069 2912 1082 2932 ³
1107 2914 1160 2946 De
1184 2914 1281 2946 Civit.
1302 2914 1377 2946 Dei.
1398 2913 1454 2947 lib.
1478 2922 1526 2955 14.
1547 2924 1574 2947 c.
1597 2921 1645 2947 12.
