1903 3197
241 173 335 233 588
564 171 645 217 De
679 171 871 218 ratione
903 170 1095 217 vz‘vendz
1133 170 1396 218 Socz'etatz's.

235 304 433 358 Ephrem
465 318 641 345 severos
671 318 722 345 ac
744 305 892 345 tristes
918 305 1105 358 gessisse
1127 305 1286 355 vultus,
1310 310 1359 345 ut
1391 305 1464 357 qui
1497 304 1716 359 lacrymas

238 380 516 421 continenter
537 379 777 420 fundebat:
811 393 946 432 quam
977 380 1158 432 quidem
1182 379 1406 419 tristitiam
1437 379 1523 419 oris
1553 379 1716 433 regulae

238 460 401 494 nostrae
425 467 513 494 non
537 459 700 494 amant.
740 454 800 495 Et
822 460 973 494 tamen
997 460 1181 507 uterque
1204 453 1440 494 sanctitate
1462 454 1716 506 praestabat,

239 534 425 580 uterque
465 529 662 568 animum
707 527 800 580 jam
844 528 1139 581 compositum
1182 533 1482 581 pacatumque
1524 526 1717 580 gerebat.

241 601 356 642 Item
401 602 642 643 Xaverium
685 608 884 643 nostrum
928 602 1180 656 accepimus
1223 615 1275 642 ea
1317 601 1450 641 fuisse
1487 601 1720 642 affectione

241 676 378 717 animi
401 682 449 717 ut
472 676 622 717 oculos
646 690 763 730 saepe
786 682 957 730 gereret
980 675 1154 717 defixos
1185 677 1228 716 in
1255 675 1427 717 coelum.
1493 676 1718 729 Ignatium

243 756 397 791 contra
428 751 576 804 potius
608 751 813 791 habuisse
846 751 1074 800 demissos,
1098 757 1145 791 ut
1178 749 1449 803 intelligatur
1480 764 1560 803 pro
1582 750 1718 790 animi

241 826 477 866 affectione
512 832 555 866 et
590 825 912 878 compositione
942 825 1148 878 componi
1178 826 1371 878 corporis
1406 831 1554 865 motus
1584 831 1718 878 atque

239 900 452 941 habitum.
533 900 666 953 Quod
709 913 809 939 cum
853 900 914 939 ita
957 900 1024 948 sit,
1065 904 1227 952 praeter
1268 900 1484 940 interioris
1527 899 1717 940 hominis

242 975 624 1027 compositionem,
648 973 703 1014 ad
728 973 1063 1026 componendos
1085 979 1233 1014 motus
1264 980 1504 1026 gestusque
1525 974 1718 1027 corporis

243 1049 536 1089 necessarium
567 1054 633 1089 est
662 1047 912 1101 regularum
942 1047 1209 1100 praesidium,
1233 1061 1332 1100 quae
1356 1061 1487 1087 unam
1512 1048 1719 1088 eandem-

243 1135 330 1174 que
364 1122 581 1172 omnibus,
606 1122 754 1175 quoad
792 1121 883 1161 fieri
918 1127 1078 1175 potest,
1103 1121 1335 1161 modestiae
1368 1121 1555 1162 formam
1589 1121 1719 1161 ratio-

243 1209 435 1248 nemque
471 1196 772 1249 praescribant,
808 1209 863 1236 ne
900 1195 998 1248 quis
1037 1195 1080 1235 in
1118 1195 1392 1235 moderando
1430 1208 1610 1248 corpore
1645 1200 1720 1234 aut

243 1271 300 1310 ad
359 1271 651 1312 monasticam
710 1271 910 1320 formam,
965 1276 1041 1311 aut
1093 1271 1150 1310 ad
1209 1269 1395 1310 aulicam
1452 1269 1718 1322 elegantiam

243 1344 505 1398 civilemque
542 1345 761 1386 deflectat.

331 1419 481 1460 Tertia
525 1420 646 1460 ratio.
713 1419 822 1460 Ideo
864 1419 1205 1472 praescribendae
1247 1418 1424 1458 suerunt
1466 1418 1626 1471 regulae
1665 1418 1720 1457 de

242 1494 526 1535 moderandis
568 1495 762 1548 corporis
805 1494 1011 1543 motibus,
1054 1499 1102 1534 ut
1143 1494 1177 1533 si
1221 1492 1332 1533 forte
1380 1494 1535 1533 intima
1577 1492 1718 1545 pietas

243 1568 370 1617 absit,
425 1582 524 1621 quae
577 1569 785 1609 informet
840 1567 1067 1608 hominem
1120 1567 1397 1616 exteriorem,
1452 1566 1722 1619 intelligatur

242 1642 438 1682 dandam
476 1647 593 1683 certe
630 1655 810 1695 operam
850 1655 956 1691 esse,
992 1647 1040 1682 ut
1078 1642 1297 1681 exteriore
1334 1641 1528 1694 corporis
1564 1639 1718 1680 habitu

240 1717 302 1756 ita
337 1730 418 1756 nos
452 1729 669 1768 geramus,
706 1722 754 1756 ut
792 1715 952 1755 nullius
990 1715 1270 1755 offendamus
1307 1720 1565 1767 aspectum;
1615 1727 1717 1753 nam

241 1790 512 1830 exteriorum
547 1796 749 1830 motuum
785 1789 1049 1842 compositio
1083 1788 1152 1828 vel
1188 1787 1418 1829 dissolutio
1455 1789 1619 1828 bonam
1649 1787 1718 1827 vel

248 1864 412 1904 malam
443 1865 723 1905 affectionem
748 1864 882 1904 animi
906 1867 1204 1916 repraesentat.
1268 1861 1509 1903 “Amictus
1532 1862 1723 1915 corporis

246 1944 290 1979 et
314 1940 424 1979 risus
447 1939 659 1988 dentium,
685 1945 728 1979 et
755 1940 977 1991 ingressus
1000 1937 1191 1978 hominis
1214 1938 1446 1977 enuntiant
1478 1937 1533 1977 de
1562 1936 1637 1977 illo
1655 1949 1664 1985 ;
1680 1934 1722 1958 ’⁷1

247 2018 291 2053 et
324 2013 514 2054 ibidem:
550 2014 659 2053 “Ex
692 2014 786 2053 visu
820 2012 1100 2065 cognoscitur
1120 2012 1194 2061 vir,
1218 2017 1262 2051 et
1293 2011 1350 2051 ab
1382 2024 1563 2051 occursu
1598 2010 1721 2051 faciei

246 2088 528 2140 cognoscitur
561 2087 798 2127 sensatus.''
863 2086 1133 2139 Quanquam
1166 2091 1315 2125 autem
1348 2085 1612 2138 compositio
1645 2098 1722 2124 ex-

247 2162 392 2211 terior,
428 2162 632 2202 interiore
670 2161 854 2209 sublata,
892 2161 1099 2200 diuturna
1136 2173 1231 2199 esse
1265 2173 1353 2199 non
1384 2164 1542 2212 potest,
1572 2164 1722 2198 tamen

248 2236 578 2276 consuetudinis
622 2249 785 2288 magna
823 2235 888 2275 vis
927 2239 1004 2284 est,
1034 2240 1082 2274 ut
1118 2234 1153 2273 si
1193 2246 1495 2273 assuescamus
1534 2232 1722 2272 modesti

249 2315 382 2361 atque
415 2310 647 2363 compositi
681 2316 784 2349 ante
816 2308 967 2349 oculos
999 2308 1229 2348 hominum
1263 2321 1483 2361 apparere,
1507 2306 1603 2346 haec
1629 2307 1723 2360 ipsa

250 2384 443 2423 exterior
474 2384 703 2436 diligentia
736 2383 841 2423 satis
884 2384 1029 2422 futura
1070 2382 1271 2422 videatur
1303 2383 1358 2422 ad
1392 2382 1724 2434 componendos

249 2457 588 2510 fraenandosque
626 2458 818 2511 corporis
857 2463 1012 2497 motus.
1091 2456 1155 2497 Ut
1198 2456 1330 2509 igitur
1370 2456 1552 2509 planum
1596 2456 1724 2496 nobis

249 2531 383 2580 fieret,
438 2538 605 2585 quanta
655 2531 861 2571 habenda
913 2532 968 2571 sit
1023 2532 1133 2571 ratio
1186 2531 1394 2584 exempli,
1448 2531 1725 2584 publicaeque

250 2605 565 2655 aedificationis,
595 2605 917 2645 constituendae
952 2605 1072 2657 leges
1107 2605 1314 2658 quaedam
1349 2604 1601 2657 regulaeque
1635 2603 1725 2644 fue-

251 2686 353 2720 runt
394 2680 598 2721 tenendae
641 2680 883 2719 modestiae.
960 2678 1073 2732 Quae
1116 2679 1228 2719 adeo
1271 2679 1515 2719 necessaria
1558 2684 1634 2727 est,
1680 2684 1726 2719 ut

253 2755 426 2795 etiamsi
450 2755 564 2794 absit
586 2753 765 2794 interior
793 2754 935 2806 pietas
958 2767 1009 2794 ac
1032 2754 1295 2807 compositio
1318 2767 1417 2806 quae
1442 2753 1560 2792 illam
1583 2753 1727 2806 gignit

253 2842 303 2869 ac
338 2829 466 2878 fovet,
498 2842 548 2869 ea
585 2835 735 2869 tamen
774 2828 1049 2868 extrinsecus
1085 2828 1141 2868 sit
1179 2828 1380 2868 curanda.
1445 2826 1578 2879 Quod
1615 2840 1725 2880 prae-

889 2916 901 2936 1
926 2917 1016 2950 Eccl.
1042 2926 1090 2958 19.
