1903 3197
238 135 334 193 698
564 132 645 179 De
675 132 868 179 ratione
899 131 1094 178 vivendi
1126 130 1389 178 Socz‘etatzk.

235 267 479 321 jactantia;
509 266 564 307 de
586 280 674 320 qua
695 266 756 306 sic
779 267 1100 315 Bonaventura,
1116 266 1172 306 de
1195 265 1327 306 Infor.
1342 265 1454 306 Nov.
1471 279 1510 319 p.
1533 277 1563 306 1.
1583 280 1616 306 c.
1632 274 1708 318 25:

240 339 582 395 “Jactantiam,’'
619 340 772 394 inquit,
807 344 974 394 “quam
1007 340 1342 394 diligentissime
1372 353 1489 389 cave,
1517 341 1565 381 ‘et
1596 353 1707 381 nun-

241 429 374 470 quam
398 415 476 456 des
498 415 626 456 alicui
655 414 899 469 intelligere
928 415 1047 469 quod
1069 415 1237 468 aliquid
1259 415 1316 456 sit
1341 415 1385 455 in
1417 421 1462 455 te
1483 429 1708 455 commen-

240 490 413 532 dabile:
444 491 522 531 vix
553 503 657 530 nam
689 496 838 543 potest
869 504 965 531 esse
996 491 1040 530 in
1071 495 1116 531 te
1147 490 1312 544 aliquid
1344 489 1577 538 laudabile,
1601 490 1708 543 quin

240 566 373 607 etiam
406 565 540 618 aliqui
572 565 849 619 intelligant;
886 571 930 606 et
962 566 997 605 si
1029 571 1075 606 tu
1105 571 1236 615 taces,
1268 571 1312 606 et
1342 565 1586 615 abscondis,
1609 565 1710 619 plus

240 639 461 694 placebis;
495 639 561 680 sin
594 646 742 681 autern
779 640 951 693 probes,
982 645 1027 680 et
1058 640 1344 681 commendes
1378 639 1635 690 irrideberis,
1665 645 1711 681 et

237 715 442 767 vilesces;
464 721 509 756 et
530 714 647 755 unde
668 715 789 768 prius
806 714 1149 764 aedificabantur,
1168 715 1271 755 inde
1292 721 1449 768 postea
1465 715 1711 768 despicient

239 790 321 831 te.”
397 789 553 831 Simile
598 795 665 829 est
701 788 808 829 illud
854 788 1090 838 Ciceronis,
1133 800 1164 829 1.
1204 788 1318 831 Off.:
1356 790 1605 830 “Deforme
1642 795 1711 831 est

240 863 298 905 de
333 878 379 905 se
416 864 512 917 ipso
547 864 816 917 praedicare;
857 862 969 903 falsa
1004 864 1263 916 praesertim,
1294 869 1339 904 et
1374 877 1474 904 cum
1512 864 1710 905 irrisione

240 939 513 980 audientium
545 938 705 978 imitari
738 937 923 978 militem
955 936 1231 991 gloriosum.‘'

329 1013 456 1054 Idem
500 1013 821 1061 Bonaventura,
866 1011 991 1066 Spec.
1028 1012 1146 1052 Disc.
1184 1026 1223 1066 p.
1266 1023 1300 1064 3.
1338 1026 1372 1053 c.
1411 1024 1462 1065 3:
1496 1013 1711 1054 “Debent

240 1087 410 1138 etiam,”
433 1087 587 1140 inquit,
610 1089 752 1140 “pure
780 1086 913 1139 loqui,
938 1092 986 1126 ut
1015 1100 1166 1127 eorum
1188 1087 1332 1128 verbis
1361 1101 1441 1128 nec
1466 1087 1707 1140 jactantiae,

240 1175 322 1203 nec
344 1161 525 1202 malitiae
553 1160 748 1214 alicujus,
771 1166 848 1201 aut
868 1161 1076 1201 vanitatis
1104 1161 1313 1202 admistio
1334 1161 1479 1202 valeat
1501 1162 1683 1203 inveniri
1701 1176 1711 1203 t

242 1249 469 1289 nunquam
492 1235 548 1276 de
570 1235 763 1284 scientia,
786 1234 855 1275 vel
878 1235 934 1276 de
955 1234 1089 1275 seculi
1112 1240 1229 1276 statu
1250 1249 1298 1276 se
1314 1235 1519 1289 jactent.”

330 1310 455 1352 Solet
496 1311 614 1350 enim
656 1308 906 1350 cenodoxia
945 1308 1172 1350 stimulare
1212 1310 1388 1361 tirones,
1423 1317 1471 1352 ut
1506 1310 1713 1352 observat

243 1385 544 1435 Cassiodorus,
575 1384 599 1425 l.
635 1396 695 1424 11.
725 1384 868 1425 Instit.
906 1395 966 1436 13.
996 1384 1052 1424 de
1090 1383 1255 1438 Spiritu
1290 1385 1573 1427 Cenodoxiae.
1625 1385 1712 1426 Vel

241 1461 360 1514 quod
383 1465 589 1514 parentes
610 1458 769 1499 divites
790 1472 841 1499 ac
863 1458 1033 1499 nobiles
1057 1457 1236 1508 habent,
1258 1460 1328 1500 vel
1353 1460 1473 1513 quod
1495 1459 1712 1511 militiam,

240 1535 517 1587 honoresque
570 1538 943 1587 contempserunt,
994 1533 1216 1574 interdum
1270 1534 1404 1574 etiam
1458 1534 1710 1588 dignitates,

241 1616 287 1652 et
337 1624 455 1664 opes,
499 1622 598 1662 quae
649 1608 761 1649 forte
812 1621 867 1648 ne
918 1608 1189 1661 apprehendi
1241 1609 1421 1661 quidem
1472 1609 1712 1662 aliquando

241 1686 515 1739 potuissent;
557 1682 794 1737 persuadet
830 1682 1085 1736 quempiam
1119 1682 1360 1736 “perfacile
1400 1682 1534 1724 fuisse
1575 1683 1711 1737 adep-

241 1766 401 1811 turum,
424 1759 459 1799 si
490 1764 812 1812 perseverasset
840 1757 885 1797 in
917 1756 1090 1798 seculo:
1121 1771 1235 1798 vana
1265 1771 1355 1811 spe,
1378 1763 1423 1798 et
1449 1758 1505 1798 de
1537 1759 1713 1799 incertis

242 1834 400 1875 inflans
452 1832 589 1874 eum.”
671 1830 805 1885 Quod
857 1837 1006 1873 autem
1058 1832 1243 1885 quisque
1294 1832 1437 1881 sentit,
1490 1833 1534 1873 id
1586 1832 1713 1874 facile

242 1909 461 1963 eloquitur
486 1925 495 1949 :
555 1913 819 1962 conceptum
871 1908 988 1947 enim
1042 1920 1290 1947 sermonem
1341 1907 1564 1948 continere
1615 1908 1713 1962 quis

240 1990 388 2038 potest
409 1984 424 2024 ?

329 2058 422 2099 Alii
444 2058 501 2098 de
521 2058 674 2111 patria,
699 2063 775 2097 aut
795 2057 885 2096 suis
914 2055 1166 2109 majoribus,
1188 2055 1261 2096 alii
1292 2056 1350 2096 de
1381 2056 1712 2110 magistratibus

242 2133 449 2188 paternis,
473 2132 546 2173 alii
576 2132 632 2173 de
659 2138 752 2173 arte
777 2145 829 2172 ac
850 2131 1119 2184 professione
1140 2130 1379 2184 loquuntur
1394 2144 1405 2181 3
1434 2145 1534 2184 quae
1562 2132 1712 2173 omnia

242 2209 472 2250 materiam
513 2206 704 2261 propriae
745 2205 887 2246 laudis
935 2204 1112 2246 abunde
1151 2205 1360 2258 praebent.
1443 2205 1712 2258 Quanquam

241 2284 546 2338 prudentiores
575 2296 664 2322 non
693 2282 756 2322 ita
787 2287 938 2335 aperte
966 2281 1009 2320 in
1038 2294 1140 2320 suas
1167 2281 1248 2333 ipsi
1279 2280 1431 2320 laudes
1462 2286 1711 2334 erumpunt,

242 2358 386 2412 pudor
403 2359 519 2399 enim
542 2357 730 2410 impedit
746 2371 756 2407 3
788 2357 972 2396 obscure
993 2360 1110 2395 certe
1132 2368 1183 2395 ea
1200 2354 1411 2408 colligunt
1431 2356 1476 2395 in
1497 2368 1711 2405 sermone,

243 2434 362 2474 unde
402 2432 509 2482 laus,
544 2437 589 2472 et
629 2431 771 2484 gloria
807 2431 863 2471 ad
901 2430 1020 2484 ipsos
1055 2430 1216 2470 redeat.
1279 2429 1411 2470 Eccli.
1451 2440 1526 2470 10:
1571 2429 1715 2470 “Noli

243 2507 458 2550 extollere
493 2513 539 2547 te
575 2507 619 2547 in
648 2505 851 2547 faciendo
885 2517 1018 2558 opere
1050 2503 1179 2556 tuo;”
1212 2509 1256 2545 et
1284 2503 1400 2554 alibi,
1427 2504 1640 2545 “Laudet
1667 2510 1714 2546 te

243 2597 294 2624 os
324 2581 554 2623 alienum.’'

333 2656 482 2710 Quare
518 2656 589 2697 hic
627 2654 873 2696 audiendus
909 2659 976 2694 est
1014 2652 1247 2703 Climacus,
1278 2651 1407 2694 Grad.
1433 2664 1497 2694 21.
1516 2665 1526 2703 ;
1560 2653 1625 2694 Ut
1657 2666 1713 2694 ne

247 2732 451 2773 utilitatis
472 2731 651 2784 quidem
674 2729 829 2771 alienae
851 2729 994 2782 gratia
1015 2742 1062 2768 se
1078 2728 1263 2781 quisque
1284 2728 1502 2769 dilaudet:
1524 2728 1712 2778 “Cave‚''

247 2807 401 2860 inquit,
428 2809 448 2825 “
462 2820 517 2846 ne
537 2805 752 2859 proditori
785 2804 1073 2856 obtempereS‚
1097 2816 1197 2843 cum
1219 2808 1264 2843 te
1285 2803 1409 2855 quasi
1430 2816 1511 2856 pro
1532 2803 1714 2843 audien-

247 2883 361 2923 tium
404 2881 595 2922 utilitate
635 2880 819 2921 virtutes
859 2877 1092 2932 propalare
1143 2878 1348 2930 suggerit.
1427 2876 1546 2930 Quid
1598 2878 1715 2918 enim
