1903 3197
435 154 514 199 De
546 153 799 199 delationis
833 153 1123 214 dffcultczle.
1426 165 1512 212 153

48 287 309 338 Vaccusatf’l
355 293 449 327 tum
496 285 598 338 quia
649 285 864 325 cautiores
916 285 1127 325 efficimur
1178 285 1221 324 in
1274 290 1512 338 posterum,

48 364 298 415 damusque
334 372 513 413 operam
551 364 600 398 ut
633 358 823 411 idipsum
861 358 1014 398 vitium
1052 357 1173 410 cujus
1211 357 1514 398 insimulamur

52 436 308 489 longissime
330 448 355 474 a
377 433 504 474 nobis
526 432 652 480 absit,
677 431 795 484 quod
819 430 999 471 forsitan
1030 430 1266 483 aliquando
1299 432 1515 484 potuisset

53 509 251 550 accidere
293 508 374 547 nisi
411 507 555 547 cautio
592 505 743 546 fuisset
776 505 1004 555 adhibita3
1051 510 1146 545 tum
1184 505 1375 557 denique
1412 506 1515 558 quia

54 583 212 635 iniquis
265 580 560 621 delationibus
610 577 878 631 perferendis
930 578 1091 618 multas
1144 578 1272 617 simul
1333 579 1515 618 virtutes

52 653 631 706 exercemus—patientiam
684 665 735 691 ac
788 650 1081 700 tolerantiam,
1124 656 1304 704 propter
1360 650 1516 691 falsam

52 733 187 781 atque
214 727 422 779 injustam
453 725 813 774 criminationem,
836 724 960 776 cujus
982 725 1124 777 gratia
1146 724 1369 765 condonat
1391 724 1518 764 nobis

53 802 177 842 Deus
211 805 393 854 peccata
424 805 584 849 nostra,
609 799 681 851 qui
717 799 761 838 in
792 798 1076 838 tribulatione
1108 804 1290 851 peccata
1322 798 1516 838 dimittit.

56 874 369 915 Humilitatem
421 872 580 913 deinde
631 885 681 912 ac
723 872 1059 912 submissionem
1113 885 1370 912 exercemus
1411 871 1515 911 dum

53 961 143 989 non
185 947 373 987 multum
416 947 496 999 ipsi
540 960 619 986 nos
662 958 936 994 excusamus,
970 946 1047 985 sed
1090 958 1211 985 more
1255 944 1515 986 Sanctorum

54 1021 320 1062 calumniam
353 1034 471 1073 saepe
504 1025 710 1069 nostram,
740 1032 874 1071 quam
910 1018 1166 1072 propulsare
1203 1018 1330 1059 facile
1366 1032 1517 1072 possu-

55 1108 164 1144 mus,
204 1108 291 1134 non
326 1093 605 1147 repellimus,
650 1099 697 1133 ut
739 1092 963 1132 memoriae
1001 1092 1225 1145 proditum
1264 1098 1331 1132 est
1366 1092 1518 1132 fecisse

54 1168 365 1222 Paphnuffium,
412 1180 511 1207 cum
565 1167 602 1206 ei
656 1165 765 1206 falso
817 1165 978 1206 furtum
1030 1165 1193 1206 codicis
1244 1166 1518 1218 objiceretur,

53 1242 252 1295 aliosque
286 1241 448 1281 multos
478 1254 588 1292 quos
622 1253 709 1279 non
743 1240 901 1279 attinet
930 1238 1185 1279 no1ninare.²
1248 1239 1519 1280 Charitatem

54 1322 266 1370 praeterea
297 1315 507 1354 virtutum
543 1319 773 1366 parentem
811 1326 1079 1362 exercemuS,
1107 1313 1212 1353 dum
1251 1312 1369 1353 falsis
1403 1312 1520 1353 dela-

54 1390 223 1431 toribus
275 1402 362 1428 non
415 1400 733 1436 succensemus,
776 1387 852 1426 sed
894 1400 973 1439 pro
1016 1387 1066 1426 iis
1108 1387 1319 1439 benignas
1371 1400 1520 1439 preces

59 1463 305 1511 fundimus;
337 1462 456 1514 quod
479 1462 623 1514 ipsum
646 1460 891 1500 maximam
913 1460 1002 1499 vim
1024 1459 1158 1499 habet
1179 1459 1236 1499 ad
1259 1458 1521 1512 placandam

58 1537 186 1578 nobis
218 1537 368 1577 Divini
402 1535 607 1575 Numinis
639 1534 927 1587 majestatem.
998 1533 1226 1573 Fiduciam
1260 1533 1448 1586 denique
1482 1540 1523 1573 et

57 1625 183 1665 spem
210 1612 253 1651 in
284 1611 429 1651 Deum
453 1622 721 1657 exercemus,
746 1608 819 1660 qui
849 1607 1146 1648 innocentiam
1169 1620 1287 1660 saepe
1316 1613 1523 1656 nostram,

60 1685 187 1726 nobis
213 1684 443 1725 silentibus
466 1690 509 1723 et
539 1684 581 1723 in
611 1697 656 1723 se
678 1681 966 1735 sperantibus,
989 1680 1168 1735 planam
1198 1681 1328 1731 facit,
1361 1686 1408 1721 ut
1431 1680 1524 1734 ejus

60 1773 195 1812 quem
224 1759 319 1799 dixi
351 1757 585 1811 Paphnutii
612 1763 655 1797 et
676 1757 871 1796 aliorum.
935 1755 1083 1808 Quare
1114 1754 1233 1795 idem
1265 1754 1393 1795 nobis
1424 1755 1525 1794 licet

59 1833 204 1874 dicere
246 1833 302 1872 de
354 1832 503 1883 iniqua
553 1829 785 1879 delatione,
822 1828 941 1882 quod
982 1829 1038 1869 de
1079 1828 1351 1868 detractione
1396 1841 1526 1879 aequo

58 1906 207 1947 animo
259 1904 438 1945 ferenda
484 1904 792 1944 Bonaventura
834 1903 967 1943 dicit:
1012 1902 1196 1942 “Immo
1245 1901 1328 1942 hoc
1379 1901 1523 1954 ipsum

59 1994 119 2020 ex
152 1993 304 2033 pugna
337 1979 453 2019 intus
485 1978 728 2018 exercitata
764 1990 937 2030 magnae
975 1975 1174 2017 utilitatis
1209 1981 1286 2024 est,
1321 1975 1423 2027 quia
1460 1981 1526 2015 est

59 2054 264 2107 purgatio
301 2052 480 2106 peccati,
518 2052 611 2091 vitii
648 2051 763 2100 lima,
802 2050 1060 2091 exercitatio
1096 2050 1279 2097 virtutis,
1318 2049 1521 2089 meritum

55 2127 222 2181 rgloriae,
247 2126 509 2179 praeparatio
537 2123 716 2178 pacis.‘'³
778 2123 889 2176 Quae
912 2124 1060 2164 omnia
1082 2124 1125 2163 in
1149 2123 1270 2163 falsae
1293 2122 1525 2163 delationis

56 2200 380 2253 calumniaeque
410 2199 643 2240 tolerantia
674 2205 916 2239 cernuntur.

150 2275 366 2323 Tertium,
410 2287 467 2313 ex
517 2273 672 2313 eodem
725 2273 869 2325 capite
920 2272 1056 2311 oritur
1106 2270 1373 2321 difficultas;
1426 2271 1529 2322 quia

67 2361 348 2400 nequaquam
386 2348 648 2400 persuadere
684 2346 810 2386 nobis
846 2359 1079 2398 possumus
1121 2358 1220 2385 eum
1256 2345 1329 2397 qui
1371 2342 1539 2385 detulit'

63 2421 210 2462 studio
232 2420 456 2461 charitatis
477 2420 730 2469 adductum,
749 2419 826 2459 sed
855 2419 1002 2472 potius
1029 2419 1358 2471 perturbatione
1380 2417 1527 2470 aliqua

62 2499 139 2534 aut
168 2494 494 2534 abalienatione
526 2494 660 2533 animi
694 2497 873 2546 propter
901 2491 1189 2532 offensionem
1219 2491 1411 2544 aliquam
1443 2490 1527 2531 for-

64 2568 179 2608 sitan
217 2569 534 2621 interpositam,
570 2573 646 2607 aut
682 2572 799 2607 certe
836 2565 1135 2606 emolumento
1167 2564 1236 2605 vel
1277 2565 1525 2612 commodo,

61 2642 152 2682 sive
183 2647 232 2681 ut
256 2655 282 2681 a
306 2640 539 2694 Superiore
570 2640 760 2693 gratiam
793 2640 921 2689 ineat,
944 2639 1034 2679 sive
1066 2644 1114 2679 ut
1136 2638 1300 2678 samam
1333 2637 1526 2689 aliquam

61 2714 297 2768 probitatis
335 2714 524 2768 colligat.
586 2713 752 2754 Verum
794 2713 829 2753 si
871 2719 915 2754 te
956 2713 1000 2753 in
1041 2711 1237 2752 delatore
1278 2715 1528 2751 commovet

190 2827 202 2847 ¹
231 2830 286 2862 De
303 2828 402 2862 Insor.
424 2828 540 2861 Novit.
561 2839 593 2869 p.
618 2836 644 2859 1.
665 2838 692 2859 c.
712 2828 742 2859 6.
923 2825 937 2844 2
963 2826 1110 2858 Cassian.
1131 2825 1216 2858 Coll.
1236 2824 1282 2858 18.
1300 2834 1325 2857 c.
1348 2830 1395 2864 15.

507 2878 521 2898 3
550 2879 604 2912 De
627 2879 727 2911 Infor.
748 2879 916 2920 Novitsp.
937 2886 966 2911 2.
987 2888 1014 2911 c.
1039 2885 1086 2909 11.
