1903 3197
552 177 620 223 In
654 176 872 239 Regulas
907 175 1169 222 fisodestz‘oe.
1498 179 1526 221 6
1534 188 1557 235 5
1569 187 1594 234 7

129 325 248 365 saepe
299 311 430 351 aliam
482 309 646 351 habent
699 310 898 356 sormam,
953 323 1004 349 ac
1057 308 1208 360 religio
1263 307 1425 361 regulae
1482 309 1595 361 pati-

129 392 236 427 atur.
301 386 398 425 Imo
430 384 549 437 quod
583 384 848 424 secularibus
883 389 948 422 est
983 383 1170 430 nuditas,
1205 388 1252 422 ut
1288 382 1405 422 idem
1447 383 1595 422 obser-

133 466 218 509 vat,
276 459 359 499 hoc
420 459 630 511 religiosis
691 463 758 497 est
819 457 1051 509 superioris
1113 456 1300 504 habitus,
1363 456 1596 509 cultusque

135 534 360 574 detractio.

217 609 420 649 Alterum
458 607 575 659 quod
618 607 661 646 in
698 605 782 645 hoc
818 605 1223 658 componendarum
1256 605 1443 644 vestium
1481 619 1592 657 prze-

129 689 258 736 cepto
280 683 527 723 continetur
548 687 624 729 est,
649 687 696 720 ut
718 693 817 720 cum
840 680 999 719 decoro
1022 679 1224 731 religioso
1247 686 1594 731 componantur3

132 758 272 798 multa
320 757 435 796 enim
477 756 679 808 vulgares
720 755 920 794 homines
962 754 1128 801 decent,
1168 767 1265 806 quae
1308 767 1396 792 non
1439 753 1596 793 decent

133 831 369 884 religiosos.
432 829 533 882 Qua
564 830 620 869 de
651 843 695 869 re
731 828 938 882 praeclare
975 828 1107 867 etiam
1146 827 1454 867 Bonaventura
1492 827 1593 866 ibid.

122 919 167 945 vc.
199 906 222 944 8
243 921 250 945 ;
274 904 545 957 “Coaptatio
583 904 788 943 indecens
825 902 1027 955 religioso
1059 908 1134 949 est,
1166 902 1200 941 si
1238 907 1396 954 praeter
1427 914 1593 941 morem

136 979 358 1032 religionis
391 978 519 1018 fuerit
551 977 757 1018 curiosa.'’

225 1053 371 1106 Quare
413 1058 609 1092 removet
649 1052 723 1091 lex
766 1057 914 1090 nostra
957 1063 1132 1089 omnem
1175 1049 1425 1099 secularem,
1464 1055 1598 1102 atque

126 1127 325 1168 aulicam
353 1126 638 1178 diligentiam,
664 1126 935 1177 nimiumque
967 1124 1160 1164 studium
1194 1124 1236 1163 in
1269 1124 1474 1175 aptandis
1507 1137 1599 1163 cor-

127 1202 230 1255 ‚pori
262 1201 466 1241 vestibus.
532 1200 758 1240 Seculares
791 1200 906 1238 enim
940 1198 1144 1251 plerique,
1179 1204 1222 1237 et
1254 1198 1380 1237 aulici
1416 1198 1598 1237 nimium

135 1275 346 1328 temporis
390 1275 432 1314 in
475 1288 520 1314 se
562 1274 787 1314 comendis
830 1273 1124 1325 ornandisque
1166 1278 1442 1321 consumunt,
1480 1273 1598 1325 quod

138 1350 391 1401 religiosum
414 1349 595 1388 omnino
617 1348 811 1388 dedecet.
876 1348 934 1386 Et
956 1348 1011 1386 de
1040 1347 1122 1386 hoc
1145 1347 1249 1386 dicit
1280 1346 1527 1386 Bernardus
1558 1348 1600 1386 in

139 1424 311 1476 apolog.
337 1423 391 1462 ad
427 1422 694 1462 Gulielmum
728 1422 954 1461 Abbatem
975 1437 981 1460 :
1005 1420 1142 1460 “Non
1175 1427 1347 1460 tantum
1380 1429 1603 1461 curaretur

137 1498 330 1550 corporis
368 1497 521 1544 cultus,
557 1496 639 1535 nisi
681 1496 799 1548 prius
838 1495 1036 1547 neglecta
1078 1495 1230 1534 fuisset
1272 1508 1395 1534 mens
1438 1496 1602 1536 inculta

138 1571 408 1612 virtutibus.'’

230 1645 289 1685 Et
320 1645 611 1698 Augustinus,
644 1645 687 1684 in
718 1644 825 1696 Reg.
853 1655 901 1694 3:
933 1643 1073 1683 “Non
1102 1644 1157 1683 sit
1190 1644 1395 1684 notabilis
1426 1644 1604 1685 habitus

140 1726 294 1769 vester,
322 1734 401 1760 nec
434 1720 646 1760 affectetis
676 1720 871 1759 vestibus
903 1719 1086 1771 placere,
1112 1719 1187 1757 sed
1221 1719 1448 1759 moribus.'’
1512 1719 1604 1759 No-

132 1795 299 1843 tabilis,
328 1795 480 1847 inquit,
507 1808 595 1833 non
628 1794 761 1833 modo
794 1794 836 1832 in
869 1806 1028 1845 genere
1055 1793 1429 1841 vestimentorum,
1453 1807 1604 1833 verum

141 1869 274 1908 etiam
319 1869 362 1908 in
403 1869 637 1908 amiciendi
680 1881 729 1907 ac
766 1868 979 1906 vestiendi
1023 1868 1201 1915 ratione,
1239 1867 1357 1919 quod
1400 1868 1442 1907 id
1486 1869 1604 1920 quod

141 1943 349 1995 sequitur,
381 1942 600 1995 explicat:
634 1941 765 1981 “Nec
793 1941 1007 1980 affectetis
1038 1941 1268 1990 vestibus,'’
1299 1941 1462 1981 scilicet
1499 1943 1606 1982 scite

131 2018 396 2070 'compositis
448 2019 469 2035 ‘¹
486 2017 669 2069 placere,
713 2017 787 2055 sed
837 2015 1066 2055 moribus.''
1150 2016 1384 2068 Propterea
1426 2017 1605 2058 Andro-

141 2093 274 2140 nicus,
299 2092 404 2131 dum
439 2093 657 2132 exteriore
689 2091 807 2131 cultu
834 2091 1021 2130 vestium
1054 2091 1223 2143 aliquas
1254 2092 1435 2131 virtutes
1467 2094 1605 2145 ponit,

134 2167 315 2206 tertiam
358 2173 505 2206 narrat
547 2166 904 2218 simplicitatem3
956 2166 1011 2205 ad
1056 2166 1380 2206 excludendam
1424 2167 1604 2208 nimiam

140 2240 428 2294 diligentiam,
453 2254 503 2280 ac
532 2240 726 2280 studium
749 2240 1081 2292 compositionis
1113 2247 1321 2280 externae.
1361 2241 1481 2295 Lege
1504 2254 1539 2283 2.
1570 2255 1605 2284 2.

129 2328 179 2367 -.q.
209 2315 267 2355 16.
294 2329 329 2355 a.
359 2327 389 2354 Ι.

231 2389 385 2430 Habes
424 2396 571 2429 autem
609 2389 739 2441 hujus
774 2389 944 2428 vitiosae
982 2391 1312 2442 compositionis
1350 2393 1604 2445 exemplum

142 2463 259 2515 apud
304 2463 555 2504 Caesarium.
637 2463 749 2504 Cum
793 2464 909 2503 enim
954 2464 996 2503 in
1041 2463 1183 2504 Gallia
1225 2465 1381 2505 nobilis
1424 2468 1604 2519 quidam

140 2537 383 2577 monachus
405 2538 462 2578 ob
484 2538 653 2578 illatam
682 2538 954 2578 Monasterio
976 2537 1002 2578 a
1024 2539 1161 2578 milite
1184 2540 1377 2591 quodam
1401 2541 1604 2592 injuriam

142 2611 300 2651 missus
342 2619 457 2652 esset
499 2613 555 2652 ab
596 2612 776 2652 Abbate
825 2614 881 2652 ad
928 2614 1096 2666 Regem
1139 2614 1413 2666 querelarum
1461 2630 1604 2666 causa,

141 2684 411 2738 adderetque
442 2687 684 2726 monachus
707 2688 856 2726 omnia
885 2687 1069 2727 militem
1100 2687 1221 2727 illum
1249 2690 1453 2741 rapuisse,
1479 2691 1604 2731 nihil-

142 2771 226 2811 que
251 2771 366 2811 pene
395 2759 646 2811 reliquisse;
680 2760 782 2800 Rex
814 2746 1062 2813 conspectis
1091 2762 1294 2801 monachi
1324 2763 1479 2804 calceis
1502 2773 1605 2818 apte

142 2833 401 2881 constrictis,
425 2833 685 2873 secularium
709 2834 873 2874 scilicet
896 2848 1029 2885 more,
1047 2835 1189 2875 “Vere
1211 2838 1429 2889 apparet,'’
1453 2839 1605 2893 inquit,

141 2907 228 2948 “in
265 2907 422 2948 calceis
464 2909 618 2949 vestris
656 2909 762 2948 nihil
804 2910 928 2950 vobis
971 2924 1050 2950 nec
1092 2911 1194 2951 corii
1237 2912 1414 2964 quidem
1457 2915 1512 2956 ab
1554 2930 1606 2957 eo

313 2981 392 3023 QQ
