1903 3197
569 147 635 192 ln
670 146 889 207 Regulas
923 146 1187 192 Modestz'ce.
1522 152 1612 195 661

241 286 294 330 30.
331 279 447 333 Quia
476 279 619 319 reddit
646 278 871 318 hominem
901 278 1002 318 odio
1034 279 1216 331 dignum
1250 284 1383 332 atque
1414 281 1613 321 invisum.

151 356 266 396 Eccl.
290 367 343 407 9:
377 354 636 394 “Terribilis
665 359 731 393 est
762 354 806 392 in
839 353 1015 392 civitate
1045 367 1124 392 sua
1152 352 1286 393 homo
1309 354 1546 407 linguosus,
1571 361 1615 395 et

147 430 405 470 temerarius
442 429 485 468 in
516 428 650 468 verbo
683 441 762 467 suo
795 427 971 467 odibilis
1003 427 1118 467 erit.'’
1182 428 1330 468 Facile
1366 436 1514 470 autem
1548 436 1615 470 est

147 517 205 544 ex
246 504 329 544 hoc
359 504 466 544 vitio
497 502 680 542 transire
710 500 766 540 ad
798 500 1113 553 garrulitatem,
1148 515 1247 554 quae
1279 503 1477 543 maximo
1509 504 1613 544 odio

147 592 241 618 6556
273 579 415 625 debet,
442 578 497 617 de
528 590 615 630 qua
648 576 757 615 infra
790 575 1013 615 nonnulla.

231 659 289 703 40.
326 652 519 705 Impedit
550 650 923 703 justificationem,
964 656 1007 690 et
1048 650 1339 690 sanctitatem.
1402 652 1488 704 job
1536 664 1613 693 11:

145 728 168 746 “
184 725 396 778 Nunquid
413 726 477 764 vir
497 725 708 764 verbosus
728 723 1071 776 justificabitur?
1091 723 1109 737 '’

233 801 292 841 Et
324 800 590 847 Dorotheus,
617 800 783 841 Sermo.
809 810 895 838 2o.:
930 798 1085 839 “Cave
1117 813 1143 838 a
1175 798 1467 852 multiloquio,
1492 801 1612 853 quod

140 876 424 915 advenientes
467 888 490 914 e
531 873 643 914 coelo
687 873 977 925 cogitationes
1020 872 1278 926 extinguit.'’
1353 873 1480 914 Idem
1523 875 1612 916 fere

141 950 267 989 Isaac
305 949 456 1002 SyruS,
495 963 527 989 6.
566 957 651 998 45:
685 947 765 987 “A
803 946 1117 999 multiloquio,‘'
1157 947 1309 1000 inquit,
1350 950 1428 988 “te
1465 949 1610 1001 ipsum

140 1025 341 1074 custodi;
384 1023 489 1063 illud
533 1023 650 1063 enim
694 1022 919 1073 extinguit
960 1022 1003 1060 in
1045 1021 1176 1061 corde
1218 1022 1435 1062 motiones
1483 1023 1611 1063 intel-

140 1098 350 1139 lectuales
380 1112 405 1138 a
434 1098 533 1137 Deo
555 1095 859 1149 pullulantes.''
924 1095 1031 1135 Ideo
1055 1101 1098 1134 et
1128 1095 1256 1135 Nilus
1289 1096 1332 1135 in
1365 1097 1610 1138 Paraenesi:

143 1175 164 1194 “
184 1172 421 1226 Loquere,”
444 1172 596 1224 inquit,
617 1170 747 1210 “Deo
766 1169 915 1217 multa,
935 1169 1186 1209 hominibus
1204 1170 1381 1222 pauca.”
1415 1172 1475 1211 Et
1498 1171 1609 1212 Psal.

146 1258 228 1299 139
249 1247 363 1286 “Vir
393 1246 620 1299 linguosus
653 1258 741 1284 non
775 1244 987 1296 dirigetur
1018 1244 1061 1283 in
1085 1243 1235 1283 terra.''
1299 1244 1610 1286 Bonaventura

141 1321 253 1360 infra
285 1321 416 1361 dicit:
459 1319 702 1360 “Otiosum
738 1330 984 1357 sermonem
1023 1317 1257 1357 exhaurire
1291 1318 1609 1359 devotionem.'’

143 1393 291 1447 Quare
334 1393 602 1437 Diadochus.
638 1407 669 1432 c.
703 1392 769 1444 96,
804 1392 864 1431 ait
902 1405 987 1439 eos,
1022 1391 1095 1443 qui
1128 1391 1281 1431 volunt
1318 1406 1417 1432 cum
1460 1393 1610 1433 multis

139 1469 372 1508 virtutibus
424 1469 560 1508 vitam
614 1467 782 1518 degere,
842 1479 929 1505 11011
982 1465 1170 1504 111111111111
1223 1464 1342 1517 loqui
1395 1474 1609 1519 oportere,

141 1543 340 1595 quamvis
372 1543 543 1595 possint
573 1541 722 1581 omnia
753 1539 935 1592 pulchra
968 1539 1120 1579 dicere.
1186 1539 1386 1579 “Multus
1416 1554 1608 1594 namque

141 1617 319 1664 sermo,⁷'
344 1618 495 1669 inquit,
523 1619 747 1655 “mentem
770 1614 1060 1653 immoderate
1083 1613 1330 1653 distrahens
1354 1628 1441 1654 non
1464 1616 1606 1656 solum

141 1691 328 1731 otiosam
351 1691 394 1730 in
418 1689 629 1743 spirituali
654 1688 970 1728 exercitatione
993 1687 1134 1735 efficit,
1157 1687 1233 1726 sed
1257 1689 1390 1727 etiam
1415 1689 1607 1730 Daemon

141 1765 304 1804 acediae
327 1778 424 1804 eam
447 1762 618 1811 tradit‚'’
641 1777 680 1815 p.
706 1773 771 1813 92.
836 1761 944 1801 Hoc
967 1767 1115 1800 autem
1139 1762 1256 1814 quod
1287 1762 1393 1802 dicit
1416 1763 1604 1816 (etiamsi

140 1839 322 1892 pulchra
347 1840 432 1878 sint
456 1838 604 1878 omnia
627 1851 726 1890 quae
750 1835 984 1888 loquimur)
1010 1825 1321 1876 abstinendum
1344 1843 1438 1877 tum
1462 1852 1557 1877 esse
1579 1853 1605 1879 a

140 1914 407 1953 verbositate
440 1912 671 1952 confirmat
705 1911 830 1950 Isaac
864 1909 1011 1962 Syrus,
1039 1910 1095 1949 de
1129 1909 1398 1963 Contemptu
1433 1912 1603 1963 Mundi,

140 2002 174 2028 e.
202 1997 282 2038 52:
329 1988 402 2040 qui
435 1988 496 2027 ait
530 1987 699 2026 “etiam
732 1984 859 2024 utiles
893 1997 1115 2023 sermones
1145 1985 1237 2024 sine
1269 1998 1474 2025 mensura
1505 2001 1604 2039 pro-

140 2061 270 2102 batos
307 2061 716 2102 obtenebrationem
750 2059 947 2107 efficere3
989 2058 1221 2098 vilificatur
1261 2060 1378 2099 enim
1421 2061 1603 2109 anima‚”

140 2137 293 2189 inquit,
334 2135 654 2175 “multitudine
696 2133 1049 2181 collocutionum,
1099 2134 1298 2185 quamvis
1339 2137 1603 2188 praeparatio

140 2210 233 2264 ejus
265 2210 342 2250 fiat
373 2211 416 2250 in
448 2210 606 2249 timore
638 2208 758 2249 Deis

227 2285 287 2325 Et
337 2284 453 2324 idem
505 2282 773 2329 1313110611115,
817 2296 849 2322 6.
893 2291 974 2334 70:
1029 2282 1188 2323 “Sicut
1224 2281 1395 2334 janua,”
1447 2284 1599 2336 inquit,

140 2361 161 2379 “
177 2359 334 2408 balnei,
371 2359 405 2398 51
443 2357 593 2397 crebro
631 2357 859 2409 aperiatur,
898 2357 985 2396 cito
1020 2356 1209 2396 calorem
1247 2357 1340 2409 ejus
1376 2359 1599 2400 extrudit:

138 2433 200 2473 sic
236 2433 384 2472 anima
420 2445 519 2471 cum
557 2431 696 2471 multa
732 2431 851 2483 loqui
888 2430 990 2479 vult,
1025 2431 1225 2483 quamvis
1256 2430 1384 2471 valde
1418 2431 1600 2484 pulchra

139 2507 227 2546 sint
258 2506 417 2555 omnia,
440 2506 698 2545 memoriam
730 2505 796 2545 sui
827 2518 905 2557 per
935 2505 1086 2544 vocale
1117 2505 1278 2544 ostium
1311 2505 1523 2555 distrahit,
1547 2521 1599 2547 36

138 2580 364 2620 disturbat.
428 2579 501 2619 Ex
533 2593 620 2632 quo
652 2579 701 2619 fit
734 2585 780 2619 ut
811 2579 1094 2631 tempestivis,
1120 2585 1163 2619 et
1191 2580 1450 2632 opportunis
1480 2582 1598 2633 cogi-

136 2653 376 2694 tationibus
427 2654 633 2705 deinceps
673 2653 894 2707 privetur:
945 2653 1111 2693 bonum
1163 2654 1290 2702 enim,
1334 2660 1488 2707 utpote
1539 2655 1596 2696 ab

137 2729 257 2768 omni
280 2727 484 2776 tumultu,
507 2733 550 2767 et
572 2727 887 2779 imaginatione
910 2727 1112 2776 alienum,
1135 2728 1448 2768 verbositatem
1471 2727 1593 2782 fugit.

138 2801 352 2842 Praeclara
373 2815 476 2854 ergo
499 2815 565 2841 res
588 2807 653 2841 est
675 2801 907 2850 silentium,
931 2802 1126 2854 nihilque
1147 2801 1277 2851 aliud,
1301 2816 1434 2855 quam
1457 2809 1598 2844 mater

137 2875 561 2928 sapientissimorum
584 2875 893 2928 cogitatuum.''
