1903 3197
266 221 360 277 642
588 216 667 262 De
701 216 891 262 ratione
924 215 1118 261 vivendi
1151 213 1304 260 Societ
1338 215 1412 260 tis.

358 358 412 403 30.
460 351 575 404 Quia
612 351 748 391 nimia
784 350 1005 391 festinatio
1043 349 1261 390 deformat
1295 362 1381 396 ora,
1418 353 1461 388 et
1506 347 1731 387 hominem

271 428 385 469 male
408 429 720 480 morigeratum
744 428 897 468 reddit.
961 426 1099 466 Foede
1122 425 1237 465 enim
1261 425 1304 464 in
1327 437 1454 463 cursu
1476 429 1735 475 torquentur

271 518 357 551 ora,
389 510 431 543 et
462 504 604 543 minus
637 503 782 543 decori
815 503 1044 551 anhelitus,
1078 501 1350 553 suspiriaque
1384 503 1737 550 consequuntur;

271 593 370 632 quse
419 579 497 618 fari
550 593 637 618 non
695 579 853 623 sinunt,
903 591 1001 618 cum
1050 577 1197 617 nimiae
1249 575 1543 628 suscipiuntur
1590 573 1737 613 celeri-

270 660 395 701 tates,
436 655 553 707 quod
592 660 714 707 patet
753 655 795 693 in
842 653 1062 706 expeditis
1105 651 1351 693 cursoribus
1392 664 1491 690 cum
1528 649 1738 689 mandata

275 729 489 769 deferunt.

362 805 636 851 Ambrosius,
671 805 693 844 1.
740 816 768 845 1.
810 803 894 845 Off.
933 818 965 843 c.
1010 804 1085 843 18:
1139 802 1439 854 “Plerumque
1480 801 1738 841 festinantes

275 880 456 920 anhelos
506 880 706 919 videmus
757 885 960 931 torquere
1012 892 1097 923 ora,
1143 877 1301 929 quibus
1353 877 1387 916 si
1437 890 1569 916 causa
1620 875 1734 915 desit

276 955 567 995 festinationis
602 954 866 1002 necessariae,
902 967 1050 992 nzevus
1085 959 1149 992 est
1181 952 1311 1004 justae
1345 951 1635 992 offensionis.'’

366 1029 453 1070 Sed
477 1029 545 1068 hic
575 1028 762 1081 sumpsit
792 1041 848 1067 ex
880 1027 1088 1068 Cicerone
1118 1039 1146 1066 Ι.
1168 1026 1253 1067 Off.
1274 1027 1346 1079 qui
1370 1040 1469 1066 cum
1493 1025 1737 1066 cavendum

278 1118 371 1144 esse
414 1103 600 1151 doceret,
644 1116 699 1142 ne
740 1103 782 1142 in
835 1101 1188 1142 festinationibus
1240 1101 1529 1154 suscipiamus
1581 1098 1737 1139 nimias

278 1178 532 1226 celeritates,
565 1177 786 1217 subdidit:
819 1176 961 1229 “Quze
989 1190 1088 1216 cum
1117 1175 1226 1216 fiunt
1252 1175 1468 1215 anhelitus
1502 1179 1744 1219 moventur,

276 1253 423 1293 vultus
466 1258 702 1299 mutantur,
741 1266 815 1292 ora
852 1257 1135 1304 torquentur:
1183 1264 1239 1290 ex
1278 1250 1437 1302 quibus
1479 1247 1740 1302 significatio

280 1328 328 1367 fit
392 1341 479 1367 non
543 1327 698 1367 adesse
761 1326 1091 1366 constantiam.'’
1195 1325 1442 1365 Imitandus
1495 1330 1561 1364 est
1617 1322 1742 1362 nobis

283 1401 547 1443 Sanctorum
570 1402 757 1441 virorum
790 1402 993 1448 incessus,
1017 1401 1237 1453 praecipue
1271 1400 1354 1439 Dei
1389 1399 1556 1447 Matris,
1580 1397 1634 1437 de
1657 1411 1744 1450 qua

284 1479 344 1518 sic
367 1477 516 1517 scribit
547 1477 850 1517 Damascenus
880 1490 935 1515 or.
970 1488 997 1515 1.
1022 1476 1077 1515 de
1100 1475 1202 1515 Nat.
1229 1475 1364 1514 Mar.:
1398 1477 1419 1493 “
1439 1474 1622 1514 Gressus
1652 1471 1744 1524 ejus

284 1553 439 1605 gravis,
473 1558 514 1591 et
550 1551 737 1598 sedatus,
767 1557 899 1603 atque
933 1550 990 1590 ab
1024 1550 1145 1589 omni
1180 1549 1362 1589 mollitie
1396 1545 1625 1588 remotus.'’
1689 1546 1748 1585 Et

286 1626 403 1666 idem
469 1625 773 1665 Damascenus
835 1638 993 1677 supra:
1061 1626 1082 1642 “
1105 1622 1312 1676 Quonam
1375 1621 1542 1670 modo‚'’
1595 1619 1748 1672 inquit,

286 1701 623 1753 “gravissimum
646 1700 864 1739 incessum
895 1705 1019 1738 tuum
1048 1698 1295 1751 exprimam
1313 1696 1355 1737 ?”
1405 1696 1476 1745 Et,
1499 1702 1547 1735 ut
1570 1701 1750 1736 caeteros

286 1775 450 1823 sileam,
476 1775 608 1815 etiam
648 1775 690 1814 P.
715 1774 768 1814 N.
794 1774 968 1826 Ignatii,
1008 1773 1081 1825 qui
1119 1772 1162 1812 in
1199 1772 1368 1812 incessu
1406 1771 1563 1810 mirum
1597 1769 1754 1809 dicitur

288 1849 480 1890 tenuisse
502 1849 721 1888 decorum.
784 1847 905 1887 Maff.
930 1847 953 1886 l.
980 1857 1014 1898 3.
1038 1860 1070 1886 c.
1095 1846 1132 1886 6.

381 1922 541 1976 Quoad
564 1922 818 1963 secundum.
882 1922 955 1962 Ex
978 1920 1117 1961 tribus
1146 1919 1287 1960 causis
1310 1919 1409 1959 oriri
1431 1918 1543 1958 solet
1565 1916 1755 1957 insolens

292 1998 526 2038 festinatio.
615 2003 667 2037 10.
712 1996 786 2036 Ex
828 2002 984 2036 natura
1026 2001 1069 2035 et
1111 1994 1395 2042 institutione,
1439 1992 1557 2046 quod
1600 1991 1757 2044 aliquis

294 2079 450 2113 natura
482 2072 768 2125 praefervidus
806 2070 1022 2111 moderari
1054 2070 1130 2110 vix
1162 2075 1309 2123 potest
1337 2081 1521 2121 gressus,
1551 2073 1627 2107 aut
1658 2080 1757 2106 cum

290 2147 409 2200 jugis
446 2153 490 2187 et
531 2147 740 2187 continua
770 2146 1023 2199 properatio
1056 2145 1099 2184 in
1132 2150 1332 2184 naturam
1366 2156 1489 2183 versa
1519 2148 1595 2191 est,
1631 2147 1678 2181 ut
1700 2141 1761 2181 ait

297 2222 574 2270 Ambrosius,
609 2221 633 2261 1.
689 2233 719 2261 Ι.
775 2220 858 2262 Off.
907 2235 938 2260 c.
994 2220 1054 2259 18.
1100 2225 1234 2272 atque
1274 2218 1368 2258 haec
1405 2217 1627 2257 festinatio
1665 2215 1760 2268 jure

298 2297 659 2350 reprehenditur;
698 2297 801 2349 quia
838 2301 881 2335 et
923 2301 1078 2335 natura
1120 2292 1393 2334 moderanda
1435 2297 1501 2332 est
1542 2296 1586 2330 et
1633 2289 1764 2330 corri-

302 2371 448 2425 genda
494 2371 638 2424 siquid
681 2371 817 2411 habet
859 2370 966 2418 vitii,
1006 2375 1054 2409 ut
1105 2368 1221 2408 idem
1279 2372 1430 2407 monet
1484 2365 1761 2405 Ambrosius.

305 2445 425 2486 Nam
470 2445 530 2485 ita
572 2458 619 2484 se
661 2444 889 2484 instituere
938 2450 986 2483 ut
1027 2448 1186 2496 praeter
1227 2442 1452 2488 rationem,
1496 2445 1540 2479 et
1580 2438 1762 2479 modum

303 2520 403 2560 loco
436 2519 664 2569 movearis,
697 2518 825 2571 culpa
857 2532 944 2558 non
976 2522 1114 2558 vacat.

394 2602 449 2636 20.
485 2595 692 2635 Nascitur
726 2594 858 2634 etiam
894 2607 951 2633 ex
985 2592 1253 2640 necessitate,
1286 2596 1329 2630 et
1361 2596 1456 2631 tum
1491 2588 1671 2629 ferenda
1704 2593 1771 2628 est

309 2671 444 2711 nimia
471 2670 705 2719 festinatio,
728 2669 862 2709 modo
896 2669 936 2708 in
968 2682 1019 2708 ea
1047 2667 1140 2720 ipsa
1163 2665 1309 2719 quoad
1333 2665 1423 2704 fieri
1445 2669 1602 2718 potest,
1624 2656 1771 2703 decori

307 2745 421 2785 ratio
457 2744 681 2785 habeatur.
744 2743 1019 2790 Ambrosius,
1043 2741 1066 2781 l.
1097 2753 1128 2781 Ι.
1153 2740 1237 2782 Off.
1263 2753 1295 2780 c.
1326 2740 1404 2779 18:
1448 2738 1581 2778 “Nec
1613 2737 1772 2777 cursim

307 2818 532 2860 ambulare
554 2818 788 2858 honestum
818 2816 1012 2864 arbitror,
1037 2816 1118 2856 nisi
1149 2828 1249 2855 cum
1274 2827 1404 2854 causa
1427 2812 1568 2865 exigit
1591 2810 1774 2862 alicujus

304 2893 499 2947 periculi,
531 2892 599 2933 vel
633 2892 754 2945 justa
791 2890 1063 2932 necessitas.’'
1128 2887 1352 2929 “Doroth.
1386 2887 1473 2928 Ser.
1511 2897 1591 2936 24:
1636 2884 1774 2924 “Non

303 2968 484 3009 studeas
522 2967 563 3007 in
602 2967 772 3008 incessu
810 2972 887 3007 tuo
929 2965 1097 3018 absque
1135 2963 1380 3004 necessaria
1417 2959 1585 3002 causa.”
1652 2958 1777 2998 Isaac
