1903 3197
680 137 759 182 De
791 137 1046 185 Eramz'ne.
1496 156 1519 185 2
1527 143 1554 185 6
1562 156 1586 199 3

221 268 338 308 Nam
380 268 414 308 si
462 267 545 308 hoc
586 267 629 307 in
676 268 844 307 caeteris
891 269 984 308 aliis
1031 271 1275 311 actionibus
1317 285 1588 324 usurpamus,

120 355 231 393 ›quae
255 341 534 394 speculativae
556 341 769 388 dicuntur,
794 354 869 380 cur
891 355 977 381 non
1001 343 1043 381 in
1067 343 1304 383 moralibus
1328 345 1370 384 id
1394 359 1587 397 agamus,

135 413 206 454 ubi
240 427 342 454 vera
370 415 504 454 virtus
536 419 601 453 est
632 413 747 453 sita?
824 413 1140 466 Perpendimus
1176 416 1335 467 ingenii
1373 431 1516 469 opera,
1545 425 1588 458 et

123 485 432 538 intelligentiae
464 492 787 538 perscrutamur
808 493 960 533 errata,
985 500 1083 525 cum
1108 488 1212 539 quid
1246 490 1388 539 operis
1412 490 1466 529 ad
1490 504 1587 530 eam

120 560 330 612 pertinet.
393 559 645 599 Voluntatis
678 572 779 598 vero
821 566 1002 611 peccata
1037 561 1332 613 negligimus?
1407 561 1508 614 Qua
1544 564 1588 603 in

123 646 221 673 *una
258 639 376 673 recta
416 638 492 672 aut
532 646 667 685 prava
707 634 796 673 vita
837 634 1045 673 consistit.
1111 633 1199 674 Sed
1237 634 1442 674 viderunt
1478 635 1589 676 hanc

117 706 392 759 :explorandi
424 719 525 746 suos
548 707 744 758 quotidie
776 720 919 746 mores
942 708 1263 755 necessitatem,
1289 714 1445 748 natura
1467 709 1590 759 duce,

132 778 385 831 Philosophi
425 779 612 824 Ethnici,
650 780 692 818 in
730 780 897 831 quibus,
936 786 982 819 ut
1017 781 1123 828 dixi,
1164 781 1359 820 maxime
1392 782 1455 821 vis
1490 783 1590 822 rati—

116 852 226 892 -onis
249 852 398 892 elucet.
454 852 682 892 Platonem
705 854 876 899 scimus,
900 867 998 893 cum
1023 854 1077 893 ab
1100 853 1331 894 hominum
1355 869 1589 908 congressu

114 926 385 971 discederet,
421 927 675 966 examinare
707 927 884 966 solitum
920 941 1021 967 suos
1058 941 1211 976 mores,
1245 934 1389 968 utrum
1428 929 1591 970 similes

117 1004 276 1039 essent
299 999 402 1051 ipsis
420 1013 529 1050 quos
552 1000 594 1038 in
617 1000 785 1039 caeteris
808 1013 893 1040 non
916 1000 1142 1052 probabat.
1194 1001 1311 1040 Nam
1331 1002 1385 1041 de
1409 1001 1591 1042 Socrate

119 1085 198 1112 *res
220 1072 352 1112 etiam
382 1072 474 1124 jam
497 1072 610 1121 trita,
634 1072 690 1112 de
711 1086 799 1124 quo
824 1073 951 1113 Mart.
978 1074 1019 1112 in
1044 1073 1266 1126 Epigram.
1323 1075 1431 1114 “Vir
1451 1075 1591 1115 bonus

130 1151 175 1186 et
211 1146 385 1198 sapiens
422 1159 507 1185 non
545 1146 675 1198 prius,
713 1146 864 1198 inquit,
900 1147 942 1185 in
984 1146 1156 1187 dulcem
1200 1147 1390 1188 declinat
1426 1148 1591 1189 lumina

131 1231 346 1266 somnum,
369 1215 523 1257 omnia
539 1232 672 1270 quam
700 1218 819 1270 longi
843 1220 1108 1271 reputaverit
1131 1226 1229 1261 acta
1252 1221 1374 1261 diei.'‘
1430 1221 1590 1274 Pytha-

132 1304 260 1343 goras
297 1291 430 1330 etiam
468 1291 528 1330 ita
564 1305 666 1331 suos
703 1292 925 1332 auditores
961 1294 1159 1341 instituit,
1184 1300 1231 1333 ut
1263 1308 1363 1334 suas
1395 1295 1592 1347 quotidie

114 1365 324 1404 actiones
355 1377 509 1403 omnes
540 1364 707 1417 vesperi
745 1372 1117 1416 recognoscerent.
1200 1366 1457 1407 Plutarchus
1490 1382 1591 1408 vero

131 1437 244 1477 hanc
265 1437 381 1477 viam
404 1437 537 1477 tradit
565 1437 819 1490 proficiendi
851 1438 1096 1490 optimam.1
1159 1439 1228 1478 De
1262 1440 1419 1481 Sextio
1452 1441 1591 1493 philo-

132 1509 271 1562 sopho
306 1510 511 1550 Romano
544 1516 692 1550 narrat
729 1511 908 1559 Seneca,
947 1518 1254 1552 consummato
1291 1514 1372 1562 die,
1408 1527 1507 1553 cum
1546 1528 1592 1554 se

130 1584 187 1624 ad
239 1589 497 1624 nocturnam
550 1585 743 1636 quietem
797 1585 1041 1637 recepisset,
1091 1586 1358 1638 interrogare
1411 1587 1590 1628 solitum

131 1657 327 1697 animum
365 1671 517 1697 suum:
556 1656 688 1708 Quod
726 1657 858 1697 hodie
892 1658 1056 1698 malum
1090 1664 1215 1699 tuum
1249 1661 1446 1700 sanasti?
1510 1661 1592 1702 Cui

117 1731 237 1770 vitio
259 1731 466 1770 obstitisti
485 1731 499 1769 ?
560 1729 661 1782 Qua
683 1737 807 1782 parte
830 1732 983 1771 melior
1006 1746 1050 1771 es
1067 1731 1104 1771 ?2
1166 1731 1284 1784 Quin
1307 1734 1400 1785 ipse
1424 1734 1592 1776 Seneca

133 1818 221 1844 non
259 1804 391 1844 modo
426 1804 623 1856 praecipit
660 1805 905 1844 vocandum
941 1806 1138 1856 quotidie
1172 1807 1368 1846 animum
1406 1821 1499 1847 esse
1533 1809 1588 1848 ad

132 1877 401 1917 reddendam
439 1878 663 1924 rationem,
687 1890 837 1916 verum
878 1878 1011 1917 etiam
1048 1879 1104 1917 de
1141 1892 1186 1918 se
1224 1879 1316 1931 ipse
1348 1879 1519 1929 fatetur,
1543 1895 1589 1921 se

114 1951 328 2003 quotidie
350 1950 405 1989 de
436 1951 524 1989 suis
556 1951 832 1990 consuevisse
864 1951 1059 1990 moribus
1091 1958 1292 1992 accurate
1313 1967 1588 2005 cognoscere,

114 2024 253 2076 cujus
288 2023 361 2063 illa
389 2029 491 2063 sunt
512 2023 654 2063 verba.
718 2023 873 2075 “Quid
907 2024 1127 2076 pulchrius
1162 2025 1244 2065 hac
1273 2028 1590 2068 consuetudine

132 2097 385 2138 excutiendi
407 2103 549 2137 totum
583 2097 731 2136 diem?
793 2097 948 2149 Qualis
986 2097 1056 2138 ille
1086 2112 1265 2139 somnus
1304 2107 1405 2152 post
1441 2115 1590 2155 recog-

132 2171 342 2211 nitionem
385 2171 449 2210 sui
492 2171 697 2222 sequitur,
735 2184 867 2222 quam
911 2171 1180 2223 tranquillus,
1218 2173 1343 2222 altus,
1378 2188 1428 2214 ac
1470 2175 1589 2225 liber,

113 2258 231 2284 -cum
254 2250 330 2284 aut
352 2244 555 2283 laudatus
578 2249 642 2283 est
665 2245 848 2294 animus,
871 2251 947 2284 aut
969 2246 1220 2286 admonitus
1239 2259 1246 2295 3
1278 2253 1320 2287 et
1343 2248 1591 2300 speculator

132 2318 210 2367 sui,
233 2331 473 2369 censorque
502 2323 691 2357 secretus
723 2319 948 2369 cognoscit
980 2319 1036 2358 de
1067 2320 1261 2360 moribus
1293 2321 1412 2360 suis?
1476 2322 1590 2362 Utor

130 2390 213 2430 hac
244 2396 476 2443 potestate,
514 2398 558 2430 et
590 2391 786 2443 quotidie
823 2392 941 2443 apud
980 2405 1050 2431 me
1086 2406 1264 2433 causam
1302 2394 1409 2434 dico.
1474 2394 1586 2435 Cum

114 2462 353 2503 ,sublatum
386 2477 409 2502 e
441 2470 674 2516 conspectu
708 2463 855 2503 lumen
880 2471 956 2513 est,
979 2472 1023 2505 et
1059 2467 1266 2507 conticuit
1300 2481 1422 2516 uxor,
1457 2469 1588 2507 moris

133 2536 217 2575 mei
238 2536 330 2587 jam
353 2538 536 2584 conscia,
556 2543 699 2576 totum
723 2538 839 2577 diem
863 2551 1035 2578 mecum
1059 2546 1235 2587 scrutor,
1260 2541 1374 2581 facta
1397 2555 1446 2580 ac
1469 2541 1588 2581 dicta

133 2622 230 2648 mea
272 2610 484 2649 remetior.
547 2609 667 2649 Nihil
705 2610 810 2649 mihi
853 2612 945 2663 ipse
980 2612 1214 2660 abscondo,
1254 2613 1360 2653 nihil
1397 2619 1582 2661 transeo,

112 2695 263 2733 »quare
296 2695 397 2721 nam
430 2683 671 2735 quidquam
704 2697 761 2723 ex
794 2685 1010 2725 erroribus
1048 2687 1154 2725 meis
1192 2687 1406 2726 timeam?
1470 2686 1581 2726 Cum

128 2755 293 2806 possim
333 2755 503 2795 dicere:
551 2756 664 2795 Vide
701 2770 754 2796 ne
792 2757 906 2798 istud
949 2758 1136 2811 amplius
1174 2758 1316 2806 facias,
1357 2773 1470 2799 nunc
1504 2760 1582 2800 tibi

277 2841 290 2861 ¹
316 2843 438 2884 Opusc.
458 2845 500 2876 de
522 2846 655 2885 profect.
677 2846 750 2878 virt.
770 2853 850 2879 sent.
1031 2847 1044 2866 2
1068 2849 1121 2879 De
1146 2849 1207 2880 Ira.
1237 2849 1257 2879 l.
1279 2856 1307 2888 3.
1329 2859 1355 2880 c.
1377 2849 1427 2888 36.
