1903 3197
364 149 617 196 Patientia
652 148 859 209 exemplo
897 147 946 193 S.
965 147 1066 210 sob
1101 146 1399 193 assmnenda.
1525 158 1622 205 577

237 281 436 323 Tertium
471 279 783 321 consolationis
818 279 1033 319 interioris
1067 292 1205 332 genus
1241 278 1352 319 solet
1381 292 1477 319 esse
1510 278 1619 318 divi-

150 369 256 396 num
299 362 342 396 et
383 354 571 402 coeleste,
610 366 710 393 cum
761 353 803 391 in
856 366 973 404 aegro
1015 366 1196 405 corpore
1248 366 1372 392 mens
1423 351 1618 392 humana

149 429 307 469 divinis
339 428 604 481 quibusdam
645 425 947 478 voluptatibus
979 426 1196 478 pascitur:
1230 427 1306 466 sed
1338 425 1407 466 ha:
1442 439 1619 478 quoque

151 503 382 555 aegrotanti
416 502 501 554 Job
535 502 726 541 deerant.
792 499 910 551 Quid
954 500 1070 539 enim
1109 500 1164 539 de
1207 500 1306 540 Deo
1340 501 1456 544 dicit.
1493 514 1526 540 c.
1561 501 1620 553 9?

149 579 171 595 “
187 576 246 616 Et
268 574 442 628 replet,''
466 575 618 626 inquit,
635 576 656 592 “
671 586 742 612 me
764 572 1129 612 amaritudinibus
1148 586 1156 622 ;
1174 572 1192 587 '’
1217 579 1260 612 et
1282 587 1315 612 c.
1341 583 1404 624 27,
1424 576 1445 593 “
1462 573 1618 613 Omni-

149 656 316 702 potens,
356 649 429 702 qui
461 649 516 688 ad
555 646 894 687 amaritudinem
936 646 1127 686 adduxit
1169 647 1361 686 animam
1406 647 1616 696 meam;”

149 730 194 764 et
235 738 266 764 c.
300 724 337 771 6,
367 722 500 774 juxta
541 722 779 761 editionem
824 720 1129 773 Septuaginta,
1155 720 1266 759 “An
1306 734 1392 760 non
1436 721 1479 760 in
1518 721 1617 761 Deo

148 796 460 837 confidebam?
497 795 763 846 adjutorium
802 799 950 833 autem
990 793 1094 833 mihi
1133 793 1283 834 abest:
1322 794 1514 834 deseruit
1546 808 1617 835 me

150 869 468 909 misericordia:
501 869 693 909 visitatio
726 874 873 908 autem
911 868 1091 908 Domini
1125 868 1331 920 despexit
1355 867 1459 908 me.'’
1525 868 1615 909 Ubi

151 941 543 996 Chrysostomus:1
576 942 674 982 “Et
705 941 897 994 corporis
932 941 1148 993 quidem‚”
1173 942 1326 993 inquit,
1353 941 1617 982 “calamitas

148 1016 434 1068 hujusmodi:
496 1016 615 1067 quod
673 1020 820 1055 autem
879 1015 1074 1054 animum
1135 1014 1396 1067 {egritudine
1456 1014 1617 1055 lacerat

149 1091 346 1130 maxime
376 1089 482 1129 illud
521 1095 598 1137 est,
623 1089 741 1141 quod
780 1102 836 1128 ex
870 1088 937 1127 his
975 1088 1101 1128 malis
1140 1089 1282 1127 facere
1319 1088 1616 1139 conjecturam

148 1163 259 1213 licet,
299 1177 369 1203 me
407 1177 432 1202 a
469 1162 578 1211 Deo,
613 1163 687 1214 qui
730 1162 834 1201 mihi
882 1163 1101 1214 prcecipue
1143 1162 1262 1202 cordi
1305 1169 1407 1211 erat,
1447 1163 1489 1201 in
1528 1176 1617 1215 quo

147 1250 247 1289 spes
283 1250 402 1276 meas
434 1249 586 1275 omnes
619 1235 854 1275 collocatas
886 1235 1117 1285 habebam,
1151 1249 1326 1288 prorsus
1366 1249 1460 1275 esse
1493 1235 1617 1275 dere-

147 1310 310 1359 lictum,
354 1309 640 1361 ejusdemque
682 1310 931 1349 visitatione
978 1323 1029 1348 ac
1080 1309 1434 1348 miserationibus
1486 1308 1617 1361 plane

148 1383 374 1423 nudatum.
436 1382 590 1434 Atque
613 1395 664 1422 ea
693 1395 737 1421 re
764 1382 908 1434 justus
938 1383 1181 1435 angebatur
1203 1381 1616 1423 vehementissime:

148 1456 192 1496 id
230 1457 346 1496 enim
384 1469 532 1495 secum
570 1456 662 1508 ipse
700 1456 925 1508 expendat
958 1457 1268 1508 unusquisque,
1294 1461 1486 1507 quantus
1525 1455 1617 1507 ejus

146 1529 336 1570 hominis
372 1529 428 1569 sit
461 1542 632 1578 moeror,
664 1529 735 1581 qui
775 1543 873 1569 cum
912 1530 1061 1569 divino
1099 1531 1154 1569 sit
1196 1542 1345 1569 amore
1383 1529 1615 1577 sauciatus,

148 1618 174 1644 a
211 1604 319 1653 Deo,
351 1616 481 1655 quem
521 1616 656 1642 unum
694 1608 831 1655 optat,
863 1604 1085 1643 desertum
1124 1617 1169 1643 se
1206 1609 1355 1642 tamen
1395 1616 1489 1642 esse
1526 1616 1618 1642 sus-

149 1678 325 1730 picetur.
403 1677 522 1716 Hinc
555 1677 760 1729 pristinas
796 1677 890 1716 illas
926 1677 1009 1716 Dei
1039 1677 1310 1716 visitationes
1347 1681 1482 1728 optat.
1516 1690 1616 1715 cum

147 1749 261 1792 aitx2
306 1750 417 1803 Quis
449 1749 554 1789 mihi
592 1750 767 1799 tribuat,
803 1756 850 1789 ut
882 1751 962 1789 sim
1004 1750 1134 1802 juxta
1179 1763 1350 1789 menses
1393 1750 1615 1802 pristinos,

149 1825 391 1865 secundum
438 1825 543 1872 dies,
587 1824 747 1876 quibus
795 1824 915 1864 Deus
963 1824 1239 1864 custodiebat
1288 1824 1390 1863 me?
1439 1823 1617 1876 quando

149 1898 410 1952 splendebat
447 1897 622 1937 lucerna
654 1897 746 1949 ejus
779 1911 909 1950 super
945 1904 1077 1950 caput
1109 1911 1268 1945 meum,
1300 1903 1342 1937 et
1374 1897 1431 1936 ad
1469 1896 1617 1937 lumen

150 1972 243 2025 ejus
276 1971 559 2012 ambulabam
597 1971 640 2010 in
673 1971 889 2011 tenebris:
932 1972 1043 2011 sicut
1086 1972 1144 2011 fui
1184 1973 1227 2010 in
1260 1971 1414 2010 diebus
1448 1970 1618 2011 adoles-

150 2047 305 2086 centiae
348 2058 469 2093 meae,
513 2045 692 2097 quando
735 2050 902 2084 secreto
950 2045 1072 2084 Deus
1115 2051 1207 2084 erat
1250 2046 1291 2084 in
1335 2044 1617 2085 tabernaculo

153 2119 285 2159 meo?
348 2117 539 2171 Quando
577 2124 670 2158 erat
703 2118 997 2171 Omnipotens
1031 2117 1239 2167 mecum,”
1274 2124 1352 2158 etc.
1417 2119 1536 2170 Ergo
1575 2119 1618 2158 id

148 2193 360 2246 temporis
402 2206 501 2232 cum
544 2207 693 2233 eversa
733 2199 835 2232 sunt
872 2194 1032 2241 omnia,
1068 2194 1160 2232 sine
1204 2193 1302 2232 Deo
1344 2206 1390 2231 se
1431 2192 1618 2244 putabat

149 2281 254 2316 esse,
284 2273 328 2307 et
360 2280 385 2306 a
419 2266 516 2306 Deo
553 2266 749 2307 relictum
788 2272 831 2306 et
868 2267 1138 2307 destitutum.
1218 2266 1325 2306 Ideo
1363 2266 1534 2306 hostem
1574 2272 1618 2306 et

149 2341 273 2393 quasi
315 2340 488 2380 hostem
531 2354 658 2380 suum
701 2340 803 2381 alibi
851 2341 997 2380 Deum
1041 2340 1246 2394 appellat,
1290 2346 1337 2380 ut
1379 2355 1411 2380 c.
1458 2340 1517 2388 16,
1562 2340 1617 2380 de

150 2428 290 2466 eoque
313 2412 463 2454 dicit:3
481 2418 503 2434 “
520 2414 709 2466 Collegit
732 2414 919 2454 furorem
947 2429 1073 2454 suum
1098 2415 1141 2454 in
1165 2428 1235 2454 me
1253 2414 1291 2463 ;”’
1311 2414 1365 2453 de
1388 2428 1439 2454 eo
1463 2414 1615 2454 etiam:

151 2488 249 2527 “Et
269 2489 390 2528 venit
421 2502 551 2541 super
573 2501 643 2528 me
666 2488 910 2541 indignatio
929 2502 936 2537 3
954 2487 973 2501 '’
997 2490 1051 2528 de
1075 2502 1125 2528 eo
1145 2502 1151 2528 :
1177 2491 1197 2507 “
1214 2488 1399 2540 Sagittae
1433 2488 1615 2527 Domini

150 2563 193 2601 in
216 2575 287 2601 me
310 2567 422 2610 sunt,
447 2575 631 2614 quarum
662 2562 907 2614 indignatio
931 2563 1066 2602 ebibit
1090 2563 1290 2615 spiritum
1315 2575 1460 2601 meum
1483 2561 1526 2611 ;''
1560 2562 1616 2600 de

151 2649 202 2675 eo
235 2635 449 2687 denique:
473 2638 494 2654 “
510 2635 656 2687 Quare
678 2637 861 2687 posuisti
886 2650 955 2676 me
978 2637 1242 2676 contrarium
1271 2636 1348 2675 tibi
1367 2636 1380 2674 ?
1397 2634 1416 2649 ''
1481 2634 1614 2675 Nulla

149 2709 281 2761 igitur
316 2723 342 2749 a
381 2709 477 2748 Deo
513 2709 744 2749 videbatur
781 2723 873 2750 esse
911 2710 1164 2758 consolatiO,
1204 2723 1333 2762 quem
1378 2708 1458 2748 sibi
1501 2709 1613 2748 arbi-

540 2854 552 2874 1
577 2856 613 2887 C.
636 2856 666 2887 6.
804 2856 817 2875 ²
840 2858 878 2889 C.
901 2865 951 2897 29.
1127 2858 1165 2888 C.
1187 2866 1214 2897 3.

323 2927 383 2957 LL
