1903 3197
374 176 454 221 De
484 175 659 221 studiis
692 175 863 221 mentis
898 174 1315 236 interrnznpendz's.
1471 187 1532 232 43
1541 189 1566 233 3

107 308 232 349 labor
274 314 421 348 noster
461 307 661 360 placeat3
709 307 769 346 sic
811 307 928 346 enim
970 308 1040 355 ait,
1080 321 1179 346 cum
1222 307 1277 347 de
1318 306 1568 359 pastoribus

109 382 327 434 loquitur:
355 381 650 434 “Agnoscant
686 379 897 428 homines,
932 381 1035 431 quia
1071 381 1114 419 in
1152 380 1300 420 labore
1337 380 1565 420 hominum

109 469 196 496 non
229 462 340 503 sunt,
363 456 527 495 visitari
559 454 615 494 ab
642 453 828 506 Angelis
858 466 946 493 non
976 452 1254 493 rnerentu.r.’'1
1306 453 1569 506 Agnoscant

108 543 241 582 quarn
265 530 435 582 placeat
452 528 648 581 supernis
670 527 837 567 civibus
860 527 991 575 labor,
1009 527 1132 578 cujus
1156 527 1358 579 spiritalis
1382 528 1567 567 intenti0

108 609 198 644 est:
232 603 589 656 quandoquidem
612 607 655 641 et
678 615 752 641 eos
781 601 853 653 qui
886 615 965 653 pro
987 601 1103 640 victu
1126 601 1328 652 corporis,
1352 601 1564 652 corporali

109 683 290 729 urgente
332 676 589 716 necessitate
636 674 848 723 laborant,
886 688 964 714 suo
1006 674 1244 726 dignantur
1284 673 1486 725 alloquio,
1525 680 1568 713 et

109 750 302 803 alloquio
333 756 424 790 tam
459 749 581 789 felici.

196 825 255 864 Et
280 823 513 864 Cassianus
546 823 588 862 id
621 821 862 871 confirmat,
886 835 1019 874 quam
1049 821 1214 861 scilicet
1242 822 1338 860 Deo
1369 820 1567 873 placeat:

108 898 328 947 “Labor‚”
362 898 512 950 inquit,
549 896 768 937 “carnalis
805 896 980 949 spiritus
1018 895 1265 935 contritioni
1308 895 1567 947 conjunctus

108 973 461 1025 acceptissimum
525 972 623 1010 Deo
684 970 953 1019 sacrificium,
1002 970 1273 1022 dignumque
1325 968 1568 1008 sanctitatis

108 1045 407 1086 habitaculum
439 1045 557 1098 puris
589 1044 832 1084 recessibus
862 1042 1149 1083 exliibebit.’'2

260 1238 285 1293 ξ
319 1249 480 1290 3.-DE
513 1248 707 1280 STUDHS
741 1249 927 1279 MENTIs
960 1245 1423 1278 INTERRUMPENDIS.

196 1339 353 1378 Restat
385 1337 513 1377 tertia
546 1337 729 1389 Regulae
762 1351 873 1390 pars,
901 1351 999 1389 quae
1032 1337 1177 1376 studia
1212 1335 1370 1374 mentis
1404 1335 1570 1374 exerci-

108 1412 395 1463 tationesque,
438 1424 729 1463 quaecumque
776 1411 860 1450 illae
908 1412 1004 1459 sint,
1048 1409 1303 1461 interrumpi
1347 1408 1484 1459 jubet,
1529 1414 1572 1448 et

108 1500 195 1527 non
247 1486 501 1534 continuari,
547 1498 626 1524 nec
677 1485 768 1524 sine
820 1498 1023 1524 mensura
1073 1482 1345 1523 discretionis
1396 1482 1569 1522 assumi.

109 1559 222 1601 Sunt
255 1565 401 1599 autem
434 1558 528 1598 haec
560 1558 708 1598 omnia
742 1557 925 1610 Regulae
954 1557 1087 1597 verba
1121 1570 1207 1596 non
1241 1555 1333 1595 sine
1366 1568 1497 1595 causa
1529 1556 1571 1595 in

108 1647 244 1674 unum
276 1632 400 1686 plura
432 1637 652 1684 congesta,
677 1645 776 1683 quae
804 1631 893 1671 vim
927 1630 1128 1671 eamdem
1164 1630 1368 1669 videntur
1399 1628 1569 1668 habere.

110 1707 315 1747 Indicant
347 1706 462 1745 enim
498 1705 803 1745 necessitatem
839 1704 1184 1756 interrumpendi
1220 1702 1365 1742 studia
1401 1703 1571 1749 mentis,

109 1794 293 1833 quorum
337 1779 470 1819 nimia
512 1779 776 1819 continuitas
816 1778 1098 1818 vehementer
1145 1777 1277 1817 officit
1318 1775 1571 1825 valetudini,

108 1855 210 1895 licet
244 1855 288 1894 id
331 1867 418 1893 non
460 1852 605 1892 subito
648 1852 898 1900 sentiamus,
935 1852 1011 1891 sed
1049 1851 1314 1903 procedente
1351 1849 1433 1898 die,
1472 1863 1570 1888 cum

109 1929 270 1968 sensim
312 1928 422 1966 vires
459 1940 516 1966 ex
559 1925 804 1965 studiorum
841 1924 1156 1977 defatigatione
1198 1923 1494 1975 languescant,
1530 1929 1574 1963 et

109 2015 266 2055 corpus
304 2006 576 2041 extenuatur.
641 1999 743 2053 Non
776 1999 891 2038 enim
927 2012 1050 2038 mens
1084 2004 1149 2038 est
1181 2003 1330 2037 nostra
1362 1997 1572 2049 angelicae

110 2077 269 2116 mentis
292 2076 439 2124 instar,
463 2074 586 2126 cujus
609 2080 674 2113 est
697 2074 788 2113 sine
814 2073 963 2113 labore
986 2073 1072 2112 ullo
1102 2078 1314 2125 perpetua
1344 2071 1386 2110 in
1415 2071 1572 2111 intelli-

108 2149 240 2204 gendi
291 2150 464 2189 actione
504 2148 675 2197 versari,
719 2153 762 2187 et
803 2148 895 2187 sine
945 2147 1032 2187 ullo
1075 2160 1200 2186 cursu
1253 2160 1572 2199 progressuque

109 2223 301 2272 rationis,
326 2221 533 2275 quicquid
555 2221 670 2269 velit,
696 2221 985 2274 intelligentia
1014 2220 1257 2274 complecti,
1283 2220 1386 2272 quia
1417 2226 1574 2260 natura

108 2297 300 2351 quadam
352 2302 417 2336 est
468 2296 603 2336 libera
654 2309 704 2335 ac
756 2295 951 2347 sejuncta
1003 2296 1058 2335 ab
1110 2294 1229 2335 omni
1293 2294 1572 2333 concretione

110 2371 315 2412 materiae.
384 2370 478 2410 Nos
512 2375 660 2410 autem
697 2383 796 2409 cum
833 2382 1037 2422 geramus
1075 2383 1231 2421 corpus
1268 2367 1351 2408 hoc
1388 2368 1572 2408 dissolu—

108 2444 207 2494 bile,
235 2444 353 2497 quod
390 2444 562 2484 animus
599 2448 747 2483 noster
783 2443 1001 2493 informat,
1034 2455 1312 2495 nequaquam
1350 2442 1442 2482 sine
1479 2441 1573 2494 ejus

109 2519 315 2572 praesidio
343 2524 476 2571 atque
507 2518 817 2572 phantasmate
846 2517 1010 2570 aliquid
1044 2517 1333 2570 intelligentia
1361 2517 1570 2569 consequi

109 2605 353 2645 possumus,
377 2606 454 2632 nec
483 2593 576 2632 sine
607 2592 757 2632 labore
785 2606 1000 2645 cursuque
1030 2592 1220 2632 rationis.
1284 2591 1442 2642 Itaque
1470 2603 1570 2630 cum

109 2666 152 2705 in
190 2672 375 2718 utroque
407 2667 462 2706 sit
494 2666 617 2706 labor
653 2667 697 2706 in
733 2667 882 2707 animo
919 2671 963 2707 et
993 2667 1038 2706 in
1075 2678 1282 2719 corpore;
1329 2665 1373 2704 in
1410 2664 1569 2713 animo,

109 2740 212 2792 quia
263 2745 471 2780 avocatur
512 2754 537 2780 a
579 2740 777 2781 sensibus
823 2740 984 2782 actioni
1036 2741 1196 2780 mentis
1247 2740 1474 2788 intentus;
1527 2738 1571 2777 in

108 2827 299 2867 corpore,
343 2814 445 2866 quia
496 2813 539 2853 in
586 2814 829 2854 actionibus
875 2815 1009 2856 animi
1062 2813 1312 2863 collaborat,
1356 2818 1569 2865 tanquam

433 2901 442 2921 ¹
470 2903 540 2935 Ser.
561 2910 580 2943 3
596 2903 638 2935 de
654 2903 734 2936 Nat.
757 2904 858 2936 Dom.
995 2902 1008 2921 ²
1032 2904 1069 2935 L.
1091 2911 1120 2943 9.
1142 2913 1169 2935 c.
1190 2911 1240 2935 21.

281 2964 339 2996 CC
