1903 3197
257 163 356 206 414
584 147 665 193 De
697 149 887 194 ratione
921 149 1113 195 vivendi
1146 150 1405 198 Socz'elatz'S.

256 280 560 332 requiramus?
623 280 752 331 Nam,
791 287 839 321 ut
880 281 996 321 idem
1040 282 1226 323 Basilius
1268 283 1355 322 ait:
1389 283 1595 337 “Corpus
1636 285 1719 327 hoc

258 355 456 395 attritum
475 355 629 394 morbo
647 368 733 395 non
753 355 846 407 jam
865 355 1060 396 Domino
1079 358 1134 397 ad
1159 357 1362 396 Fratrum
1385 357 1720 400 beneficentiam

257 429 425 478 serviet,
448 428 526 468 sed
558 434 741 468 caeteros
772 430 828 469 ad
862 431 926 469 sui
959 444 1106 470 curam
1140 444 1286 471 servos
1317 431 1521 481 attrahet,
1550 439 1593 473 et
1625 433 1720 473 reli-

258 503 356 555 quis
389 502 592 542 omnibus
635 502 715 542 erit
751 503 1052 543 beneficentiae
1094 504 1301 544 occasio.’'
1365 505 1574 558 Quisquis
1617 520 1721 560 ergo

257 576 496 616 valetudini
557 590 659 626 suae,
712 584 926 629 quantum
981 578 1085 618 satis
1143 584 1218 627 est,
1273 579 1404 619 servit
1455 585 1503 619 ut
1563 581 1722 621 servire

257 650 562 703 proximorum
605 651 849 690 commodis
892 657 935 691 et
971 651 1099 691 saluti
1135 659 1277 705 queat,
1313 653 1348 692 is
1391 653 1520 693 laude
1562 654 1721 706 dignus

259 730 334 764 est.
397 724 515 763 Nam
549 737 627 763 nec
653 723 820 773 docere,
845 738 925 764 nec
953 739 1032 777 pro
1065 726 1274 765 concione
1300 727 1454 776 dicere,
1479 740 1557 767 nec
1587 727 1721 767 confi-

256 797 449 837 tentibus
472 798 667 850 praebere
689 811 850 846 aurem,
870 812 949 838 nec
972 798 1233 851 longinquas
1256 801 1454 852 regiones
1476 815 1718 854 peragrare,

257 885 338 911 nec
378 872 569 923 denique
611 871 654 909 in
696 871 838 910 officio
882 871 1071 911 Marthae
1113 874 1271 912 versari
1324 875 1417 914 sine
1457 874 1719 915 valetudinis

256 946 374 985 bono
407 959 456 984 ac
477 945 633 984 virium
665 943 874 984 firmitate
906 946 1003 996 quis
1035 947 1208 997 possit?

344 1018 512 1070 Quinta
541 1031 672 1057 causa
701 1023 767 1057 est
796 1019 909 1070 quia,
934 1019 1007 1070 qui
1040 1019 1315 1059 moderatam
1348 1034 1436 1060 suae
1459 1021 1722 1063 valetudinis

255 1105 403 1132 curam
438 1092 560 1144 gerit,
594 1091 776 1143 adjuvat
809 1092 852 1131 in
887 1105 939 1131 ea
972 1106 1017 1131 re
1051 1093 1349 1133 moderatores
1385 1109 1498 1145 suos,
1533 1109 1719 1148 quorum

257 1179 416 1205 munus
458 1171 524 1205 est
565 1171 686 1205 tuere
728 1166 1016 1215 subditorum,
1053 1180 1139 1206 non
1177 1168 1312 1208 modo
1350 1169 1530 1219 animas,
1569 1184 1720 1210 verum

257 1240 390 1280 etiam
414 1253 604 1292 corpora.
670 1239 884 1292 Quamvis
917 1241 1032 1279 enim
1066 1241 1109 1280 in
1142 1242 1193 1281 iis
1225 1242 1400 1282 tuendis
1431 1244 1722 1297 regendisque

256 1313 443 1354 sollicito
476 1327 550 1353 eos
582 1314 731 1353 animo
764 1314 959 1353 diximus
982 1315 1212 1364 excubare,
1236 1321 1283 1355 ut
1312 1330 1636 1368 supervacanea
1664 1319 1721 1358 sit

257 1388 400 1428 omnis
437 1387 685 1427 sollicitudo
722 1388 1032 1437 subditorum;
1080 1394 1229 1429 tamen
1272 1391 1482 1442 quoniam
1519 1391 1721 1432 homines

257 1467 369 1509 sunt,
416 1462 724 1514 interdumque
771 1462 1051 1502 multitudine
1098 1477 1298 1503 curarum
1345 1478 1396 1504 ac
1442 1466 1718 1518 negotiorum

257 1535 587 1587 circumspicere
624 1536 769 1575 minus
806 1542 989 1588 possunt
1023 1537 1305 1578 necessitates
1342 1539 1536 1591 singulas
1574 1540 1720 1593 singu-

255 1608 408 1657 lorum,
447 1609 481 1648 si
525 1609 688 1648 subditi
741 1610 834 1662 ipsi,
870 1611 988 1650 omni
1027 1611 1209 1662 abjecta,
1246 1618 1294 1651 ut
1335 1626 1465 1665 supra
1507 1614 1715 1663 diximus,

255 1681 558 1731 sollicitudine,
597 1683 871 1723 moderatam
915 1697 1004 1723 suae
1046 1684 1309 1725 valetudinis
1355 1699 1504 1725 curam
1551 1694 1718 1740 gerant,

255 1755 467 1807 adjuvant
509 1770 559 1795 ea
611 1757 779 1796 ratione
842 1757 1126 1809 Superiorum
1179 1772 1305 1798 curas
1353 1765 1487 1811 atque
1537 1761 1720 1812 vigilias,

255 1843 305 1870 ac
347 1835 580 1882 propterea
622 1830 751 1870 laude
792 1829 983 1870 habendi
1036 1837 1137 1871 sunt
1174 1832 1307 1884 digni,
1345 1833 1387 1872 in
1430 1847 1570 1886 eoque
1624 1836 1721 1888 ipso

255 1904 374 1956 quod
407 1904 495 1943 suis
529 1904 888 1953 moderatoribus,
921 1918 1105 1957 quorum
1133 1905 1407 1946 voluntatem
1442 1914 1718 1960 perspectam

249 1977 342 2030 jam
395 1976 571 2026 habent,
624 1977 807 2030 obsequi
859 1978 1048 2026 student,
1095 1978 1244 2018 Divini
1286 1993 1461 2032 quoque
1518 1981 1718 2034 obsequii

255 2051 468 2091 rationem
504 2051 680 2092 ducunt.
745 2051 916 2104 Quibus
949 2058 1096 2092 autem
1130 2053 1173 2092 in
1206 2053 1333 2093 rebus
1365 2053 1460 2093 haec
1492 2056 1722 2095 moderata

253 2139 366 2174 cura,
404 2139 491 2177 qua
524 2126 807 2178 Superiorum
844 2126 1118 2178 vigilantiam
1162 2127 1346 2167 dicimus
1389 2128 1597 2180 adjuvari,
1636 2130 1720 2169 sita

254 2212 347 2239 esse
384 2199 555 2247 debeat,
590 2212 648 2238 eX
684 2200 814 2239 tertio
856 2198 941 2248 illo,
976 2201 1094 2252 quod
1137 2200 1260 2240 initio
1301 2203 1574 2253 propositum
1614 2209 1719 2252 erat,

245 2271 339 2323 jam
373 2272 648 2325 intelligetur.

520 2459 546 2515 ἓ
579 2471 742 2512 3.—DE
775 2470 1062 2501 MODERATAE
1095 2471 1238 2503 CURAE
1271 2472 1441 2503 SIGNIS.

341 2568 393 2608 In
433 2568 502 2621 hjs
545 2569 679 2622 signis
720 2569 910 2621 primum
953 2569 1215 2609 valetudinis
1253 2570 1428 2610 tuendae
1471 2573 1713 2612 remedium

252 2643 507 2683 continetur.
572 2642 722 2682 Tertia
752 2643 883 2695 igitur
904 2644 1065 2696 regulae
1095 2657 1207 2696 pars,
1231 2644 1273 2683 in
1297 2658 1429 2697 quam
1456 2646 1586 2685 tribui
1616 2659 1714 2686 eam

250 2730 380 2769 posse
403 2717 670 2767 dicebamus,
693 2717 883 2770 primum
911 2717 1075 2757 indicat
1097 2718 1222 2770 signa
1245 2718 1450 2770 quaedam
1474 2720 1713 2759 moderatae

251 2790 320 2831 vel
343 2791 489 2830 nimiae
513 2805 626 2831 curae
650 2791 705 2831 ab
738 2791 788 2831 iis
809 2791 951 2831 verbis
970 2805 977 2831 :
1013 2792 1108 2832 “Et
1131 2806 1182 2832 ea
1205 2793 1259 2832 de
1281 2806 1422 2842 causa,
1447 2806 1546 2833 cum
1576 2794 1719 2833 anim-

255 2864 520 2905 adverterint
541 2865 706 2918 aliquid
729 2866 810 2906 sibi
833 2879 1000 2914 nocere,
1017 2866 1086 2909 vel
1115 2866 1280 2919 aliquid
1311 2867 1391 2907 sibi
1422 2866 1713 2907 necessarium
