1903 3197
246 161 270 190 2
517 146 596 191 De
633 144 1047 191 constitutionum
1090 143 1437 190 Observatione.

242 279 411 328 dicitur,
431 292 525 318 esse
547 278 924 318 conservationem
948 283 1081 330 atque
1103 277 1421 316 incrementum
1447 273 1682 315 Societatis
1700 287 1711 324 ;

243 354 376 394 finem
410 353 590 405 inquam
623 353 890 405 proximum,
916 365 1019 392 nam
1042 351 1246 391 ultimum
1269 355 1481 396 statuunt,
1507 354 1555 388 ut
1577 348 1710 388 etiam

244 429 287 467 in
320 440 436 467 nona
467 433 592 480 parte
614 426 782 476 dicitur,
807 426 948 478 majus
982 426 1065 465 Dei
1098 425 1359 477 obsequium
1390 430 1433 463 et
1457 421 1713 462 universalis

246 500 458 541 Ecclesiae
486 500 681 541 bonum.1

331 575 408 616 Ad
453 575 570 615 hunc
610 580 758 615 autem
811 574 942 614 finem
995 574 1250 627 proximum
1294 571 1586 612 obtinendum
1629 570 1712 610 tria

247 649 372 689 nobis
407 649 688 698 Constitutio,
716 662 849 701 quam
883 647 1170 700 explicamus,
1193 646 1396 687 ostendit.
1468 645 1621 686 Unum
1656 657 1712 683 ex

247 730 372 776 parte
411 724 524 763 Dei:
567 723 753 762 alterum
798 737 854 762 ex
898 727 1022 774 parte
1060 721 1270 773 cujusque
1307 720 1494 772 privati:
1537 718 1715 758 tertium

248 811 304 837 ex
327 803 453 850 parte
474 798 610 837 totius
633 796 863 849 religionis.

336 872 409 911 Ex
432 877 556 924 parte
576 871 660 911 Dei
685 870 920 923 plurimum
939 869 1056 910 valet
1079 869 1172 921 ejus
1194 869 1464 921 praecipuum
1488 866 1716 914 auxilium,

248 947 366 999 quod
399 961 455 986 ex
491 947 686 998 quinque
722 945 850 984 rebus
885 958 984 996 quae
1019 944 1061 983 in
1095 943 1179 983 hoc
1213 943 1429 995 prooemio
1464 946 1717 993 tanguntur,

247 1021 411 1073 sperari
463 1026 560 1060 tuto
612 1025 768 1072 potest.
853 1024 894 1057 10
920 1017 1111 1069 quidem,
1151 1017 1253 1068 quia
1300 1029 1399 1055 cum
1445 1016 1501 1054 sit
1540 1015 1721 1054 Creator

249 1108 390 1134 rerum
415 1094 612 1133 omnium
637 1107 686 1132 ac
712 1092 942 1137 Dominus,
963 1090 1082 1130 nullo
1106 1089 1284 1142 negotio
1307 1101 1565 1129 conservare
1588 1094 1720 1139 atque

252 1181 411 1219 augere
448 1167 561 1206 hanc
601 1166 829 1205 minimam
871 1165 1139 1206 Societatem
1184 1168 1366 1216 potest;
1420 1162 1519 1201 ideo
1562 1161 1721 1201 dicitur

252 1242 506 1283 “Creatoris
530 1241 665 1280 nostri
689 1254 738 1279 ac
764 1237 982 1279 Domini.”
1047 1244 1103 1284 20,
1129 1239 1231 1290 quia
1254 1237 1334 1277 scit
1357 1243 1567 1288 tenetque
1590 1236 1722 1275 ratio-

251 1331 326 1357 nes
344 1315 670 1363 conservandae,
689 1313 990 1367 gubernandae
1010 1319 1052 1352 et
1074 1311 1387 1364 promovendae
1413 1310 1657 1358 Societatis‚
1678 1315 1721 1349 et

250 1396 482 1444 propterea
505 1389 663 1428 dicitur
687 1388 910 1428 “Summa
935 1386 1198 1439 Sapientia.''
1251 1392 1307 1436 30,
1331 1385 1433 1437 quia
1456 1385 1598 1424 bonus
1621 1397 1720 1423 cum

249 1466 315 1511 sit,
351 1464 445 1504 vult
478 1477 574 1503 eam
613 1463 793 1502 omnino
829 1475 1086 1501 conservare
1117 1467 1159 1500 et
1192 1473 1362 1512 augere.
1428 1458 1537 1498 Ideo
1565 1457 1723 1497 dicitur

250 1537 504 1579 “Bonitas’'
555 1544 614 1588 40,
646 1537 749 1589 quia
785 1535 1020 1577 Societatis
1058 1534 1348 1582 incolumitas,
1377 1532 1650 1572 conservatio
1681 1537 1724 1571 et

250 1614 570 1653 incrementum
608 1612 664 1651 ad
704 1610 797 1663 ejus
834 1610 1095 1662 obsequium
1139 1615 1181 1649 et
1219 1609 1475 1648 servitutem
1518 1606 1721 1660 pertinet,

251 1693 296 1728 et
327 1687 487 1728 idcirco
519 1686 698 1726 additur
729 1685 810 1724 “in
842 1698 922 1724 suo
954 1689 1107 1724 sancto
1140 1682 1351 1723 servitio.''
1405 1688 1460 1732 50,
1492 1681 1595 1733 quia
1628 1681 1722 1733 ipsa

253 1761 488 1803 Societatis
527 1760 649 1800 initia
687 1765 819 1811 atque
862 1758 1080 1798 institutio
1119 1757 1162 1796 id
1206 1756 1332 1796 nobis
1369 1755 1643 1808 pollicentur,
1679 1754 1720 1793 in

252 1835 413 1888 quibus
445 1835 600 1874 eadem
636 1833 864 1881 Potentiae,
900 1832 1152 1884 Sapientiae,
1185 1836 1228 1870 et
1262 1830 1479 1869 Bonitatis
1512 1828 1723 1868 attributa

252 1915 498 1956 cernuntur,
523 1913 566 1947 et
598 1907 656 1947 ob
687 1906 802 1946 hanc
827 1919 1004 1946 causam
1029 1905 1196 1952 dicitur,
1221 1910 1269 1944 ut
1294 1907 1427 1943 “eam
1456 1903 1638 1955 dignata
1661 1908 1726 1942 est

253 1983 458 2024 inchoare
478 1998 486 2032 ;
503 1983 521 1995 ’‘
551 1996 638 2022 non
673 1983 789 2021 enirn
813 1980 1074 2028 inchoasset,
1101 1979 1181 2019 nisi
1207 1984 1282 2018 aut
1304 1984 1465 2031 posset,
1490 1983 1566 2017 aut
1598 1977 1725 2016 sciret

253 2064 330 2098 aut
352 2056 484 2097 vellet
506 2055 759 2096 inchoatam
782 2054 989 2107 perficere
1013 2060 1055 2093 et
1079 2053 1133 2092 ad
1156 2066 1283 2092 suum
1309 2052 1480 2091 exitum
1504 2050 1725 2102 finemque

255 2128 522 2184 perducere.2
584 2128 716 2181 Quod
770 2129 913 2180 ipsum
957 2127 1128 2166 decima
1171 2126 1304 2165 etiam
1357 2124 1721 2164 constitutionum

256 2211 380 2258 parte
411 2209 559 2244 noster
594 2203 724 2242 Pater
758 2201 965 2249 ostendit,
999 2201 1070 2240 ubi
1103 2201 1176 2248 ait,
1211 2213 1298 2239 non
1332 2198 1487 2238 mediis
1520 2197 1726 2238 humanis

255 2280 503 2320 institutam
537 2291 631 2317 esse
665 2276 947 2324 Societatem,
975 2275 1051 2314 sed
1085 2274 1226 2327 gratia
1260 2272 1593 2324 Omnipotentis
1626 2271 1723 2320 Dei,

257 2354 444 2405 ideoque
477 2352 519 2391 in
553 2365 604 2391 eo
637 2350 730 2390 solo
763 2363 886 2402 spem
920 2349 1127 2389 constitui
1161 2354 1374 2400 oportere,
1402 2346 1520 2399 quod
1553 2358 1725 2386 conser-

255 2432 434 2467 vaturus
466 2425 532 2473 sit,
555 2431 599 2464 et
633 2431 914 2477 promoturus
947 2423 1030 2463 hoc
1065 2436 1186 2475 opus,
1218 2427 1261 2461 et
1287 2420 1420 2473 juxta
1454 2420 1566 2459 hanc
1600 2432 1723 2472 spem

256 2506 395 2541 statas
438 2504 481 2539 et
523 2499 773 2550 frequentes
816 2497 978 2549 ubique
1026 2495 1300 2549 precationes
1351 2494 1552 2547 praecipit
1602 2492 1726 2533 adhi-

257 2572 457 2622 bendaS,3
479 2573 598 2625 quod
642 2571 821 2624 quidem
865 2571 1048 2623 singulis
1084 2570 1378 2610 hebdomadis
1421 2575 1464 2609 et
1501 2568 1726 2608 mensibus

257 2654 300 2689 et
321 2648 449 2688 anniS
471 2646 667 2693 facimus,
692 2651 739 2685 ut
762 2645 1098 2685 constitutiones
1131 2645 1239 2696 ipsae
1261 2643 1560 2696 praescribunt.
1626 2642 1726 2682 Hac

259 2722 444 2762 nimium
476 2734 554 2774 spe
585 2720 833 2771 fiduciaque
866 2719 909 2758 in
943 2718 1089 2758 Deum
1133 2731 1179 2757 se
1221 2722 1440 2757 sustentat
1477 2716 1726 2769 Apostolus

256 2809 356 2837 cum
396 2793 741 2848 Philippensium
785 2792 867 2832 sibi
909 2792 1140 2845 pollicetur
1170 2792 1214 2830 in
1252 2790 1339 2831 fide
1372 2790 1668 2830 constantiam
1696 2788 1726 2830 ;4

409 2883 419 2902 ¹
446 2884 528 2925 Cap.
550 2891 579 2924 3,
601 2882 663 2921 §8—
800 2880 813 2899 ‘2
837 2883 854 2920 ἓ
876 2890 901 2913 1.
1039 2879 1052 2899 ³
1076 2881 1111 2912 Ρ.
1132 2888 1180 2919 10,
1200 2880 1216 2918 ἕ
1237 2888 1263 2911 1.
1401 2878 1414 2898 “¹
1439 2879 1521 2920 Cap.
1542 2887 1569 2911 1.
