1903 3197
628 125 707 170 De
739 125 1059 172 Poem'z‘entz‘zk.
1492 139 1506 168 1
1523 139 1545 168 2
1556 137 1581 181 3

116 261 229 313 (erat
261 271 362 298 nam
396 256 548 308 senex)
583 263 626 297 et
657 257 934 308 antiquitatis
967 258 1010 295 in
1040 271 1091 296 eo
1123 256 1352 305 Coenobio,
1376 261 1420 295 et
1442 255 1583 303 officii,

116 331 336 385 dignitate
387 335 641 384 praestaret;
694 336 843 369 tamen
896 329 999 380 quia
1050 343 1108 368 ex
1160 329 1447 379 Alexandria,
1498 341 1586 381 quo

120 406 393 446 necessitatis
414 405 556 457 gratia
584 408 850 456 perrexerat,
874 408 918 442 et
948 402 1102 442 eadem
1137 404 1396 443 necessitate
1419 403 1587 443 tardius

119 493 253 532 quam
306 478 604 532 spoponderat
665 477 921 524 revertisset,
972 475 1120 528 jussus
1173 483 1238 516 est
1297 477 1352 516 ab
1404 477 1587 517 Abbate

120 553 388 593 monasterio
423 552 587 601 cedere,
630 556 674 591 et
715 551 759 590 in
802 550 958 590 ultimo
1001 550 1303 602 incipientium
1347 550 1499 590 ordine
1543 564 1588 590 se

114 632 277 668 tenere.
343 626 525 678 Propter
546 625 717 678 quidvis
741 623 860 664 aliud
883 630 1044 673 autem,
1070 630 1112 664 ct
1136 623 1256 663 nulla
1279 623 1419 675 culpae
1443 637 1588 671 causa,

120 713 300 754 poenam
331 698 584 752 impositam
613 697 837 737 humiliter
859 703 902 738 et
925 697 1125 737 alacriter
1150 697 1283 737 subiit
1312 696 1590 749 dispensator

121 773 303 827 quidam
356 772 614 812 Monasterii
657 771 952 812 Alexandrini
994 771 1112 824 apud
1156 785 1268 819 eum,
1312 784 1444 823 quem
1494 771 1590 810 dixi

121 846 362 895 Abbatem,
395 847 460 886 vir
500 846 686 899 pudicus
728 859 778 886 ac
821 845 1086 895 moderatus,
1125 845 1199 898 qui
1237 844 1385 897 jussus
1427 851 1494 885 est
1535 845 1592 884 ab

121 919 302 961 Abbate
345 934 450 961 sane
488 920 795 973 intempestive
837 934 894 959 ex
941 919 1140 959 Ecclesia
1183 919 1421 969 facessere;
1468 932 1593 971 roga-

120 1000 281 1047 tusque
323 1008 348 1034 a
391 995 437 1035 B.
460 994 634 1046 Joanne
667 994 865 1035 Climaco
897 993 1054 1034 Abbas
1092 993 1163 1033 ille
1195 1007 1271 1033 cur
1312 994 1592 1034 innocentem

122 1068 345 1122 plecteret,
399 1068 651 1121 respondit:
714 1068 1042 1108 exercitationis
1094 1081 1237 1117 causa,
1287 1073 1330 1107 et
1377 1073 1424 1107 ut
1467 1067 1595 1107 unius

125 1142 334 1195 exemplo
366 1143 595 1195 prodesset
627 1142 786 1192 multis,
820 1148 863 1182 et
896 1148 943 1182 ut
976 1141 1274 1195 increpatione
1311 1140 1385 1181 illa
1421 1154 1594 1181 coronae

123 1217 355 1258 materiam
390 1223 433 1256 et
467 1215 723 1256 facultatem
759 1215 895 1265 daret,
920 1221 967 1256 ut
1001 1229 1132 1268 supra
1166 1213 1437 1267 significavi.l

215 1291 398 1331 Eaedem
428 1289 703 1330 conditiones
734 1289 1012 1341 requiruntur
1034 1288 1090 1328 ab
1113 1288 1269 1328 eodem
1294 1294 1443 1328 nostro
1467 1288 1597 1328 Patre

125 1365 169 1406 in
191 1364 311 1405 omni
333 1364 471 1418 gradu
496 1369 539 1404 et
561 1377 766 1416 processu
791 1376 947 1415 poenae.
1012 1362 1121 1402 Tres
1145 1362 1260 1401 enim
1285 1375 1379 1402 esse
1411 1366 1597 1414 possunt

124 1439 170 1479 in
192 1437 454 1492 excipienda
476 1451 608 1490 poena
631 1436 805 1489 gradus,
830 1450 941 1488 quos
964 1436 1006 1475 in
1036 1435 1437 1476 Constitutionibus
1467 1436 1597 1475 Pater

125 1513 302 1554 indicat.
381 1512 551 1552 Primus
574 1517 640 1552 est
671 1511 715 1550 in
748 1510 1025 1551 admittenda
1047 1515 1091 1549 et
1116 1509 1372 1562 accipienda
1390 1507 1423 1559 ξ’
1457 1509 1597 1562 poeni-

124 1587 287 1628 tentias
309 1600 411 1626 vero
443 1585 698 1638 hujusmodi
732 1590 941 1638 prompta
966 1583 1194 1624 voluntate
1223 1583 1408 1636 quisque
1436 1583 1596 1623 admit-

126 1666 218 1702 tere
247 1660 435 1701 deberet.
499 1659 631 1700 Alter
663 1664 729 1699 est
760 1659 803 1698 in
835 1657 1064 1698 subeunda
1087 1663 1130 1697 et
1159 1656 1436 1706 sustinenda3
1470 1655 1595 1696 multi

128 1736 293 1788 quippe
322 1740 436 1783 sunt,
461 1735 535 1786 qui
565 1739 771 1787 prompte
802 1733 937 1781 initio,
963 1739 1006 1772 et
1034 1731 1266 1781 humiliter,
1290 1737 1333 1771 et
1355 1744 1455 1770 cum
1486 1730 1597 1770 desi-

129 1809 250 1850 derio
294 1809 360 1848 sui
403 1821 658 1861 progressus
709 1807 963 1859 impositam
1005 1819 1184 1858 poenam
1227 1805 1480 1854 admittunt,
1524 1805 1597 1856 qui

130 1890 281 1925 tamen
318 1887 475 1935 postea
508 1894 596 1921 non
628 1880 815 1920 libenter
845 1879 1045 1928 subeunt,
1079 1885 1122 1919 et
1156 1879 1199 1918 in
1233 1878 1406 1931 agendo
1441 1891 1598 1930 segnes

131 1962 244 1998 sunt.
308 1956 378 1995 De
406 1954 490 1995 hoc
519 1955 678 1995 dicitur
700 1955 743 1993 in
771 1954 930 1993 Exam.
972 1953 1308 2005 “Interrogetur
1333 1965 1389 1992 an
1418 1951 1597 1991 omnino

129 2030 235 2070 velit
264 2029 496 2069 subeundo
520 2034 563 2068 et
592 2027 878 2080 adimplendo
908 2027 1083 2079 quasvis
1115 2026 1409 2079 poenitentias,
1434 2024 1598 2065 scilicet

131 2104 416 2145 obedientem
461 2116 508 2142 se
549 2099 845 2152 exhibere;’'3
890 2106 934 2140 et
974 2098 1000 2154 ξ
1040 2112 1108 2151 41,
1152 2099 1477 2139 “Poenitentias
1518 2111 1598 2151 pro

132 2178 286 2218 erratis
316 2183 360 2217 et
393 2176 671 2230 negligentiis
705 2181 748 2215 et
779 2174 1023 2215 defectibus
1055 2173 1274 2226 injunctas
1304 2186 1465 2226 magna
1499 2185 1599 2213 cum

131 2252 386 2293 humilitate
409 2249 673 2292 subeundo.”
735 2249 911 2289 Tertius
940 2254 1006 2288 est
1037 2248 1198 2301 gradus
1230 2248 1273 2287 in
1304 2246 1525 2300 explenda
1558 2252 1601 2286 et

132 2325 393 2380 perferenda
424 2339 563 2378 usque
592 2324 648 2365 ad
678 2323 910 2374 ultimum;
946 2323 1154 2375 quoniam
1184 2322 1311 2362 multi
1333 2322 1535 2371 subeunt,
1559 2326 1602 2361 et

131 2402 191 2442 ad
234 2407 412 2454 tempus
450 2399 630 2452 aliquod
672 2398 892 2439 sustinent
931 2397 1131 2437 alacriter
1172 2403 1216 2437 et
1256 2396 1489 2445 humiliter,
1528 2396 1601 2448 qui

132 2480 287 2515 tamen
318 2488 368 2514 ea
412 2473 713 2514 diuturnitatis
742 2472 876 2513 taedio
912 2471 1015 2511 victi
1057 2485 1143 2511 non
1186 2470 1380 2524 explent,
1424 2483 1503 2510 nec
1544 2469 1600 2509 ad

136 2549 436 2601 praestitutam
465 2548 583 2588 diem
607 2547 868 2600 patientiam
891 2552 1053 2586 tenent.
1122 2545 1230 2585 Ideo
1253 2545 1307 2585 de
1329 2544 1412 2584 hoc
1434 2544 1600 2591 dicitur,

137 2621 315 2671 ibidem,
342 2622 628 2675 adimplendo
651 2621 826 2674 quasvis
855 2620 1137 2674 poenitentias
1156 2634 1164 2670 ;
1197 2619 1316 2673 prius
1338 2619 1453 2659 dixit
1475 2617 1601 2657 sube-

139 2695 271 2747 undo,
293 2701 447 2749 postea
468 2695 762 2749 adimplendo.

439 2809 450 2829 ¹
477 2811 577 2843 Grad.
597 2820 628 2852 4.
963 2807 976 2828 ²
1000 2809 1036 2840 P.
1058 2817 1088 2850 3.
1109 2819 1135 2841 c.
1161 2817 1187 2840 1.
1209 2809 1224 2846 ἓ
1245 2813 1292 2848 15.

741 2860 754 2880 ³
790 2861 827 2895 C.
848 2870 879 2901 4.
933 2868 984 2901 33.
