1903 3197
364 152 442 198 Dc
474 150 822 197 antevertendz's
857 150 1206 197 tentationibus.
1429 163 1444 192 1
1457 147 1515 204 85

147 284 303 324 Altera
344 289 410 324 est
451 295 600 323 eorum
643 283 716 334 qui
759 282 886 321 nobis
937 282 1041 333 ipsis
1087 282 1351 322 robustiores
1403 285 1520 328 sunt,

61 364 105 398 et
136 358 296 397 viribus
333 356 472 396 multo
508 355 763 408 superiores,
787 360 829 394 et
861 360 1009 394 tamen
1047 354 1142 393 illos
1177 355 1392 394 cernimus
1429 367 1516 393 non

63 432 234 484 magnis
270 430 511 470 admodum
544 428 860 469 tentationibus
898 441 992 467 esse
1027 433 1280 480 prostratos.
1335 426 1519 466 Planum

63 510 130 545 est
166 505 208 543 in
246 518 308 553 eo,
351 517 481 556 quem
523 503 654 556 paulo
697 508 797 541 ante
840 500 1173 548 nominavimus,
1217 500 1517 552 apostolorum

64 577 272 630 Principe,
297 590 428 629 quern
466 577 601 616 totius
640 575 848 615 Ecclesiae
885 580 1055 628 petram
1093 587 1144 613 ac
1180 573 1320 613 basim
1359 573 1519 612 consti—

61 656 204 691 tuerat
228 650 362 690 Filius
387 650 496 699 Dei;
530 650 689 689 seimus
711 649 825 689 enim
857 648 973 688 hunc
1005 661 1138 700 quam
1168 646 1251 687 levi
1274 646 1517 687 tentatione

60 723 257 777 dejectus
298 725 363 771 sit,
399 737 498 763 cum
535 722 757 763 Christum
795 722 953 762 ancilla
990 722 1286 773 interrogante
1328 720 1515 772 negavit.

62 798 132 838 De
164 811 251 850 quo
283 797 584 849 Augustinus:
609 796 797 844 “Ecce,''
821 796 972 848 inquit,
999 795 1238 835 “columna
1269 793 1520 833 firmissima

4 927 6 929 ‚
62 871 117 912 ad
142 872 268 911 unius
297 884 412 911 aurae
440 870 677 924 impulsum
700 876 795 910 tota
820 869 1110 919 contremuit;
1143 868 1216 908 ubi
1240 873 1305 908 est
1327 866 1400 907 illa
1422 880 1520 920 pro-

63 944 278 985 mittentis
314 944 508 993 audacia,
543 950 586 983 et
623 943 678 983 de
713 957 760 983 se
796 942 1031 996 plurimum
1069 941 1406 995 praesumentis?
1449 940 1522 980 ubi

61 1025 164 1058 sunt
185 1018 317 1058 verba
340 1018 413 1058 illa
433 1031 440 1057 :
464 1017 611 1070 Quare
634 1030 720 1057 non
743 1030 922 1070 possum
945 1022 989 1056 te
1012 1016 1145 1056 modo
1168 1015 1301 1067 sequi,
1326 1015 1521 1055 animam

65 1105 210 1131 meam
252 1105 331 1144 pro
367 1097 410 1131 te
452 1091 646 1144 ponam?
683 1090 866 1131 hoccine
898 1095 963 1130 est
995 1090 1117 1142 sequi
1161 1089 1433 1141 magistrum,
1475 1101 1521 1128 se

66 1178 226 1217 negare
267 1164 554 1217 discipulum!
599 1164 757 1205 siccine
792 1163 941 1204 anima
981 1177 1060 1216 pro
1099 1163 1293 1202 Domino
1335 1162 1523 1215 ponitur,

66 1244 114 1278 ut
140 1238 222 1277 hoc
249 1250 302 1276 ne
328 1236 406 1277 fiat
431 1250 520 1276 vox
548 1237 717 1276 ancillae
743 1235 1036 1277 formidetur.‘'
1081 1235 1207 1276 Idem
1235 1235 1349 1275 cerni
1376 1240 1525 1287 potest

65 1311 110 1350 in
154 1309 301 1349 David
343 1316 434 1349 tam
482 1310 579 1350 Deo
625 1324 737 1359 caro,
784 1315 996 1362 tantaque
1042 1309 1229 1362 praedito
1280 1308 1523 1356 sanctitate,

66 1385 122 1425 de
163 1397 251 1436 quo
293 1384 398 1423 item
444 1384 504 1424 sic
546 1383 853 1436 Augustinus:
897 1383 1193 1436 “Proponunt
1243 1382 1324 1422 sibi
1376 1395 1523 1422 casum

68 1456 216 1497 David
260 1456 514 1510 (loquuntur
555 1463 701 1497 autem
745 1457 800 1497 de
842 1458 892 1497 iis
929 1457 1003 1509 qui
1047 1456 1202 1496 nolunt
1239 1455 1387 1495 oculos
1424 1468 1527 1494 suos

66 1530 201 1583 figere
243 1531 286 1570 in
329 1530 652 1584 pulchritudine
693 1531 833 1571 carnis
874 1529 1045 1582 alienae)
1085 1536 1129 1570 et
1174 1529 1230 1569 ad
1278 1529 1360 1568 hoc
1404 1528 1524 1568 illum

68 1617 279 1657 magnum
322 1604 472 1644 vident
513 1605 732 1654 cecidisse,
777 1610 825 1644 ut
866 1604 986 1656 parvi
1029 1603 1170 1643 nolint
1211 1603 1359 1643 videre
1411 1603 1527 1642 unde

68 1678 237 1731 possint
278 1677 468 1718 cadere.”
552 1679 611 1718 Et
653 1691 772 1727 mOX,
798 1677 1033 1718 “Carnalis
1071 1675 1341 1725 delectatio,’'
1376 1676 1527 1728 inquit,

66 1754 88 1771 ‘¹
102 1752 347 1805 praesertim
367 1765 505 1803 usque
527 1751 582 1791 ad
606 1751 756 1792 illicita
779 1757 821 1791 et
843 1751 986 1791 aliena
1007 1751 1301 1803 progrediens,
1318 1749 1529 1790 frenanda

71 1833 138 1867 est
169 1833 213 1866 et
244 1839 332 1865 non
365 1825 634 1875 relaxanda;
668 1826 851 1878 imperio
886 1824 1120 1873 domanda,
1153 1837 1240 1864 non
1272 1824 1314 1863 in
1348 1823 1530 1876 imperio

71 1900 339 1942 collocanda.
393 1899 592 1939 Attende
624 1912 811 1948 securus,
834 1898 867 1938 si
899 1911 985 1938 non
1007 1898 1142 1938 habes
1165 1898 1282 1938 unde
1304 1897 1529 1938 movearis.

73 1974 162 2016 Sed
197 1973 459 2026 respondes:
493 1972 660 2012 fortiter
690 1978 829 2012 teneo.
876 1972 1104 2024 Numquid
1137 1978 1184 2011 tu
1216 1971 1366 2011 sortior
1396 1983 1530 2023 quam

74 2045 310 2088 David?’'1
394 2045 613 2086 Eamdem
657 2045 1003 2086 imbecillitatem
1051 2044 1360 2098 experiebatur
1400 2044 1442 2084 in
1486 2057 1532 2084 se

73 2120 319 2175 Apostolus
363 2119 522 2159 Paulus
568 2133 668 2159 cum
709 2119 918 2160 dicebat:
972 2119 1119 2158 “Non
1172 2118 1288 2158 enim
1330 2117 1531 2158 volumus

73 2184 274 2249 ignorare
301 2207 378 2234 vos
407 2193 560 2233 fratres
594 2193 650 2233 de
677 2193 959 2234 tribulatione
996 2199 1156 2242 nostra,
1183 2206 1282 2245 quae
1318 2191 1436 2232 facta
1466 2197 1532 2231 est

73 2269 118 2309 in
160 2268 282 2318 Asia,
325 2267 533 2320 quoniam
575 2281 707 2320 supra
757 2268 939 2308 modum
987 2267 1155 2320 gravati
1197 2280 1358 2315 sumus,
1402 2279 1533 2319 supra

73 2342 294 2390 virtutem,
319 2342 380 2381 ita
421 2347 470 2381 ut
510 2342 693 2382 taederet
734 2355 814 2381 nos
855 2342 989 2382 etiam
1031 2342 1201 2391 vivere3
1247 2341 1324 2381 sed
1366 2341 1447 2394 ipsi
1490 2342 1533 2380 in

75 2416 402 2469 nobismetipsis
435 2430 695 2469 responsum
730 2417 882 2456 mortis
916 2416 1161 2465 habuimus,
1196 2422 1244 2456 ut
1278 2429 1365 2456 non
1399 2416 1535 2456 simus

74 2488 260 2530 fidentes
283 2490 325 2529 in
348 2490 484 2540 nobis,
506 2490 582 2530 sed
606 2490 649 2530 in
672 2490 781 2539 Deo,
804 2491 878 2542 qui
901 2491 1082 2530 suscitat
1106 2488 1361 2530 mortuos.''2

163 2563 314 2604 Tertia
346 2570 411 2604 est
446 2578 534 2604 non
566 2564 708 2604 solum
741 2564 969 2604 hominum
1004 2564 1047 2603 in
1070 2570 1225 2604 natura
1257 2563 1381 2616 lapsa
1402 2568 1535 2614 atque

76 2643 292 2690 corrupta,
324 2652 475 2678 verum
524 2639 656 2679 etiam
709 2639 949 2691 primorum
1001 2643 1233 2691 parentum
1286 2636 1329 2676 in
1382 2641 1537 2675 natura

75 2712 245 2765 integra
279 2717 412 2765 atque
445 2726 564 2761 sana,
588 2713 664 2765 qui
700 2712 782 2765 ipsi
816 2726 842 2752 a
873 2712 1119 2752 tentatione
1155 2717 1256 2750 sunt
1289 2710 1402 2756 victi,
1436 2708 1538 2749 licet

76 2786 192 2827 enim
226 2792 392 2827 naturae
426 2786 648 2839 corruptio
682 2785 989 2826 imbecilliores
1021 2784 1212 2824 effecerit
1242 2782 1364 2831 vires,
1397 2781 1538 2822 homi-

489 2873 501 2894 1
527 2876 567 2907 In
593 2875 644 2907 Ps.
667 2881 717 2916 50.
897 2873 910 2892 ²
934 2883 964 2906 2.
987 2874 1062 2906 Cor.
1087 2882 1113 2905 1.
