1903 3197
590 170 670 215 De
701 170 1024 219 Poem'tentz'zk.
1475 188 1539 234 97

77 300 221 341 Sexta
266 301 404 349 Parte,
450 300 616 341 nullam
666 303 894 352 veteranis,
939 310 983 343 et
1034 305 1107 356 qui
1161 307 1397 358 profecisse
1444 307 1540 359 jam

78 374 293 424 videntur,
327 375 370 414 in
413 375 463 414 iis
501 389 599 427 quae
632 375 689 415 ad
727 377 1063 428 castigationem
1102 381 1295 431 corporis
1326 389 1542 434 spectant,

78 447 220 500 legem
258 449 500 501 praescribit
537 449 679 499 aliam,
713 450 794 489 nisi
832 464 964 502 quam
1003 451 1192 492 charitas
1224 454 1411 496 discreta
1449 457 1539 497 dic-

77 521 295 561 taverit.''1
348 523 471 562 Facit
503 524 619 562 enirn
653 523 718 563 his
750 523 888 563 multo
918 539 1051 576 quam
1081 527 1250 566 czeteris
1280 529 1538 580 ampliorem

77 597 322 648 castigandi
345 597 409 636 sui
433 598 624 648 corporis
653 603 932 649 potestatem.
997 599 1109 639 Mox
1132 606 1281 641 tamen
1304 602 1347 641 in
1371 604 1540 644 univer-

77 682 174 708 sum
227 675 386 718 monet,
437 671 813 722 quemadmodum
866 674 1109 713 cavendum
1161 681 1227 715 est
1278 677 1435 728 cuique
1486 691 1542 718 ne

78 743 238 782 nimius
269 743 423 782 harum
456 745 744 796 asperitatum
772 760 874 785 usus
896 746 1006 786 vires
1039 750 1230 801 corporis
1263 750 1447 803 frangat,
1477 752 1540 792 ita

76 822 125 856 ut
165 817 373 869 prodesse
409 819 622 870 proximis
660 826 875 872 nequeat;
928 822 988 861 sic
1023 823 1156 862 etiam
1193 824 1443 873 videndum,
1483 839 1539 866 ne

74 896 199 930 tanta
230 891 273 930 in
307 891 388 931 illis
415 891 638 932 relaxatio*
657 894 712 933 sit
735 901 792 942 ut,
817 894 982 935 fervore
1010 897 1187 948 spiritus
1215 898 1535 951 refrigescente,

74 963 255 1004 humani
294 971 427 1017 atque
461 966 684 1006 inferiores
721 968 903 1008 affectus
941 969 1215 1011 incaiescant.
1280 972 1400 1025 Ergo
1437 988 1537 1013 cum

74 1038 305 1090 prohibeat
339 1040 635 1080 remissionem
672 1055 721 1080 ac
756 1041 1073 1083 relaxationem
1109 1047 1406 1097 asperitatum,
1440 1062 1538 1100 pro-

76 1110 190 1152 fecto
213 1126 285 1152 eas
310 1113 489 1152 omnino
513 1113 682 1166 flagitat
706 1129 755 1154 ac
776 1117 1028 1167 praescribit.
1095 1118 1220 1158 Idem
1243 1134 1362 1173 saepe
1385 1128 1537 1161 monet

74 1191 124 1225 ut
165 1186 207 1225 in
245 1186 310 1226 his
351 1187 648 1239 suscipiendis,
690 1188 964 1239 Confessarii,
1002 1192 1069 1231 vel
1114 1191 1358 1245 Superioris
1401 1201 1539 1235 stetur

75 1260 265 1300 arbitrio.
354 1260 486 1313 Quod
529 1275 618 1300 non
662 1262 833 1310 faceret,
879 1265 958 1303 nisi
1012 1280 1063 1305 ea
1105 1273 1253 1307 mente
1295 1268 1447 1309 fuisset
1490 1275 1537 1309 ut

73 1333 268 1373 studium
310 1347 335 1373 a
376 1335 464 1373 suis
515 1335 558 1373 in
608 1337 882 1376 assumendis
932 1338 1012 1377 sibi
1057 1339 1171 1379 ultro
1219 1342 1362 1392 poenis
1413 1343 1538 1382 adhi-

73 1408 275 1447 beretur:
318 1413 362 1447 et
395 1409 574 1460 quidem
619 1414 793 1449 tantum
838 1417 1054 1463 quantum
1103 1420 1146 1453 et
1189 1414 1298 1455 ferre
1341 1418 1537 1469 corporis

72 1481 185 1521 vires
236 1488 401 1534 queant
454 1482 588 1535 (quod
648 1483 780 1523 etiam
839 1486 882 1524 in
938 1487 1026 1525 suis
1089 1488 1272 1540 Regulis
1328 1490 1538 1531 admonet

72 1555 377 1608 Augustinus:
421 1556 647 1597 “Carnem
680 1564 871 1599 vestram
905 1560 1085 1601 domate
1117 1561 1296 1614 jejuniis
1329 1569 1372 1603 et
1405 1565 1540 1604 absti-

73 1631 223 1670 nentia
264 1644 375 1670 escae
408 1637 451 1670 et
483 1637 625 1683 potus,
665 1639 879 1684 quantum
917 1635 1126 1675 valetudo
1163 1637 1459 1690 permittit”>,2
1497 1646 1540 1679 ct

71 1704 376 1757 proximorum
420 1705 584 1745 utilitas
627 1706 846 1758 patiatur;
895 1709 938 1747 id
981 1710 1100 1761 quod
1143 1711 1186 1749 in
1231 1710 1372 1752 Sexta
1410 1713 1540 1753 Parte

72 1778 281 1830 praecipit.
342 1778 443 1829 Jam
496 1780 530 1818 si
583 1786 797 1831 quantum
851 1782 939 1821 duo
991 1783 1065 1822 illa
1107 1784 1258 1833 ferant,
1299 1787 1539 1827 subeunda}

71 1851 345 1904 poenitentiae
382 1857 650 1903 potestatem
689 1854 803 1903 facit,
842 1856 1035 1908 amplam
1074 1864 1190 1898 ccrte
1223 1859 1336 1899 facit.
1421 1861 1538 1902 Nam

71 1926 114 1964 in
148 1926 297 1965 multis
327 1932 369 1965 et
398 1926 509 1965 vires
543 1928 746 1979 corporis,
781 1934 824 1967 et
859 1929 1024 1969 utilitas
1058 1931 1212 1971 alienae
1247 1933 1398 1973 salutis
1432 1935 1539 1976 satis

72 2013 217 2039 acrem
260 1999 595 2051 castigationem
635 2001 842 2050 admittit,
882 2003 1001 2043 nullo
1044 2006 1269 2058 utriusque
1306 2009 1365 2047 rei
1408 2009 1540 2048 detri-

73 2078 235 2113 mento.
300 2073 516 2125 Itemque,
550 2074 584 2113 si
623 2088 673 2114 ea
711 2089 915 2116 mensura
952 2078 1086 2121 debet
1119 2093 1213 2119 esse
1249 2081 1539 2133 suscipiendae

71 2147 347 2199 poenitentiae
400 2160 455 2186 ne
507 2147 649 2187 fervor
700 2150 877 2200 spiritus
939 2151 1202 2204 refrigescat,
1255 2160 1299 2193 et
1358 2154 1540 2195 humani

72 2221 342 2261 incalescant
383 2221 578 2269 affectus
622 2222 819 2274 profecto
861 2237 1070 2276 magnam
1112 2232 1379 2278 potestatem
1423 2228 1538 2278 facit,

72 2308 186 2345 cum,
238 2294 467 2347 paululum
520 2296 767 2336 intermisso
824 2299 1100 2350 poenitentiae
1153 2301 1310 2351 studio,
1363 2304 1540 2356 spiritus

72 2369 336 2421 refrigescat,
369 2382 469 2408 caro
502 2375 650 2409 autem
683 2384 924 2424 sensusque
956 2374 1130 2414 ferveat.

160 2442 250 2483 Sed
287 2447 436 2495 posset
474 2442 605 2494 objici
651 2444 788 2493 nobis,
827 2446 932 2485 satis
968 2446 1128 2487 habere
1174 2463 1405 2501 pcenarum
1443 2451 1539 2492 reli-

73 2516 215 2568 gionis
279 2516 572 2565 incommoda,
628 2519 905 2559 severitatem
968 2520 1222 2573 disciplinae,
1276 2523 1539 2566 obedientiae

71 2590 428 2642 abnegationem,
462 2592 664 2643 quamvis
698 2592 840 2632 nullas
874 2594 956 2646 ipsi
993 2609 1149 2647 poenas
1183 2598 1418 2639 subeamus
1452 2601 1538 2653 pri-

69 2663 236 2703 vatim:
284 2663 373 2703 imo
411 2663 494 2703 illis
533 2665 674 2717 magis
711 2666 822 2705 effici
860 2680 911 2707 ac
948 2668 1033 2708 dici
1067 2669 1346 2711 Poenitentiae
1387 2673 1538 2713 sedem

73 2737 364 2789 Religionem,
403 2750 536 2789 quam
579 2738 646 2779 his
682 2740 936 2781 adventitiis
974 2756 1025 2782 ac
1066 2756 1145 2783 sua
1180 2744 1410 2785 voluntate
1446 2759 1538 2786 sus-

71 2811 218 2865 ceptis.
283 2811 550 2864 Respondeo
582 2813 626 2853 in
659 2820 808 2855 nostra
839 2815 1008 2856 familia
1038 2830 1127 2857 non
1154 2831 1249 2858 esse
1277 2824 1345 2860 tot
1373 2819 1538 2861 incom-

319 2907 333 2928 ²
356 2909 393 2943 P.
414 2907 444 2942 6.
465 2920 493 2943 c.
514 2917 544 2952 3.
568 2911 583 2951 ἓ
604 2919 631 2944 1.
776 2911 790 2933 ²
812 2913 900 2955 Aug.
923 2914 1005 2956 Reg.
1026 2915 1069 2947 ad
1085 2925 1193 2949 servos
1210 2916 1285 2950 Dei.

242 2961 281 2996 H
