1903 3197
315 187 338 234 5
350 189 408 233 32
640 174 720 220 De
753 174 943 220 ralz'one
975 174 1167 221 vivendi
1201 174 1463 221 Socz'etatis.

314 320 574 347 nausearum
616 307 731 353 victi,
770 321 920 347 eorum
963 307 1169 361 langueat
1212 308 1255 347 in
1297 307 1347 347 iis
1388 308 1591 347 curandis
1633 321 1777 361 opera,

312 387 388 421 aut
421 381 646 421 charitatis
680 381 881 421 alacritas
917 382 1147 423 minuatur.
1213 382 1410 434 Ideoque
1445 395 1495 422 ea
1531 382 1784 435 promptius*

313 468 495 496 munera
546 455 724 495 obedire
778 455 1148 497 Constitutiones¹
1203 461 1360 497 nostrae
1415 470 1494 496 nos
1544 455 1709 506 volunt,
1752 471 1778 497 a

311 530 469 582 quibus
503 543 654 570 sensus
690 530 830 582 magis
864 530 1084 571 abhorret.

401 610 457 644 90.
492 604 750 644 Necessaria
776 610 841 644 est
870 605 1082 658 patientia
1112 606 1408 645 ministrorum
1440 605 1482 644 in
1510 604 1784 657 perferendis-

311 678 534 719 laboribus
556 679 721 719 diurnis
752 686 884 731 atque
914 681 1146 726 nocturnis,
1171 681 1243 733 qui
1268 693 1484 733 :egrorum
1507 693 1625 732 saepe
1647 693 1777 720 causa

311 754 575 807 suscipiendi
599 761 709 794 sunt.
774 752 875 805 Quo
908 754 1133 806 patientiae
1165 768 1323 806 genere
1356 753 1615 794 excelluisse
1638 754 1773 793 Fran-

311 830 473 868 ciscum
508 834 704 868 nostrum
729 828 968 867 Xaverium
1001 827 1197 880 legimus,
1223 829 1295 881 qui
1329 842 1428 870 cum
1466 829 1508 868 in
1543 827 1639 868 aliis
1671 827 1778 868 locis

310 909 404 942 tum
431 902 708 949 Mozambici,
732 907 891 953 praetcr
922 903 1167 942 animarum
1200 903 1551 954 procurationem
1584 916 1634 942 ac
1666 901 1780 942 salu-

306 973 497 1023 te1n,2in
536 988 754 1026 :egrorum
791 976 1034 1015 ministerio
1072 976 1245 1015 assidue
1288 976 1449 1015 versari
1496 975 1649 1016 solitus
1691 981 1766 1016 est.

310 1052 380 1090 Ita
412 1049 527 1089 enim
563 1062 649 1089 non
684 1049 891 1101 parcebat
926 1049 1147 1090 laboribus
1180 1064 1229 1090 ac
1261 1049 1430 1102 vigiliis,
1460 1050 1564 1089 dum
1599 1063 1772 1102 magnae

308 1137 524 1176 aegrorum
560 1123 830 1163 multitudini
863 1125 993 1164 enixe
1026 1138 1205 1177 operam
1240 1130 1382 1172 navat,
1408 1130 1454 1163 ut
1483 1124 1576 1177 ipse
1599 1137 1775 1176 quoque

308 1199 349 1237 in
392 1211 571 1251 gravem
615 1204 658 1237 et
700 1198 992 1251 periculosum
1037 1199 1238 1239 morbum
1282 1198 1492 1238 inciderit.
1570 1198 1643 1238 Ex
1686 1212 1774 1251 quo

310 1273 506 1313 nondum
551 1278 777 1320 recreatus,
821 1272 897 1312 sed
941 1273 1121 1313 remissa
1163 1272 1485 1324 aliquantulum
1538 1271 1678 1312 morbi
1721 1272 1775 1322 vi,

307 1347 454 1387 denuo
486 1347 541 1386 ad
576 1346 823 1386 institutum
851 1347 1088 1393 revertitur,
1114 1353 1156 1386 et
1179 1353 1372 1399 :egrotus
1395 1347 1572 1399 aegrotis
1596 1359 1777 1399 operam

307 1422 395 1471 dat,
448 1421 620 1460 medico
673 1421 1021 1473 obstupescente,
1071 1422 1144 1474 qui
1201 1421 1443 1461 Xaverium
1497 1434 1582 1460 non
1635 1421 1780 1460 minus

308 1496 504 1548 indigere
557 1495 765 1543 ministro,
819 1509 951 1548 quam
1004 1495 1164 1548 quibus
1217 1495 1310 1547 ipse
1363 1495 1637 1543 ministraret,
1690 1508 1780 1534 non

310 1569 551 1622 ignorabat.
638 1568 783 1620 Hujus
826 1569 959 1621 igitur
1001 1570 1042 1608 in
1096 1569 1386 1608 ministrando
1438 1568 1623 1621 publicis
1664 1567 1781 1608 vale-

309 1643 538 1683 tudinariis
571 1642 751 1689 labores
776 1644 848 1695 qui
883 1644 963 1683 sibi
997 1643 1039 1682 in
1076 1648 1272 1682 mentem
1309 1648 1493 1689 revocat,
1517 1642 1552 1681 is
1583 1641 1782 1694 profecto

311 1717 500 1756 minores
532 1715 703 1755 labores
737 1717 776 1755 in
812 1717 1015 1756 curandis
1047 1715 1302 1756 dom'esticis
1334 1716 1461 1767 aegris
1489 1715 1782 1768 fratribusque

312 1804 398 1831 non
421 1797 601 1842 gravate
625 1790 742 1830 feret.

399 1864 623 1917 Exemplo
657 1865 789 1904 etiam
823 1879 918 1905 esse
950 1866 1111 1918 poterit
1141 1865 1435 1904 Bernardinus
1465 1863 1682 1914 Senensis,
1706 1864 1780 1916 qui

309 1938 572 1993 pestilentiae
606 1944 804 1991 tempore
839 1940 880 1978 in
920 1940 1175 1979 nosocomio
1214 1938 1406 1991 quodam
1447 1938 1642 1987 Senensi,
1679 1951 1779 1978 cum

311 2014 385 2066 qui
409 2013 581 2053 infectis
604 2028 655 2053 ea
677 2014 747 2053 lue
769 2013 1022 2054 hominibus
1045 2027 1174 2067 opem
1200 2014 1339 2060 ferret,
1365 2026 1582 2065 nusquam
1616 2012 1780 2052 inveni-

312 2095 438 2138 retur,
468 2089 654 2141 ipsemet
686 2102 797 2141 opus
830 2088 1117 2134 ministrandi,
1148 2101 1386 2139 curamque
1419 2086 1620 2139 suscepit,
1645 2100 1777 2138 quam

311 2168 407 2202 toto
450 2162 757 2214 quadrirnestri
808 2162 957 2202 multis
1009 2161 1232 2202 laboribus
1274 2161 1521 2214 vigiliisque
1562 2161 1778 2201 sustinuit.

314 2237 383 2275 De
436 2250 487 2275 eo
540 2242 687 2275 autem
741 2236 801 2275 sic
853 2236 1063 2288 scriptum
1117 2236 1302 2288 legimus
1325 2234 1362 2275 :3
1424 2234 1654 2274 “Astabat
1705 2234 1779 2274 diu

314 2315 536 2361 noctuque
597 2309 925 2361 aegrotantibus,
979 2309 1216 2362 pharmaca
1274 2309 1468 2361 parabat,
1524 2308 1644 2348 cibos
1701 2322 1780 2360 pro

312 2382 582 2434 singulorum
636 2382 847 2434 qualitate
899 2382 1161 2435 porrigebat,
1206 2382 1356 2422 sordes
1398 2395 1552 2421 omnes
1604 2382 1646 2420 in
1697 2381 1780 2421 illis

316 2457 558 2495 necessario
597 2456 808 2503 ferendas
847 2457 938 2508 ipse
972 2462 1073 2496 ante
1106 2469 1259 2496 omnes
1291 2469 1369 2495 sua
1398 2455 1625 2495 voluntate
1657 2468 1779 2495 amo-

313 2530 478 2569 vendas
517 2530 810 2582 suscipiebat:
848 2543 934 2569 non
973 2530 1132 2575 labore,
1170 2543 1257 2570 non
1294 2529 1462 2582 vigiliis,
1500 2542 1587 2569 non
1626 2528 1779 2569 intole-

314 2605 460 2644 randis
495 2603 735 2653 soetoribus,
767 2617 853 2644 non
889 2603 1180 2644 incommodis
1215 2603 1312 2644 ullis
1346 2603 1654 2656 frangebatur:
1703 2602 1782 2643 sed

313 2693 365 2719 ea
401 2691 575 2731 semper
610 2678 846 2726 alacritate,
876 2683 919 2718 et
950 2678 1127 2731 spiritus
1156 2678 1390 2718 vivacitate
1429 2677 1511 2717 illis
1549 2677 1777 2723 serviebat,

311 2766 362 2792 ac
383 2753 418 2792 si
441 2751 508 2792 vel
531 2758 733 2805 parentes
755 2751 823 2791 vel
846 2751 999 2792 fratres
1022 2766 1072 2792 ac
1094 2751 1168 2791 filii
1194 2751 1286 2804 ejus
1310 2751 1488 2792 essent.'‘

400 2826 447 2866 B.
485 2826 617 2866 etiam
663 2825 914 2866 Dorotheus
957 2826 1012 2865 de
1056 2840 1101 2865 se
1144 2826 1240 2879 ipso
1283 2825 1443 2873 scribit,
1487 2838 1585 2864 cum
1629 2836 1776 2864 curam

358 2923 369 2943 ¹
394 2925 510 2957 Exami
532 2936 557 2956 c.
580 2934 610 2964 4.
633 2925 717 2963 §251
810 2923 823 2942 ²
847 2924 885 2956 L.
911 2933 936 2956 1.
958 2935 983 2956 c.
1010 2933 1056 2964 19.
1151 2923 1163 2942 3
1189 2924 1229 2955 In
1246 2924 1302 2956 vit.
1325 2924 1411 2965 apud
1433 2924 1561 2955 Surium
1580 2924 1612 2954 in
1630 2922 1732 2953 Maio.
