1903 3197
524 156 592 203 In
627 155 843 218 Regulas
877 155 1144 203 Modestiae.
1479 161 1572 218 625

106 291 299 332 declarat
320 305 328 341 ;
389 289 593 343 tollitque
645 289 1021 342 pulchritudinem
1085 303 1274 339 omnem,
1327 297 1371 331 et
1431 297 1576 333 totum

103 366 322 406 deformat
351 371 486 418 atque
517 365 722 405 obscurat
754 370 1013 417 aspectum:
1047 379 1148 417 quae
1176 366 1283 405 vitia
1310 380 1336 405 a
1362 366 1575 419 religiosis

101 440 354 480 hominibus
376 439 507 492 longe
529 439 684 479 abesse
706 439 881 478 debent.
937 438 1156 491 Quocirca
1179 453 1267 480 non
1290 441 1345 480 ab
1368 454 1413 480 re
1436 441 1574 484 fuerit,

99 516 308 568 quoniam
340 514 458 567 leges
490 520 650 554 nostra:
684 514 794 553 adeo
828 513 955 553 nobis
987 514 1101 554 hanc
1133 514 1401 555 hilaritatem
1423 516 1571 557 vultus

100 591 274 643 orisque
295 588 620 635 commendant,
646 588 700 627 de
723 601 774 627 ea
797 587 1052 640 singillatim
1075 602 1218 641 pauca
1240 590 1459 630 disserere.

231 731 296 761 DE
326 729 539 761 FRONTIS
572 730 883 761 SERENITATE
915 731 1083 770 ATQUE
1117 732 1438 762 HILARITATE.

195 814 282 853 Hic
323 813 410 853 duo
452 813 587 865 quaeri
625 818 828 865 possunt:
871 812 1057 853 alterum
1101 820 1177 863 est,
1220 828 1295 854 cur
1336 815 1575 867 imperetur

104 888 314 929 serenitas
344 888 520 928 vultus?
554 887 752 937 alterum,
787 888 1013 940 quomodo
1051 888 1328 929 obtinenda?

190 962 303 1002 Haec
353 963 487 1002 etiam
538 962 727 1014 pertinet
778 961 833 1002 ad
894 963 1168 1003 modestiam.
1263 963 1384 1003 Dicit
1437 963 1571 1004 etiam

103 1037 369 1078 Ambrosius
406 1037 449 1076 in
486 1036 569 1077 Off.
641 1036 733 1075 “In
776 1036 995 1077 modestia
1036 1038 1234 1077 maxime
1276 1038 1572 1091 tranquillitas

106 1112 241 1152 animi
279 1125 330 1151 ac
363 1111 557 1151 studium
598 1111 945 1151 mansuetudinis
981 1112 1227 1163 quaeritur.'’

355 1252 453 1284 CUR
486 1251 777 1282 IMPERETUR
810 1252 1082 1283 SERENITAS
1115 1253 1321 1285 VULTUS.

192 1335 352 1388 Quoad
375 1336 577 1387 primum,
603 1335 798 1387 quinque
819 1341 1003 1387 possunt
1031 1336 1172 1375 afferri
1202 1350 1357 1386 causae,
1381 1351 1456 1377 cur
1476 1337 1573 1390 jure

103 1409 282 1463 praecipi
310 1410 510 1449 videatur
540 1409 749 1457 hilaritas,
774 1423 825 1449 ac
857 1410 1068 1449 serenitas
1100 1410 1264 1451 frontis.
1330 1411 1475 1451 Prima
1507 1417 1574 1452 est

105 1485 161 1524 ad
198 1483 535 1524 aedificationem
578 1483 838 1532 hominum;
885 1484 988 1536 quia
1029 1485 1238 1525 serenitas
1280 1491 1324 1525 et
1365 1486 1575 1538 tranquil-

102 1558 203 1599 litas
224 1558 369 1598 vultus
391 1559 434 1598 in
457 1559 660 1611 religioso
690 1558 855 1597 indicat
884 1565 959 1598 aut
985 1558 1225 1611 perfectam
1247 1561 1572 1613 appetitionum

105 1633 302 1673 omnium
325 1635 518 1687 quietem
541 1639 584 1673 et
602 1633 980 1685 tranquillitatem,
996 1640 1071 1673 aut
1094 1634 1411 1675 abundantiam
1435 1650 1574 1688 quan-

107 1707 211 1747 dam
247 1708 396 1749 Sancti
434 1707 633 1761 Spiritus,
667 1713 743 1747 aut
775 1708 1073 1747 conditionem
1112 1708 1302 1762 religiosi
1336 1715 1487 1759 status,
1529 1716 1574 1751 et

108 1782 401 1823 differentiam
425 1797 450 1822 a
472 1782 664 1822 seculari.
710 1780 823 1834 Quae
841 1783 990 1822 omnia
1012 1782 1260 1823 aedificandi
1282 1785 1370 1824 vim
1394 1784 1571 1825 habent.

199 1862 250 1896 10.
277 1856 519 1897 Perfectam
537 1856 672 1895 animi
692 1856 886 1908 quietem
906 1870 956 1896 ac
973 1857 1355 1909 perturbationum
1374 1858 1572 1899 omnium

103 1932 377 1972 sedationem
410 1931 586 1979 indicat,
622 1937 670 1970 ut
703 1931 745 1970 in
780 1931 961 1972 Socrate
992 1931 1268 1985 philosopho,
1303 1933 1424 1986 cujus
1460 1948 1578 1974 uxor

103 2006 332 2059 Xantippe
373 2005 548 2046 dicebat
589 2019 635 2045 se
675 2005 837 2045 vidisse
880 2006 1035 2046 eodem
1077 2006 1200 2047 vultu
1250 2013 1384 2060 atque
1426 2008 1571 2050 fronte

102 2086 340 2120 exeuntem
378 2079 500 2120 illum
542 2081 687 2129 domo,
731 2086 774 2120 et
816 2080 1099 2131 redeuntem;
1144 2087 1192 2121 ut
1232 2082 1382 2123 scribit
1416 2082 1571 2124 Cicero

103 2155 148 2194 in
178 2154 352 2194 Tuscul.
385 2160 428 2194 et
463 2155 605 2195 Laert.
636 2155 679 2194 in
708 2155 817 2194 vita:
852 2168 951 2207 quae
980 2154 1134 2195 frontis
1163 2157 1410 2196 constantia
1439 2163 1574 2210 atque

102 2228 299 2269 hilaritas
322 2229 364 2269 in
388 2243 441 2269 eo
463 2243 520 2269 ex
550 2229 854 2269 moderatione
882 2230 1208 2283 appetitionum
1237 2237 1383 2271 ortum
1405 2231 1570 2272 habuit.

190 2303 344 2357 Atque
375 2304 419 2344 id
442 2303 621 2356 quidem
651 2303 791 2344 multo
812 2305 955 2344 verius
985 2304 1213 2358 multoque
1234 2305 1408 2359 planius
1431 2308 1570 2347 anim-

104 2378 355 2428 advertitur,
401 2393 500 2420 cum
548 2379 603 2419 ad
655 2378 898 2419 humanum
956 2381 1152 2420 studium
1197 2394 1248 2421 ac
1293 2381 1569 2435 diligentiam

103 2454 333 2493 accesserit
363 2454 514 2506 gratia,
542 2468 629 2506 qua
660 2454 871 2494 carebant
902 2454 1074 2495 ethnici.
1138 2456 1297 2508 Itaque
1329 2457 1490 2497 scimus
1527 2457 1571 2496 in

103 2533 254 2567 nostro
306 2528 492 2568 Parente
543 2528 718 2581 Ignatio
770 2534 983 2581 quantam
1025 2530 1081 2570 ad
1134 2530 1428 2571 moderandos
1473 2536 1570 2571 tum

105 2601 251 2650 animi,
293 2606 387 2641 tum
429 2602 621 2654 corporis
667 2609 813 2643 motus
858 2604 947 2643 vim
990 2603 1191 2644 habuerit
1233 2605 1461 2645 continens
1502 2606 1570 2645 sui

105 2675 315 2715 domandi
352 2676 546 2716 studium
584 2690 683 2716 cum
721 2676 887 2718 coelesti
921 2678 1064 2731 gratia
1098 2678 1392 2730 conjunctum.
1455 2678 1570 2732 Quae

106 2750 284 2802 quidem
321 2750 644 2803 appetitionum
682 2751 928 2792 moderatio
965 2766 1016 2792 ac
1058 2752 1338 2793 mortificatio
1372 2766 1469 2793 eam
1507 2752 1568 2793 illi

106 2823 406 2877 aequalitatem
460 2824 593 2864 animi
647 2826 809 2878 genuit,
861 2832 1210 2880 perpetuamque
1261 2827 1568 2876 constantiam,

107 2904 156 2939 ut
197 2899 329 2939 etiam
378 2899 421 2939 in
473 2912 630 2953 corpus
682 2899 956 2941 redundaret.
1039 2900 1268 2954 Siquidem
1319 2902 1570 2956 accepimus

277 2974 340 3006 OO
