<?xml version="1.0" encoding="UTF-8"?>
<!DOCTYPE html PUBLIC "-//W3C//DTD XHTML 1.0 Transitional//EN"
    "http://www.w3.org/TR/xhtml1/DTD/xhtml1-transitional.dtd">
<html xmlns="http://www.w3.org/1999/xhtml" xml:lang="en" lang="en">
 <head>
  <title>
</title>
<meta http-equiv="Content-Type" content="text/html;charset=utf-8" />
  <meta name='ocr-system' content='tesseract 3.04.00' />
  <meta name='ocr-capabilities' content='ocr_page ocr_carea ocr_par ocr_line ocrx_word'/>
</head>
<body>
  <div class='ocr_page' id='page_1' title='image "./nicolaiorlandini00orla/nicolaiorlandini00orla_0477.png"; bbox 0 0 1903 3197; ppageno 0'>
   <div class='ocr_carea' id='block_1_1' title="bbox 215 153 1581 219">
    <p class='ocr_par' dir='ltr' id='par_1_1' title="bbox 215 153 1581 219">
     <span class='ocr_line' id='line_1_1' title="bbox 215 153 1581 219; baseline -0.008 -10"><span class='ocrx_word' id='word_1_1' title='bbox 215 163 294 209; x_wconf 78' lang='lat' dir='ltr'>De</span> <span class='ocrx_word' id='word_1_2' title='bbox 314 162 459 208; x_wconf 74' lang='lat' dir='ltr'>malis</span> <span class='ocrx_word' id='word_1_3' title='bbox 481 161 540 206; x_wconf 78' lang='lat' dir='ltr'>ab</span> <span class='ocrx_word' id='word_1_4' title='bbox 563 158 880 206; x_wconf 76' lang='lat' dir='ltr'>immoderata</span> <span class='ocrx_word' id='word_1_5' title='bbox 903 155 1212 219; x_wconf 73' lang='lat' dir='ltr'>castigatione</span> <span class='ocrx_word' id='word_1_6' title='bbox 1231 153 1415 201; x_wconf 76' lang='lat' dir='ltr'>allatis.</span> <span class='ocrx_word' id='word_1_7' title='bbox 1483 165 1544 212; x_wconf 85' lang='lat'>45</span> <span class='ocrx_word' id='word_1_8' title='bbox 1556 164 1581 212; x_wconf 93' lang='lat'><strong><em>7</em></strong></span> 
     </span>
    </p>
   </div>
   <div class='ocr_carea' id='block_1_2' title="bbox 117 285 1597 2840">
    <p class='ocr_par' dir='ltr' id='par_1_2' title="bbox 117 285 1587 1442">
     <span class='ocr_line' id='line_1_2' title="bbox 119 285 1584 344; baseline -0.007 -10"><span class='ocrx_word' id='word_1_9' title='bbox 119 294 466 342; x_wconf 81' lang='lat' dir='ltr'>exercitationes,</span> <span class='ocrx_word' id='word_1_10' title='bbox 498 297 546 332; x_wconf 90' lang='lat' dir='ltr'>ut</span> <span class='ocrx_word' id='word_1_11' title='bbox 577 304 658 344; x_wconf 86' lang='lat' dir='ltr'>par</span> <span class='ocrx_word' id='word_1_12' title='bbox 690 296 766 331; x_wconf 93' lang='lat' dir='ltr'>est.</span> <span class='ocrx_word' id='word_1_13' title='bbox 829 289 958 338; x_wconf 88' lang='lat' dir='ltr'>Nam,</span> <span class='ocrx_word' id='word_1_14' title='bbox 985 294 1034 329; x_wconf 91' lang='lat' dir='ltr'>ut</span> <span class='ocrx_word' id='word_1_15' title='bbox 1064 289 1126 328; x_wconf 90' lang='lat' dir='ltr'>ait</span> <span class='ocrx_word' id='word_1_16' title='bbox 1158 286 1364 327; x_wconf 84' lang='lat' dir='ltr'>Basilius:</span> <span class='ocrx_word' id='word_1_17' title='bbox 1395 285 1584 325; x_wconf 88' lang='lat' dir='ltr'>“Fracto</span> 
     </span>
     <span class='ocr_line' id='line_1_3' title="bbox 119 359 1582 420; baseline -0.007 -12"><span class='ocrx_word' id='word_1_18' title='bbox 119 369 394 420; x_wconf 86' lang='lat' dir='ltr'>contritoque</span> <span class='ocrx_word' id='word_1_19' title='bbox 426 367 728 412; x_wconf 82' lang='lat' dir='ltr'>instrumento,</span> <span class='ocrx_word' id='word_1_20' title='bbox 753 377 894 415; x_wconf 86' lang='lat' dir='ltr'>neque</span> <span class='ocrx_word' id='word_1_21' title='bbox 918 363 1015 402; x_wconf 94' lang='lat' dir='ltr'>Deo</span> <span class='ocrx_word' id='word_1_22' title='bbox 1048 361 1258 401; x_wconf 79' lang='lat' dir='ltr'>inhaerere</span> <span class='ocrx_word' id='word_1_23' title='bbox 1286 373 1363 413; x_wconf 88' lang='lat' dir='ltr'>per</span> <span class='ocrx_word' id='word_1_24' title='bbox 1384 359 1582 420; x_wconf 87' lang='lat' dir='ltr'>lectionis</span> 
     </span>
     <span class='ocr_line' id='line_1_4' title="bbox 117 432 1584 490; baseline -0.006 -9"><span class='ocrx_word' id='word_1_25' title='bbox 117 447 161 481; x_wconf 89' lang='lat' dir='ltr'>et</span> <span class='ocrx_word' id='word_1_26' title='bbox 204 440 413 480; x_wconf 90' lang='lat' dir='ltr'>orationis</span> <span class='ocrx_word' id='word_1_27' title='bbox 443 439 638 479; x_wconf 92' lang='lat' dir='ltr'>studium</span> <span class='ocrx_word' id='word_1_28' title='bbox 670 449 916 490; x_wconf 89' lang='lat' dir='ltr'>possumus,</span> <span class='ocrx_word' id='word_1_29' title='bbox 951 448 1092 486; x_wconf 86' lang='lat' dir='ltr'>neque</span> <span class='ocrx_word' id='word_1_30' title='bbox 1124 434 1180 474; x_wconf 92' lang='lat' dir='ltr'>ad</span> <span class='ocrx_word' id='word_1_31' title='bbox 1227 434 1408 473; x_wconf 78' lang='lat' dir='ltr'>fratrum</span> <span class='ocrx_word' id='word_1_32' title='bbox 1452 432 1584 472; x_wconf 88' lang='lat' dir='ltr'>bene-</span> 
     </span>
     <span class='ocr_line' id='line_1_5' title="bbox 118 504 1584 559; baseline -0.008 -4"><span class='ocrx_word' id='word_1_33' title='bbox 118 514 340 555; x_wconf 89' lang='lat' dir='ltr'>ficentiam</span> <span class='ocrx_word' id='word_1_34' title='bbox 371 512 658 553; x_wconf 90' lang='lat' dir='ltr'>humanitatis</span> <span class='ocrx_word' id='word_1_35' title='bbox 680 510 873 551; x_wconf 84' lang='lat' dir='ltr'>officium</span> <span class='ocrx_word' id='word_1_36' title='bbox 897 509 1026 549; x_wconf 88' lang='lat' dir='ltr'>obire.</span> <span class='ocrx_word' id='word_1_37' title='bbox 1091 508 1150 547; x_wconf 89' lang='lat' dir='ltr'>Et</span> <span class='ocrx_word' id='word_1_38' title='bbox 1173 521 1280 547; x_wconf 79' lang='lat' dir='ltr'>mox</span> <span class='ocrx_word' id='word_1_39' title='bbox 1313 504 1584 559; x_wconf 89' lang='lat' dir='ltr'>impossibile</span> 
     </span>
     <span class='ocr_line' id='line_1_6' title="bbox 119 580 1584 638; baseline -0.007 -9"><span class='ocrx_word' id='word_1_40' title='bbox 119 595 195 638; x_wconf 88' lang='lat' dir='ltr'>est,</span> <span class='ocrx_word' id='word_1_41' title='bbox 229 588 310 628; x_wconf 89' lang='lat' dir='ltr'>nisi</span> <span class='ocrx_word' id='word_1_42' title='bbox 354 587 615 627; x_wconf 87' lang='lat' dir='ltr'>famulatum</span> <span class='ocrx_word' id='word_1_43' title='bbox 660 583 855 636; x_wconf 91' lang='lat' dir='ltr'>corporis</span> <span class='ocrx_word' id='word_1_44' title='bbox 887 582 942 622; x_wconf 88' lang='lat' dir='ltr'>ad</span> <span class='ocrx_word' id='word_1_45' title='bbox 986 580 1313 635; x_wconf 79' lang='lat' dir='ltr'>philosophiam</span> <span class='ocrx_word' id='word_1_46' title='bbox 1355 580 1584 631; x_wconf 87' lang='lat' dir='ltr'>obtempe-</span> 
     </span>
     <span class='ocr_line' id='line_1_7' title="bbox 119 651 1583 708; baseline -0.008 -6"><span class='ocrx_word' id='word_1_47' title='bbox 119 668 289 702; x_wconf 90' lang='lat' dir='ltr'>rantem</span> <span class='ocrx_word' id='word_1_48' title='bbox 330 660 584 708; x_wconf 79' lang='lat' dir='ltr'>habeamus,</span> <span class='ocrx_word' id='word_1_49' title='bbox 619 657 687 698; x_wconf 91' lang='lat' dir='ltr'>vel</span> <span class='ocrx_word' id='word_1_50' title='bbox 725 656 882 697; x_wconf 90' lang='lat' dir='ltr'>divinis</span> <span class='ocrx_word' id='word_1_51' title='bbox 926 654 1188 695; x_wconf 89' lang='lat' dir='ltr'>lectionibus</span> <span class='ocrx_word' id='word_1_52' title='bbox 1232 667 1412 706; x_wconf 82' lang='lat' dir='ltr'>operam</span> <span class='ocrx_word' id='word_1_53' title='bbox 1445 651 1583 692; x_wconf 86' lang='lat' dir='ltr'>dare.”</span> 
     </span>
     <span class='ocr_line' id='line_1_8' title="bbox 119 726 1586 789; baseline -0.009 -12"><span class='ocrx_word' id='word_1_54' title='bbox 119 737 220 789; x_wconf 90' lang='lat' dir='ltr'>Jam</span> <span class='ocrx_word' id='word_1_55' title='bbox 251 736 391 788; x_wconf 91' lang='lat' dir='ltr'>pietas</span> <span class='ocrx_word' id='word_1_56' title='bbox 423 733 575 786; x_wconf 86' lang='lat' dir='ltr'>quanti</span> <span class='ocrx_word' id='word_1_57' title='bbox 608 732 674 781; x_wconf 86' lang='lat' dir='ltr'>sit,</span> <span class='ocrx_word' id='word_1_58' title='bbox 703 736 747 770; x_wconf 92' lang='lat' dir='ltr'>et</span> <span class='ocrx_word' id='word_1_59' title='bbox 778 742 911 783; x_wconf 88' lang='lat' dir='ltr'>quam</span> <span class='ocrx_word' id='word_1_60' title='bbox 943 729 1113 769; x_wconf 82' lang='lat' dir='ltr'>caeteris</span> <span class='ocrx_word' id='word_1_61' title='bbox 1145 727 1338 780; x_wconf 91' lang='lat' dir='ltr'>corporis</span> <span class='ocrx_word' id='word_1_62' title='bbox 1371 726 1586 766; x_wconf 78' lang='lat' dir='ltr'>exercita-</span> 
     </span>
     <span class='ocr_line' id='line_1_9' title="bbox 119 800 1585 862; baseline -0.008 -12"><span class='ocrx_word' id='word_1_63' title='bbox 119 810 313 850; x_wconf 89' lang='lat' dir='ltr'>tionibus</span> <span class='ocrx_word' id='word_1_64' title='bbox 335 813 524 862; x_wconf 69' lang='lat' dir='ltr'>pnaestet,</span> <span class='ocrx_word' id='word_1_65' title='bbox 544 806 648 859; x_wconf 88' lang='lat' dir='ltr'>quid</span> <span class='ocrx_word' id='word_1_66' title='bbox 671 805 830 845; x_wconf 80' lang='lat' dir='ltr'>attinet</span> <span class='ocrx_word' id='word_1_67' title='bbox 852 802 1027 844; x_wconf 90' lang='lat' dir='ltr'>dicere?</span> <span class='ocrx_word' id='word_1_68' title='bbox 1061 815 1160 842; x_wconf 90' lang='lat' dir='ltr'>cum</span> <span class='ocrx_word' id='word_1_69' title='bbox 1183 802 1227 841; x_wconf 90' lang='lat' dir='ltr'>id</span> <span class='ocrx_word' id='word_1_70' title='bbox 1251 800 1411 841; x_wconf 86' lang='lat' dir='ltr'>Paulus</span> <span class='ocrx_word' id='word_1_71' title='bbox 1435 805 1585 852; x_wconf 88' lang='lat' dir='ltr'>aperte</span> 
     </span>
     <span class='ocr_line' id='line_1_10' title="bbox 119 876 1583 926; baseline -0.007 -3"><span class='ocrx_word' id='word_1_72' title='bbox 119 888 304 924; x_wconf 86' lang='lat' dir='ltr'>testetur</span> <span class='ocrx_word' id='word_1_73' title='bbox 348 882 405 921; x_wconf 91' lang='lat' dir='ltr'>ad</span> <span class='ocrx_word' id='word_1_74' title='bbox 451 879 736 921; x_wconf 87' lang='lat' dir='ltr'>Timotheum</span> <span class='ocrx_word' id='word_1_75' title='bbox 783 878 1007 925; x_wconf 89' lang='lat' dir='ltr'>scribens;</span> <span class='ocrx_word' id='word_1_76' title='bbox 1059 876 1146 924; x_wconf 87' lang='lat' dir='ltr'>ubi,</span> <span class='ocrx_word' id='word_1_77' title='bbox 1194 876 1300 916; x_wconf 91' lang='lat' dir='ltr'>dum</span> <span class='ocrx_word' id='word_1_78' title='bbox 1348 880 1583 926; x_wconf 87' lang='lat' dir='ltr'>utrumque</span> 
     </span>
     <span class='ocr_line' id='line_1_11' title="bbox 119 948 1586 1007; baseline -0.007 -10"><span class='ocrx_word' id='word_1_79' title='bbox 119 956 314 997; x_wconf 87' lang='lat' dir='ltr'>studium</span> <span class='ocrx_word' id='word_1_80' title='bbox 347 959 586 1007; x_wconf 88' lang='lat' dir='ltr'>comparat,</span> <span class='ocrx_word' id='word_1_81' title='bbox 615 952 791 1006; x_wconf 89' lang='lat' dir='ltr'>pietatis</span> <span class='ocrx_word' id='word_1_82' title='bbox 824 951 1018 991; x_wconf 87' lang='lat' dir='ltr'>studium</span> <span class='ocrx_word' id='word_1_83' title='bbox 1052 949 1201 989; x_wconf 88' lang='lat' dir='ltr'>multis</span> <span class='ocrx_word' id='word_1_84' title='bbox 1233 948 1433 1002; x_wconf 86' lang='lat' dir='ltr'>partibus</span> <span class='ocrx_word' id='word_1_85' title='bbox 1464 952 1586 987; x_wconf 88' lang='lat' dir='ltr'>ante-</span> 
     </span>
     <span class='ocr_line' id='line_1_12' title="bbox 120 1020 1587 1083; baseline -0.007 -13"><span class='ocrx_word' id='word_1_86' title='bbox 120 1030 255 1083; x_wconf 87' lang='lat' dir='ltr'>ponit.</span> <span class='ocrx_word' id='word_1_87' title='bbox 319 1029 527 1068; x_wconf 83' lang='lat' dir='ltr'>“Exerce</span> <span class='ocrx_word' id='word_1_88' title='bbox 547 1025 627 1076; x_wconf 89' lang='lat' dir='ltr'>te,’&#39;</span> <span class='ocrx_word' id='word_1_89' title='bbox 660 1025 812 1078; x_wconf 86' lang='lat' dir='ltr'>inquit,</span> <span class='ocrx_word' id='word_1_90' title='bbox 836 1024 927 1064; x_wconf 89' lang='lat' dir='ltr'>“ad</span> <span class='ocrx_word' id='word_1_91' title='bbox 959 1025 1191 1077; x_wconf 84' lang='lat' dir='ltr'>pietatem:</span> <span class='ocrx_word' id='word_1_92' title='bbox 1225 1035 1327 1062; x_wconf 89' lang='lat' dir='ltr'>nam</span> <span class='ocrx_word' id='word_1_93' title='bbox 1350 1020 1587 1073; x_wconf 88' lang='lat' dir='ltr'>corporalis</span> 
     </span>
     <span class='ocr_line' id='line_1_13' title="bbox 121 1092 1586 1146; baseline -0.007 -4"><span class='ocrx_word' id='word_1_94' title='bbox 121 1101 379 1142; x_wconf 81' lang='lat' dir='ltr'>exercitatio</span> <span class='ocrx_word' id='word_1_95' title='bbox 408 1100 463 1140; x_wconf 91' lang='lat' dir='ltr'>ad</span> <span class='ocrx_word' id='word_1_96' title='bbox 493 1098 716 1139; x_wconf 88' lang='lat' dir='ltr'>modicum</span> <span class='ocrx_word' id='word_1_97' title='bbox 747 1097 863 1138; x_wconf 91' lang='lat' dir='ltr'>utilis</span> <span class='ocrx_word' id='word_1_98' title='bbox 893 1095 1017 1146; x_wconf 85' lang='lat' dir='ltr'>est,’&#39;1</span> <span class='ocrx_word' id='word_1_99' title='bbox 1046 1096 1122 1136; x_wconf 89' lang='lat' dir='ltr'>sed</span> <span class='ocrx_word' id='word_1_100' title='bbox 1154 1094 1395 1135; x_wconf 87' lang='lat' dir='ltr'>admodum</span> <span class='ocrx_word' id='word_1_101' title='bbox 1423 1092 1586 1133; x_wconf 85' lang='lat' dir='ltr'>inutilis</span> 
     </span>
     <span class='ocr_line' id='line_1_14' title="bbox 121 1166 1583 1226; baseline -0.007 -11"><span class='ocrx_word' id='word_1_102' title='bbox 121 1180 169 1214; x_wconf 83' lang='lat' dir='ltr'>ut</span> <span class='ocrx_word' id='word_1_103' title='bbox 212 1187 309 1226; x_wconf 69' lang='lat' dir='ltr'>quae</span> <span class='ocrx_word' id='word_1_104' title='bbox 352 1174 562 1226; x_wconf 89' lang='lat' dir='ltr'>pietatem</span> <span class='ocrx_word' id='word_1_105' title='bbox 605 1172 803 1211; x_wconf 89' lang='lat' dir='ltr'>destruat</span> <span class='ocrx_word' id='word_1_106' title='bbox 844 1175 889 1210; x_wconf 87' lang='lat' dir='ltr'>et</span> <span class='ocrx_word' id='word_1_107' title='bbox 944 1169 1086 1221; x_wconf 89' lang='lat' dir='ltr'>majus</span> <span class='ocrx_word' id='word_1_108' title='bbox 1141 1169 1307 1208; x_wconf 88' lang='lat' dir='ltr'>bonum</span> <span class='ocrx_word' id='word_1_109' title='bbox 1361 1166 1583 1219; x_wconf 89' lang='lat' dir='ltr'>impediat.</span> 
     </span>
     <span class='ocr_line' id='line_1_15' title="bbox 121 1240 1586 1300; baseline -0.005 -13"><span class='ocrx_word' id='word_1_110' title='bbox 121 1247 388 1300; x_wconf 75' lang='lat' dir='ltr'>Quanquam</span> <span class='ocrx_word' id='word_1_111' title='bbox 433 1246 777 1297; x_wconf 85' lang='lat' dir='ltr'>Chrysostomus</span> <span class='ocrx_word' id='word_1_112' title='bbox 820 1249 864 1283; x_wconf 90' lang='lat' dir='ltr'>et</span> <span class='ocrx_word' id='word_1_113' title='bbox 913 1243 1052 1283; x_wconf 66' lang='lat' dir='ltr'>Graeci</span> <span class='ocrx_word' id='word_1_114' title='bbox 1095 1241 1331 1294; x_wconf 89' lang='lat' dir='ltr'>corporalis</span> <span class='ocrx_word' id='word_1_115' title='bbox 1374 1240 1586 1280; x_wconf 84' lang='lat' dir='ltr'>exercita-</span> 
     </span>
     <span class='ocr_line' id='line_1_16' title="bbox 121 1313 1587 1370; baseline -0.005 -10"><span class='ocrx_word' id='word_1_116' title='bbox 121 1321 252 1361; x_wconf 85' lang='lat' dir='ltr'>tionis</span> <span class='ocrx_word' id='word_1_117' title='bbox 276 1320 453 1359; x_wconf 90' lang='lat' dir='ltr'>nomine</span> <span class='ocrx_word' id='word_1_118' title='bbox 474 1318 640 1370; x_wconf 88' lang='lat' dir='ltr'>aliquid</span> <span class='ocrx_word' id='word_1_119' title='bbox 672 1316 791 1357; x_wconf 90' lang='lat' dir='ltr'>aliud</span> <span class='ocrx_word' id='word_1_120' title='bbox 816 1316 1020 1356; x_wconf 89' lang='lat' dir='ltr'>videntur</span> <span class='ocrx_word' id='word_1_121' title='bbox 1051 1316 1260 1367; x_wconf 88' lang='lat' dir='ltr'>accipere.</span> <span class='ocrx_word' id='word_1_122' title='bbox 1325 1313 1413 1355; x_wconf 84' lang='lat' dir='ltr'>Sed</span> <span class='ocrx_word' id='word_1_123' title='bbox 1437 1320 1587 1354; x_wconf 89' lang='lat' dir='ltr'>tamen</span> 
     </span>
     <span class='ocr_line' id='line_1_17' title="bbox 122 1387 1583 1442; baseline -0.005 -9"><span class='ocrx_word' id='word_1_124' title='bbox 122 1393 396 1442; x_wconf 82' lang='lat' dir='ltr'>Ambrosius,</span> <span class='ocrx_word' id='word_1_125' title='bbox 430 1391 683 1439; x_wconf 86' lang='lat' dir='ltr'>Anselmus‚</span> <span class='ocrx_word' id='word_1_126' title='bbox 717 1396 760 1430; x_wconf 91' lang='lat' dir='ltr'>et</span> <span class='ocrx_word' id='word_1_127' title='bbox 793 1389 865 1430; x_wconf 88' lang='lat' dir='ltr'>alii</span> <span class='ocrx_word' id='word_1_128' title='bbox 899 1390 960 1429; x_wconf 92' lang='lat' dir='ltr'>sic</span> <span class='ocrx_word' id='word_1_129' title='bbox 997 1388 1241 1441; x_wconf 81' lang='lat' dir='ltr'>explanant</span> <span class='ocrx_word' id='word_1_130' title='bbox 1278 1388 1423 1427; x_wconf 89' lang='lat' dir='ltr'>locum</span> <span class='ocrx_word' id='word_1_131' title='bbox 1458 1387 1583 1427; x_wconf 88' lang='lat' dir='ltr'>hunc.</span> 
     </span>
    </p>

    <p class='ocr_par' dir='ltr' id='par_1_3' title="bbox 122 1461 1597 2840">
     <span class='ocr_line' id='line_1_18' title="bbox 209 1461 1588 1516; baseline -0.005 -10"><span class='ocrx_word' id='word_1_132' title='bbox 209 1467 332 1506; x_wconf 88' lang='lat' dir='ltr'>Bona</span> <span class='ocrx_word' id='word_1_133' title='bbox 353 1479 456 1506; x_wconf 91' lang='lat' dir='ltr'>vero</span> <span class='ocrx_word' id='word_1_134' title='bbox 479 1464 659 1505; x_wconf 91' lang='lat' dir='ltr'>secundi</span> <span class='ocrx_word' id='word_1_135' title='bbox 681 1463 863 1516; x_wconf 86' lang='lat' dir='ltr'>generis,</span> <span class='ocrx_word' id='word_1_136' title='bbox 880 1476 979 1514; x_wconf 82' lang='lat' dir='ltr'>quae</span> <span class='ocrx_word' id='word_1_137' title='bbox 1001 1463 1044 1501; x_wconf 91' lang='lat' dir='ltr'>in</span> <span class='ocrx_word' id='word_1_138' title='bbox 1067 1461 1195 1503; x_wconf 90' lang='lat' dir='ltr'>nobis</span> <span class='ocrx_word' id='word_1_139' title='bbox 1218 1461 1302 1500; x_wconf 89' lang='lat' dir='ltr'>sita</span> <span class='ocrx_word' id='word_1_140' title='bbox 1323 1466 1425 1500; x_wconf 89' lang='lat' dir='ltr'>sunt</span> <span class='ocrx_word' id='word_1_141' title='bbox 1443 1466 1487 1499; x_wconf 94' lang='lat' dir='ltr'>et</span> <span class='ocrx_word' id='word_1_142' title='bbox 1509 1472 1588 1500; x_wconf 92' lang='lat' dir='ltr'>nos</span> 
     </span>
     <span class='ocr_line' id='line_1_19' title="bbox 122 1533 1590 1592; baseline -0.006 -12"><span class='ocrx_word' id='word_1_143' title='bbox 122 1541 357 1592; x_wconf 84' lang='lat' dir='ltr'>attingunt,</span> <span class='ocrx_word' id='word_1_144' title='bbox 382 1538 629 1591; x_wconf 90' lang='lat' dir='ltr'>cujusmodi</span> <span class='ocrx_word' id='word_1_145' title='bbox 664 1543 730 1577; x_wconf 90' lang='lat' dir='ltr'>est</span> <span class='ocrx_word' id='word_1_146' title='bbox 758 1536 1017 1576; x_wconf 83' lang='lat' dir='ltr'>exercitatio</span> <span class='ocrx_word' id='word_1_147' title='bbox 1046 1535 1270 1583; x_wconf 85' lang='lat' dir='ltr'>virtutum,</span> <span class='ocrx_word' id='word_1_148' title='bbox 1299 1547 1350 1573; x_wconf 90' lang='lat' dir='ltr'>ac</span> <span class='ocrx_word' id='word_1_149' title='bbox 1383 1533 1590 1586; x_wconf 85' lang='lat' dir='ltr'>palaestra</span> 
     </span>
     <span class='ocr_line' id='line_1_20' title="bbox 124 1606 1590 1667; baseline -0.005 -14"><span class='ocrx_word' id='word_1_150' title='bbox 124 1613 371 1667; x_wconf 85' lang='lat' dir='ltr'>spiritualis,</span> <span class='ocrx_word' id='word_1_151' title='bbox 393 1626 417 1652; x_wconf 88' lang='lat' dir='ltr'>a</span> <span class='ocrx_word' id='word_1_152' title='bbox 441 1613 609 1651; x_wconf 90' lang='lat' dir='ltr'>minore</span> <span class='ocrx_word' id='word_1_153' title='bbox 636 1611 764 1660; x_wconf 91' lang='lat' dir='ltr'>bono,</span> <span class='ocrx_word' id='word_1_154' title='bbox 786 1609 870 1649; x_wconf 94' lang='lat' dir='ltr'>hoc</span> <span class='ocrx_word' id='word_1_155' title='bbox 899 1615 965 1649; x_wconf 92' lang='lat' dir='ltr'>est</span> <span class='ocrx_word' id='word_1_156' title='bbox 995 1609 1052 1648; x_wconf 92' lang='lat' dir='ltr'>ab</span> <span class='ocrx_word' id='word_1_157' title='bbox 1084 1607 1376 1647; x_wconf 86' lang='lat' dir='ltr'>immoderata</span> <span class='ocrx_word' id='word_1_158' title='bbox 1398 1606 1590 1660; x_wconf 90' lang='lat' dir='ltr'>corporis</span> 
     </span>
     <span class='ocr_line' id='line_1_21' title="bbox 124 1680 1590 1739; baseline -0.005 -12"><span class='ocrx_word' id='word_1_159' title='bbox 124 1687 423 1739; x_wconf 81' lang='lat' dir='ltr'>castigatione,</span> <span class='ocrx_word' id='word_1_160' title='bbox 455 1685 763 1738; x_wconf 88' lang='lat' dir='ltr'>impediuntur.</span> <span class='ocrx_word' id='word_1_161' title='bbox 828 1684 900 1723; x_wconf 90' lang='lat' dir='ltr'>Fit</span> <span class='ocrx_word' id='word_1_162' title='bbox 934 1683 1050 1722; x_wconf 90' lang='lat' dir='ltr'>enim</span> <span class='ocrx_word' id='word_1_163' title='bbox 1084 1681 1295 1721; x_wconf 85' lang='lat' dir='ltr'>infirmior</span> <span class='ocrx_word' id='word_1_164' title='bbox 1327 1682 1499 1721; x_wconf 90' lang='lat' dir='ltr'>animus</span> <span class='ocrx_word' id='word_1_165' title='bbox 1532 1680 1590 1721; x_wconf 92' lang='lat' dir='ltr'>ad</span> 
     </span>
     <span class='ocr_line' id='line_1_22' title="bbox 125 1756 1588 1810; baseline -0.005 -9"><span class='ocrx_word' id='word_1_166' title='bbox 125 1760 393 1801; x_wconf 80' lang='lat' dir='ltr'>exercendas</span> <span class='ocrx_word' id='word_1_167' title='bbox 415 1760 607 1808; x_wconf 79' lang='lat' dir='ltr'>virtutes,</span> <span class='ocrx_word' id='word_1_168' title='bbox 631 1771 731 1797; x_wconf 91' lang='lat' dir='ltr'>cum</span> <span class='ocrx_word' id='word_1_169' title='bbox 763 1763 922 1810; x_wconf 84' lang='lat' dir='ltr'>praeter</span> <span class='ocrx_word' id='word_1_170' title='bbox 949 1756 1131 1795; x_wconf 91' lang='lat' dir='ltr'>modum</span> <span class='ocrx_word' id='word_1_171' title='bbox 1156 1760 1400 1795; x_wconf 86' lang='lat' dir='ltr'>maceratur</span> <span class='ocrx_word' id='word_1_172' title='bbox 1421 1767 1588 1806; x_wconf 89' lang='lat' dir='ltr'>corpus.</span> 
     </span>
     <span class='ocr_line' id='line_1_23' title="bbox 127 1826 1591 1882; baseline -0.005 -8"><span class='ocrx_word' id='word_1_173' title='bbox 127 1835 220 1875; x_wconf 89' lang='lat' dir='ltr'>Nec</span> <span class='ocrx_word' id='word_1_174' title='bbox 250 1834 365 1873; x_wconf 91' lang='lat' dir='ltr'>enim</span> <span class='ocrx_word' id='word_1_175' title='bbox 401 1832 573 1872; x_wconf 91' lang='lat' dir='ltr'>infirmo</span> <span class='ocrx_word' id='word_1_176' title='bbox 602 1843 793 1882; x_wconf 91' lang='lat' dir='ltr'>corpore,</span> <span class='ocrx_word' id='word_1_177' title='bbox 823 1836 871 1870; x_wconf 88' lang='lat' dir='ltr'>ut</span> <span class='ocrx_word' id='word_1_178' title='bbox 904 1829 965 1869; x_wconf 88' lang='lat' dir='ltr'>ait</span> <span class='ocrx_word' id='word_1_179' title='bbox 1000 1829 1052 1869; x_wconf 91' lang='lat' dir='ltr'>D.</span> <span class='ocrx_word' id='word_1_180' title='bbox 1078 1826 1305 1877; x_wconf 79' lang='lat' dir='ltr'>DidacuS,2</span> <span class='ocrx_word' id='word_1_181' title='bbox 1336 1842 1429 1868; x_wconf 89' lang='lat' dir='ltr'>esse</span> <span class='ocrx_word' id='word_1_182' title='bbox 1458 1827 1591 1867; x_wconf 90' lang='lat' dir='ltr'>debet</span> 
     </span>
     <span class='ocr_line' id='line_1_24' title="bbox 126 1902 1590 1961; baseline -0.005 -13"><span class='ocrx_word' id='word_1_183' title='bbox 126 1909 201 1961; x_wconf 89' lang='lat' dir='ltr'>qui</span> <span class='ocrx_word' id='word_1_184' title='bbox 236 1913 384 1956; x_wconf 87' lang='lat' dir='ltr'>certat,</span> <span class='ocrx_word' id='word_1_185' title='bbox 407 1905 482 1945; x_wconf 92' lang='lat' dir='ltr'>sed</span> <span class='ocrx_word' id='word_1_186' title='bbox 518 1905 579 1944; x_wconf 86' lang='lat' dir='ltr'>ita</span> <span class='ocrx_word' id='word_1_187' title='bbox 609 1903 748 1953; x_wconf 88' lang='lat' dir='ltr'>firmo,</span> <span class='ocrx_word' id='word_1_188' title='bbox 771 1909 819 1942; x_wconf 90' lang='lat' dir='ltr'>ut</span> <span class='ocrx_word' id='word_1_189' title='bbox 852 1902 1108 1942; x_wconf 89' lang='lat' dir='ltr'>sustinendo</span> <span class='ocrx_word' id='word_1_190' title='bbox 1137 1902 1374 1941; x_wconf 87' lang='lat' dir='ltr'>certamine</span> <span class='ocrx_word' id='word_1_191' title='bbox 1396 1915 1475 1954; x_wconf 84' lang='lat' dir='ltr'>par</span> <span class='ocrx_word' id='word_1_192' title='bbox 1497 1914 1590 1941; x_wconf 86' lang='lat' dir='ltr'>esse</span> 
     </span>
     <span class='ocr_line' id='line_1_25' title="bbox 127 1975 1593 2034; baseline -0.005 -13"><span class='ocrx_word' id='word_1_193' title='bbox 127 1981 277 2034; x_wconf 83' lang='lat' dir='ltr'>possit,</span> <span class='ocrx_word' id='word_1_194' title='bbox 320 1985 370 2019; x_wconf 85' lang='lat' dir='ltr'>ut</span> <span class='ocrx_word' id='word_1_195' title='bbox 411 1979 558 2019; x_wconf 75' lang='lat' dir='ltr'>anIma</span> <span class='ocrx_word' id='word_1_196' title='bbox 600 1977 732 2017; x_wconf 86' lang='lat' dir='ltr'>etiam</span> <span class='ocrx_word' id='word_1_197' title='bbox 784 1976 1008 2015; x_wconf 89' lang='lat' dir='ltr'>laboribus</span> <span class='ocrx_word' id='word_1_198' title='bbox 1049 1975 1241 2027; x_wconf 89' lang='lat' dir='ltr'>corporis</span> <span class='ocrx_word' id='word_1_199' title='bbox 1283 1975 1593 2014; x_wconf 86' lang='lat' dir='ltr'>convenienter</span> 
     </span>
     <span class='ocr_line' id='line_1_26' title="bbox 126 2048 1590 2108; baseline -0.005 -14"><span class='ocrx_word' id='word_1_200' title='bbox 126 2054 302 2108; x_wconf 78' lang='lat' dir='ltr'>purgari</span> <span class='ocrx_word' id='word_1_201' title='bbox 341 2058 484 2105; x_wconf 85' lang='lat' dir='ltr'>queat.</span> <span class='ocrx_word' id='word_1_202' title='bbox 562 2051 636 2090; x_wconf 86' lang='lat' dir='ltr'>Ex</span> <span class='ocrx_word' id='word_1_203' title='bbox 673 2064 761 2102; x_wconf 85' lang='lat' dir='ltr'>quo</span> <span class='ocrx_word' id='word_1_204' title='bbox 799 2049 930 2089; x_wconf 85' lang='lat' dir='ltr'>efficit</span> <span class='ocrx_word' id='word_1_205' title='bbox 968 2048 1010 2089; x_wconf 87' lang='lat' dir='ltr'>S.</span> <span class='ocrx_word' id='word_1_206' title='bbox 1036 2049 1175 2097; x_wconf 87' lang='lat' dir='ltr'>Pater,</span> <span class='ocrx_word' id='word_1_207' title='bbox 1197 2062 1354 2101; x_wconf 91' lang='lat' dir='ltr'>corpus</span> <span class='ocrx_word' id='word_1_208' title='bbox 1391 2053 1590 2087; x_wconf 88' lang='lat' dir='ltr'>nostrum</span> 
     </span>
     <span class='ocr_line' id='line_1_27' title="bbox 127 2121 1592 2181; baseline -0.005 -13"><span class='ocrx_word' id='word_1_209' title='bbox 127 2142 207 2181; x_wconf 91' lang='lat' dir='ltr'>pro</span> <span class='ocrx_word' id='word_1_210' title='bbox 242 2128 397 2167; x_wconf 90' lang='lat' dir='ltr'>virium</span> <span class='ocrx_word' id='word_1_211' title='bbox 435 2125 642 2166; x_wconf 89' lang='lat' dir='ltr'>firmitate</span> <span class='ocrx_word' id='word_1_212' title='bbox 679 2123 975 2163; x_wconf 83' lang='lat' dir='ltr'>exercendum</span> <span class='ocrx_word' id='word_1_213' title='bbox 1018 2123 1173 2172; x_wconf 91' lang='lat' dir='ltr'>inedia,</span> <span class='ocrx_word' id='word_1_214' title='bbox 1207 2128 1250 2162; x_wconf 93' lang='lat' dir='ltr'>et</span> <span class='ocrx_word' id='word_1_215' title='bbox 1286 2121 1592 2174; x_wconf 81' lang='lat' dir='ltr'>castigandum</span> 
     </span>
     <span class='ocr_line' id='line_1_28' title="bbox 128 2194 1593 2248; baseline -0.006 -6"><span class='ocrx_word' id='word_1_216' title='bbox 128 2202 365 2242; x_wconf 87' lang='lat' dir='ltr'>moderate.</span> <span class='ocrx_word' id='word_1_217' title='bbox 431 2200 483 2239; x_wconf 93' lang='lat' dir='ltr'>In</span> <span class='ocrx_word' id='word_1_218' title='bbox 506 2198 692 2239; x_wconf 88' lang='lat' dir='ltr'>eandem</span> <span class='ocrx_word' id='word_1_219' title='bbox 715 2197 979 2238; x_wconf 87' lang='lat' dir='ltr'>sententiam</span> <span class='ocrx_word' id='word_1_220' title='bbox 1004 2196 1190 2236; x_wconf 88' lang='lat' dir='ltr'>Basilius</span> <span class='ocrx_word' id='word_1_221' title='bbox 1209 2194 1241 2235; x_wconf 80' lang='lat'>:3</span> <span class='ocrx_word' id='word_1_222' title='bbox 1288 2196 1428 2235; x_wconf 90' lang='lat' dir='ltr'>“Non</span> <span class='ocrx_word' id='word_1_223' title='bbox 1460 2194 1593 2248; x_wconf 89' lang='lat' dir='ltr'>plus,&#39;&#39;</span> 
     </span>
     <span class='ocr_line' id='line_1_29' title="bbox 128 2268 1592 2328; baseline -0.006 -12"><span class='ocrx_word' id='word_1_224' title='bbox 128 2277 282 2328; x_wconf 85' lang='lat' dir='ltr'>inquit,</span> <span class='ocrx_word' id='word_1_225' title='bbox 322 2274 499 2314; x_wconf 87' lang='lat' dir='ltr'>“carnis</span> <span class='ocrx_word' id='word_1_226' title='bbox 541 2272 709 2312; x_wconf 88' lang='lat' dir='ltr'>sarcina</span> <span class='ocrx_word' id='word_1_227' title='bbox 749 2284 917 2324; x_wconf 88' lang='lat' dir='ltr'>pennas</span> <span class='ocrx_word' id='word_1_228' title='bbox 954 2270 1113 2310; x_wconf 78' lang='lat' dir='ltr'>animae</span> <span class='ocrx_word' id='word_1_229' title='bbox 1150 2269 1206 2309; x_wconf 89' lang='lat' dir='ltr'>ad</span> <span class='ocrx_word' id='word_1_230' title='bbox 1244 2268 1395 2308; x_wconf 87' lang='lat' dir='ltr'>infima</span> <span class='ocrx_word' id='word_1_231' title='bbox 1432 2268 1592 2320; x_wconf 86' lang='lat' dir='ltr'>dejicit,</span> 
     </span>
     <span class='ocr_line' id='line_1_30' title="bbox 127 2342 1593 2402; baseline -0.005 -14"><span class='ocrx_word' id='word_1_232' title='bbox 127 2362 261 2402; x_wconf 91' lang='lat' dir='ltr'>quam</span> <span class='ocrx_word' id='word_1_233' title='bbox 303 2347 579 2387; x_wconf 88' lang='lat' dir='ltr'>imbecillitas</span> <span class='ocrx_word' id='word_1_234' title='bbox 621 2345 839 2398; x_wconf 89' lang='lat' dir='ltr'>corporis;</span> <span class='ocrx_word' id='word_1_235' title='bbox 881 2344 988 2383; x_wconf 90' lang='lat' dir='ltr'>dum</span> <span class='ocrx_word' id='word_1_236' title='bbox 1026 2343 1121 2395; x_wconf 80' lang='lat' dir='ltr'>jugi</span> <span class='ocrx_word' id='word_1_237' title='bbox 1164 2343 1219 2383; x_wconf 91' lang='lat' dir='ltr'>ad</span> <span class='ocrx_word' id='word_1_238' title='bbox 1265 2342 1309 2382; x_wconf 91' lang='lat' dir='ltr'>id</span> <span class='ocrx_word' id='word_1_239' title='bbox 1351 2343 1593 2382; x_wconf 87' lang='lat' dir='ltr'>curandum</span> 
     </span>
     <span class='ocr_line' id='line_1_31' title="bbox 128 2416 1593 2475; baseline -0.005 -12"><span class='ocrx_word' id='word_1_240' title='bbox 128 2422 415 2475; x_wconf 87' lang='lat' dir='ltr'>occupatione</span> <span class='ocrx_word' id='word_1_241' title='bbox 447 2421 640 2461; x_wconf 89' lang='lat' dir='ltr'>distenta</span> <span class='ocrx_word' id='word_1_242' title='bbox 672 2433 759 2459; x_wconf 93' lang='lat' dir='ltr'>non</span> <span class='ocrx_word' id='word_1_243' title='bbox 793 2419 1026 2472; x_wconf 91' lang='lat' dir='ltr'>permittur</span> <span class='ocrx_word' id='word_1_244' title='bbox 1057 2418 1114 2457; x_wconf 92' lang='lat' dir='ltr'>ad</span> <span class='ocrx_word' id='word_1_245' title='bbox 1147 2417 1353 2466; x_wconf 88' lang='lat' dir='ltr'>coelestia,</span> <span class='ocrx_word' id='word_1_246' title='bbox 1376 2423 1425 2457; x_wconf 88' lang='lat' dir='ltr'>ut</span> <span class='ocrx_word' id='word_1_247' title='bbox 1461 2416 1593 2469; x_wconf 86' lang='lat' dir='ltr'>cupit,</span> 
     </span>
     <span class='ocr_line' id='line_1_32' title="bbox 129 2490 1595 2543; baseline -0.003 -8"><span class='ocrx_word' id='word_1_248' title='bbox 129 2495 325 2536; x_wconf 83' lang='lat' dir='ltr'>evolare:</span> <span class='ocrx_word' id='word_1_249' title='bbox 369 2508 449 2534; x_wconf 91' lang='lat' dir='ltr'>nec</span> <span class='ocrx_word' id='word_1_250' title='bbox 483 2494 625 2534; x_wconf 93' lang='lat' dir='ltr'>solum</span> <span class='ocrx_word' id='word_1_251' title='bbox 660 2494 717 2533; x_wconf 93' lang='lat' dir='ltr'>ob</span> <span class='ocrx_word' id='word_1_252' title='bbox 751 2506 847 2533; x_wconf 89' lang='lat' dir='ltr'>eam</span> <span class='ocrx_word' id='word_1_253' title='bbox 883 2492 1130 2532; x_wconf 90' lang='lat' dir='ltr'>molestiam</span> <span class='ocrx_word' id='word_1_254' title='bbox 1164 2492 1376 2532; x_wconf 84' lang='lat' dir='ltr'>virtutum</span> <span class='ocrx_word' id='word_1_255' title='bbox 1411 2490 1595 2543; x_wconf 86' lang='lat' dir='ltr'>acquisi-</span> 
     </span>
     <span class='ocr_line' id='line_1_33' title="bbox 130 2565 1597 2620; baseline -0.003 -12"><span class='ocrx_word' id='word_1_256' title='bbox 130 2569 249 2608; x_wconf 89' lang='lat' dir='ltr'>tione</span> <span class='ocrx_word' id='word_1_257' title='bbox 285 2569 490 2620; x_wconf 88' lang='lat' dir='ltr'>privatur,</span> <span class='ocrx_word' id='word_1_258' title='bbox 522 2567 599 2607; x_wconf 91' lang='lat' dir='ltr'>sed</span> <span class='ocrx_word' id='word_1_259' title='bbox 632 2573 676 2607; x_wconf 92' lang='lat' dir='ltr'>et</span> <span class='ocrx_word' id='word_1_260' title='bbox 711 2572 859 2619; x_wconf 92' lang='lat' dir='ltr'>partas</span> <span class='ocrx_word' id='word_1_261' title='bbox 891 2566 996 2618; x_wconf 89' lang='lat' dir='ltr'>jam,</span> <span class='ocrx_word' id='word_1_262' title='bbox 1021 2566 1127 2605; x_wconf 92' lang='lat' dir='ltr'>dum</span> <span class='ocrx_word' id='word_1_263' title='bbox 1164 2579 1242 2618; x_wconf 92' lang='lat' dir='ltr'>per</span> <span class='ocrx_word' id='word_1_264' title='bbox 1277 2565 1597 2618; x_wconf 87' lang='lat' dir='ltr'>impedimenta</span> 
     </span>
     <span class='ocr_line' id='line_1_34' title="bbox 129 2639 1594 2693; baseline -0.003 -12"><span class='ocrx_word' id='word_1_265' title='bbox 129 2641 287 2681; x_wconf 87' lang='lat' dir='ltr'>infirmi</span> <span class='ocrx_word' id='word_1_266' title='bbox 319 2641 511 2693; x_wconf 91' lang='lat' dir='ltr'>corporis</span> <span class='ocrx_word' id='word_1_267' title='bbox 544 2654 753 2693; x_wconf 79' lang='lat' dir='ltr'>pugnare,</span> <span class='ocrx_word' id='word_1_268' title='bbox 784 2653 919 2692; x_wconf 91' lang='lat' dir='ltr'>seque</span> <span class='ocrx_word' id='word_1_269' title='bbox 951 2640 1008 2679; x_wconf 87' lang='lat' dir='ltr'>ad</span> <span class='ocrx_word' id='word_1_270' title='bbox 1045 2653 1167 2679; x_wconf 86' lang='lat' dir='ltr'>sacra</span> <span class='ocrx_word' id='word_1_271' title='bbox 1201 2639 1441 2679; x_wconf 88' lang='lat' dir='ltr'>certamina</span> <span class='ocrx_word' id='word_1_272' title='bbox 1470 2650 1594 2677; x_wconf 79' lang='lat' dir='ltr'>exer-</span> 
     </span>
     <span class='ocr_line' id='line_1_35' title="bbox 129 2711 1597 2764; baseline -0.004 -9"><span class='ocrx_word' id='word_1_273' title='bbox 129 2729 225 2755; x_wconf 89' lang='lat' dir='ltr'>cere</span> <span class='ocrx_word' id='word_1_274' title='bbox 247 2715 476 2762; x_wconf 89' lang='lat' dir='ltr'>desuescit,</span> <span class='ocrx_word' id='word_1_275' title='bbox 500 2715 673 2762; x_wconf 90' lang='lat' dir='ltr'>sensim,</span> <span class='ocrx_word' id='word_1_276' title='bbox 698 2714 803 2754; x_wconf 91' lang='lat' dir='ltr'>dum</span> <span class='ocrx_word' id='word_1_277' title='bbox 826 2714 975 2763; x_wconf 89' lang='lat' dir='ltr'>nescit,</span> <span class='ocrx_word' id='word_1_278' title='bbox 997 2711 1195 2753; x_wconf 89' lang='lat' dir='ltr'>amittit.&#39;’</span> <span class='ocrx_word' id='word_1_279' title='bbox 1260 2712 1443 2764; x_wconf 82' lang='lat' dir='ltr'>Cogitur</span> <span class='ocrx_word' id='word_1_280' title='bbox 1465 2711 1597 2762; x_wconf 81' lang='lat' dir='ltr'>igitur</span> 
     </span>
     <span class='ocr_line' id='line_1_36' title="bbox 131 2783 1594 2840; baseline -0.005 -11"><span class='ocrx_word' id='word_1_281' title='bbox 131 2790 304 2829; x_wconf 85' lang='lat' dir='ltr'>animus</span> <span class='ocrx_word' id='word_1_282' title='bbox 338 2802 395 2828; x_wconf 85' lang='lat' dir='ltr'>ex</span> <span class='ocrx_word' id='word_1_283' title='bbox 431 2788 725 2828; x_wconf 84' lang='lat' dir='ltr'>immoderata</span> <span class='ocrx_word' id='word_1_284' title='bbox 758 2787 951 2840; x_wconf 89' lang='lat' dir='ltr'>corporis</span> <span class='ocrx_word' id='word_1_285' title='bbox 984 2786 1285 2839; x_wconf 82' lang='lat' dir='ltr'>castigatione,</span> <span class='ocrx_word' id='word_1_286' title='bbox 1308 2785 1478 2837; x_wconf 90' lang='lat' dir='ltr'>corpori</span> <span class='ocrx_word' id='word_1_287' title='bbox 1513 2783 1594 2836; x_wconf 90' lang='lat' dir='ltr'>ipsi</span> 
     </span>
    </p>
   </div>
   <div class='ocr_carea' id='block_1_3' title="bbox 374 2873 1334 2916">
    <p class='ocr_par' dir='ltr' id='par_1_4' title="bbox 374 2873 1334 2916">
     <span class='ocr_line' id='line_1_37' title="bbox 374 2873 1334 2916; baseline -0.004 -8"><span class='ocrx_word' id='word_1_288' title='bbox 374 2875 387 2896; x_wconf 91' lang='lat'>1</span> <span class='ocrx_word' id='word_1_289' title='bbox 414 2885 440 2909; x_wconf 83' lang='lat'>1.</span> <span class='ocrx_word' id='word_1_290' title='bbox 457 2877 545 2909; x_wconf 86' lang='lat' dir='ltr'>Tim.</span> <span class='ocrx_word' id='word_1_291' title='bbox 565 2885 596 2916; x_wconf 85' lang='lat'>4.</span> <span class='ocrx_word' id='word_1_292' title='bbox 734 2874 747 2894; x_wconf 79' lang='lat'>²</span> <span class='ocrx_word' id='word_1_293' title='bbox 771 2876 809 2908; x_wconf 90' lang='lat' dir='ltr'>C.</span> <span class='ocrx_word' id='word_1_294' title='bbox 828 2884 882 2916; x_wconf 85' lang='lat'>49.</span> <span class='ocrx_word' id='word_1_295' title='bbox 1018 2874 1031 2893; x_wconf 77' lang='lat'>3</span> <span class='ocrx_word' id='word_1_296' title='bbox 1056 2875 1094 2907; x_wconf 90' lang='lat' dir='ltr'>L.</span> <span class='ocrx_word' id='word_1_297' title='bbox 1116 2875 1158 2906; x_wconf 91' lang='lat' dir='ltr'>de</span> <span class='ocrx_word' id='word_1_298' title='bbox 1182 2873 1334 2915; x_wconf 82' lang='lat' dir='ltr'>Virginit.</span> 
     </span>
    </p>
   </div>
  </div>
 </body>
</html>
