1903 3197
581 156 661 202 De
693 156 1013 202 Poenz'lentz’z's.
1444 167 1527 199 101

68 290 150 331 sibi
192 291 285 343 ipse
319 290 488 342 irroget.
566 288 673 328 Ideo
718 286 932 328 Basilius:
979 286 1168 335 “Vera‚”
1207 286 1360 338 inquit,
1402 286 1533 337 “per-

70 364 274 416 fectaque
314 363 565 403 obedientia
606 361 905 414 subjectorum
960 359 1167 399 adversus
1211 359 1532 399 moderatorem

73 439 236 478 ordinis
268 437 311 477 in
342 450 394 476 eo
423 436 624 484 cernitur,
649 435 683 475 si
707 434 804 487 quis
834 448 892 473 ex
922 433 1016 485 ejus
1044 432 1225 472 consilio
1249 446 1336 472 non
1359 446 1384 472 a
1408 432 1536 472 rebus

74 511 206 551 modo
248 510 476 563 flagitiosis
524 509 754 556 abstineat,
799 507 875 547 sed
928 506 962 546 si
1011 519 1065 545 ne
1107 519 1158 545 ea
1201 505 1393 557 quidem,
1437 519 1536 557 quae

72 584 310 625 laudabilia
353 590 464 632 sunt,
503 583 595 623 sine
630 582 850 622 sententia
889 580 1003 619 illius
1041 579 1183 619 saciat.
1248 578 1364 618 Nam
1403 579 1536 617 absti-

75 659 223 698 nentia
245 664 288 698 et
310 657 452 697 omnis
483 656 675 708 corporis
709 653 1092 694 incommodorum
1126 651 1349 705 perpessio
1376 650 1539 690 utiliter

74 733 167 772 haec
190 732 368 784 quidem
395 736 652 784 comparata
681 729 737 769 ad
771 728 936 780 aliquid
969 733 1081 774 sunt,
1107 731 1151 766 at
1174 727 1208 765 si
1232 726 1328 778 quis
1350 725 1537 778 propriso

74 806 321 859 obsequens
343 805 572 853 voluntati,
596 804 753 857 spretis
776 801 967 843 consiliis
991 801 1200 841 antistitis
1232 801 1309 848 sui,
1333 800 1374 839 id
1400 799 1540 839 facere

74 879 211 919 voluit
233 878 447 932 quidquid
471 879 552 931 ipsi
584 877 828 917 collibitum
851 875 918 925 sit,
942 875 1010 914 hic
1033 874 1131 927 plus
1154 875 1235 913 erit
1257 873 1376 925 quod
1410 872 1540 913 saciet

75 952 189 1001 mali,
219 966 352 1005 quam
385 952 503 1004 quod
542 949 705 991 boni.''1
769 950 828 989 Et
863 950 950 988 ait:
998 947 1154 1000 “Quin
1190 960 1244 986 ne
1281 947 1323 986 in
1359 960 1540 999 corpore

74 1027 170 1080 ipso
193 1027 373 1079 quidem
395 1032 484 1072 tuo,
507 1031 663 1078 postea
686 1038 818 1077 quam
847 1023 954 1063 illud
979 1024 1078 1063 Deo
1106 1022 1240 1062 semel
1264 1022 1538 1069 consecrasti,

72 1101 143 1153 jus
165 1101 244 1140 tibi
267 1100 403 1140 ullum
428 1099 641 1151 reliquum
666 1096 790 1138 est.''²

166 1174 224 1214 Et
243 1174 420 1226 quidem
446 1173 768 1220 Bonaventura,
787 1170 984 1223 quisquis
1008 1184 1132 1210 secus
1155 1169 1296 1217 faciat,
1316 1182 1414 1208 eum
1439 1168 1540 1208 furti
1566 1217 1573 1223 .

78 1247 316 1301 spiritualis
342 1246 577 1293 insimulat,
603 1251 646 1285 et
669 1245 882 1284 novitium
907 1245 966 1284 ita
990 1250 1151 1284 monet.
1216 1242 1373 1282 “Nihil
1396 1242 1541 1290 facias,

78 1324 168 1363 sive
200 1323 330 1369 dicas,
355 1321 473 1372 quod
507 1333 594 1359 non
628 1320 885 1371 magistrum
920 1325 1045 1358 tuum
1075 1318 1186 1357 velle
1219 1331 1471 1369 praesmnas,
1495 1323 1541 1356 tu

78 1396 194 1437 enim
231 1402 275 1435 te
307 1395 467 1435 dedisti
500 1395 537 1433 ei
570 1399 750 1446 propter
784 1393 1040 1439 Dominum,
1069 1397 1113 1431 ct
1147 1397 1326 1444 propter
1357 1404 1541 1442 regnum

77 1469 300 1518 coelorum,
334 1474 378 1508 et
404 1468 498 1520 jam
529 1481 616 1507 non
657 1481 701 1506 es
736 1473 848 1512 tuus,
882 1466 958 1505 sed
990 1465 1083 1517 ejus
1118 1465 1185 1504 cui
1216 1471 1259 1504 te
1293 1463 1543 1511 vendidisti,

77 1550 121 1585 et
161 1544 261 1584 ideo
303 1542 409 1582 nihil
446 1542 525 1582 tibi
560 1541 661 1581 licet
694 1554 823 1594 agere
861 1540 916 1580 de
954 1546 997 1580 te
1035 1540 1128 1578 sino
1161 1539 1254 1590 ejus
1286 1538 1542 1578 voluntate:

77 1619 171 1671 ipse
203 1617 319 1657 enim
348 1622 413 1657 est
445 1617 651 1656 dominus
682 1614 922 1655 voluntatis
954 1618 1055 1663 tuae,
1087 1619 1130 1653 et
1162 1612 1451 1652 contrectatio
1484 1612 1543 1650 rei

79 1692 232 1733 alienae
272 1692 410 1731 invito
445 1690 627 1730 domino
656 1689 820 1729 furtum
856 1694 932 1728 est.
997 1688 1086 1727 Fur
1122 1692 1271 1726 autem
1309 1685 1422 1726 coelo
1456 1698 1544 1724 non

79 1763 373 1819 appropiat.''3
465 1764 714 1803 Bernardus
766 1776 943 1815 quoque
1003 1761 1046 1800 in
1106 1775 1180 1801 eos
1237 1761 1322 1812 qui,
1376 1760 1419 1798 in
1478 1758 1545 1798 his

80 1839 391 1893 asperitatibus
431 1839 533 1878 vitae
578 1837 810 1884 sectandis,
845 1835 1102 1888 magistram
1135 1840 1375 1887 sequantur
1406 1846 1543 1880 suam,

81 1927 170 1955 non
222 1913 467 1966 Superioris
516 1911 806 1960 voluntatem,
859 1910 993 1949 dicit:
1046 1908 1168 1960 “Qui
1221 1908 1351 1947 vestri
1394 1920 1544 1947 curam

80 1986 217 2028 semel
254 1988 380 2026 nobis
423 1985 681 2033 credidistis,
718 1984 823 2036 quid
857 1996 1026 2023 rursum
1059 1983 1114 2022 de
1145 1982 1270 2022 vobis
1301 1995 1379 2021 vos
1411 1981 1544 2020 intro-

80 2061 254 2102 mittitis
271 2059 338 2100 ?''4

167 2136 373 2177 Secunda
397 2135 530 2175 Ratio
560 2134 724 2187 petitur
754 2147 811 2172 ex
840 2133 958 2173 bono
981 2132 1185 2184 corporis,
1210 2137 1257 2170 ut
1279 2131 1335 2170 sit
1358 2131 1546 2171 rationa-

82 2211 169 2252 bile
224 2209 485 2262 obsequium
540 2214 751 2256 nostrum,
805 2212 853 2247 ut
904 2206 1063 2246 dicitur
1112 2206 1241 2246 Rom.
1290 2216 1351 2254 12,
1405 2218 1546 2258 neque

85 2286 267 2325 modum
319 2284 363 2323 in
416 2283 692 2324 assumendis
747 2281 1019 2334 poenitentiis
1071 2294 1233 2333 magno
1283 2278 1548 2320 valetudinis

80 2358 365 2400 incommodo
399 2358 594 2409 bonique
628 2356 806 2408 majoris
838 2354 1134 2395 excedamus:
1179 2353 1336 2394 Glossa
1367 2354 1546 2406 quidem

79 2435 125 2474 in
161 2433 277 2473 hunc
317 2432 438 2472 Pauli
476 2432 634 2480 locum,
675 2443 930 2483 quanquam
967 2430 1002 2469 si
1040 2429 1211 2470 literam
1250 2434 1420 2481 spectes
1463 2427 1548 2468 alia

83 2514 150 2549 est
210 2508 249 2547 ei
304 2507 504 2559 subjecta
559 2506 813 2555 sententia;
875 2511 1025 2545 tamen
1077 2505 1139 2543 sic
1190 2509 1238 2543 ut
1290 2502 1548 2543 rationabile

85 2581 359 2634 obsequium,
398 2594 498 2620 cum
535 2580 797 2619 discretione
829 2592 883 2618 ne
920 2578 1025 2630 quid
1063 2578 1192 2617 nimis
1229 2578 1295 2626 sit,
1335 2578 1411 2616 sed
1448 2589 1547 2616 cum

85 2655 382 2709 temperantia
413 2667 595 2707 corpora
623 2659 767 2693 vestra
799 2653 1031 2705 castigetis.
1098 2652 1246 2704 Hujus
1268 2657 1415 2691 autem
1438 2655 1549 2689 tem-

81 2729 293 2783 perantiae
325 2729 537 2769 terminos
573 2727 728 2767 melius
760 2726 978 2780 Superior,
1010 2740 1143 2779 quam
1179 2725 1379 2765 subditus
1414 2722 1547 2766 novit,

343 2842 355 2860 1
380 2843 433 2874 De
450 2843 558 2874 Instit.
576 2843 670 2874 Mon.
824 2840 837 2859 ²
866 2842 1007 2873 Constit.
1028 2841 1122 2871 Mon.
1144 2850 1170 2871 c.
1192 2848 1243 2870 21.

283 2893 297 2913 ³
322 2895 376 2926 De
395 2894 534 2926 Inform.
556 2894 671 2925 Novit.
691 2904 725 2935 p.
749 2901 775 2925 1.
797 2903 823 2924 e.
845 2901 874 2925 2.
1011 2891 1024 2910 ⁴
1048 2893 1118 2924 Ser.
1144 2899 1181 2930 19
1199 2891 1232 2921 in
1249 2890 1345 2920 Cant.
