1903 3197
335 190 422 233 162
643 187 721 232 De
754 186 945 233 ratione
978 187 1170 233 vivendi
1203 187 1465 234 Socl'elatiS.

328 334 415 372 qua
457 319 554 371 quis
606 319 798 359 infamiae
852 326 972 360 metu
1015 334 1041 361 a
1083 321 1397 360 denuntiandis
1450 333 1499 360 ac
1552 319 1797 360 deferendis

328 392 534 433 fratribus
567 393 819 434 deterretur.

416 467 582 508 Contra
615 469 852 508 secundam
885 483 988 509 vero
1020 469 1324 509 difficultatem
1365 475 1411 508 ut
1444 469 1625 521 privatae
1659 468 1795 520 quieti

326 541 589 589 consulatur,
622 541 738 582 valet
771 542 887 582 zelus
921 542 1168 596 religionis;
1203 556 1290 583 non
1323 543 1439 582 enim
1476 549 1566 582 tam
1600 543 1794 594 quietem

326 631 450 657 suam
483 623 617 669 atque
650 618 788 657 otium
822 619 1018 670 privatus
1050 619 1236 670 quisque
1268 624 1467 670 spectare
1492 616 1635 664 debet,
1661 629 1794 668 quam

326 706 415 731 suae
451 691 671 744 religionis
704 692 881 732 bonum.
946 692 1075 732 Zelus
1107 698 1254 732 autem
1288 691 1417 744 hujus
1450 692 1554 731 boni
1594 692 1796 743 geminus

327 771 402 805 cst.
466 765 597 806 Alter
631 767 747 805 enim
784 772 849 806 est
886 765 1003 806 zelus
1038 767 1226 815 honoris,
1251 780 1381 818 quem
1418 767 1460 805 in
1498 780 1575 805 sua
1610 766 1795 818 quisque

326 839 491 880 familia
533 854 583 880 ac
623 840 832 892 religione
867 842 1064 880 maxime
1099 842 1209 880 tueri
1254 855 1303 881 ac
1345 854 1495 880 curare
1529 839 1673 887 debet,
1708 852 1795 879 non

324 928 448 954 secus
480 920 613 966 atque
646 914 861 954 seculares
895 915 1096 954 homines
1129 916 1171 954 in
1205 929 1294 963 sua,
1327 916 1416 954 imo
1449 914 1589 954 multo
1624 914 1794 966 magis;

324 989 427 1040 quia
465 988 687 1040 religionis
724 987 863 1027 honos
903 994 945 1027 et
986 988 1042 1027 ad
1087 989 1298 1028 Divinum
1343 988 1527 1028 refertur
1566 988 1792 1036 honorem,

322 1076 410 1114 quo
443 1067 645 1113 spectant
677 1062 809 1101 verba
843 1061 1185 1101 Constitutionis
1219 1068 1431 1107 extrema.
1457 1067 1501 1101 et
1527 1061 1583 1101 ad
1606 1061 1793 1101 salutem

321 1136 638 1187 proximorum.
705 1135 814 1175 Ideo
839 1136 1174 1176 Bonaventura:
1207 1140 1226 1155 ‘¹
1244 1135 1330 1188 Qui
1357 1135 1614 1188 religioni5,’'
1639 1135 1794 1187 inquit,

321 1212 449 1248 ‘'suae
493 1209 702 1249 scandalo
745 1223 831 1249 non
876 1211 1074 1257 occurrit,
1118 1210 1272 1250 honori
1306 1212 1484 1263 proprio
1516 1209 1708 1250 detrahit
1751 1215 1794 1250 et

322 1283 462 1324 saluti.
529 1283 615 1336 Qui
655 1283 798 1324 fidelis
838 1284 1084 1337 Religionis
1122 1292 1188 1325 est
1226 1285 1351 1333 filius,
1381 1298 1660 1338 nequaquam
1700 1284 1794 1336 ejus

320 1358 579 1398 scandalum
618 1358 926 1411 parviducit.'‘l
987 1359 1142 1412 Atque
1178 1360 1260 1401 hac
1298 1361 1354 1401 de
1392 1375 1522 1401 causa
1563 1361 1604 1401 S.
1626 1361 1795 1400 Doctor

320 1433 507 1484 graviori
550 1432 723 1472 occulto
766 1439 950 1486 peccato
1002 1447 1089 1474 non
1133 1435 1310 1474 dubitat
1363 1434 1621 1475 scandalum
1672 1439 1794 1474 ante-

319 1520 509 1559 ponere:
544 1509 564 1525 “
584 1505 701 1558 Quia
732 1506 873 1553 illud,''
908 1507 1059 1560 inquit,
1085 1512 1198 1561 “per
1228 1514 1441 1549 secretam
1473 1509 1616 1549 sanari
1648 1513 1794 1561 potest

320 1581 642 1633 poenitentiam,
686 1581 944 1622 scandalum
988 1589 1136 1622 autem
1175 1583 1251 1623 vix
1290 1582 1491 1623 avellitur
1532 1597 1557 1623 a
1590 1582 1795 1623 cordibus

321 1655 518 1694 omnium
542 1655 597 1694 ad
622 1668 732 1707 quos
751 1655 862 1696 forte
884 1655 1139 1709 pervenit.’'‘²
1174 1656 1402 1709 Quidquid
1426 1662 1575 1697 autem
1598 1658 1794 1710 privatus

321 1729 540 1781 quispiam
565 1729 820 1769 indecorum
844 1730 1051 1779 admittit,
1076 1731 1118 1770 id
1149 1732 1205 1771 ab
1236 1731 1489 1771 hominibus
1513 1744 1599 1770 non
1623 1731 1793 1783 privato

320 1802 392 1851 illi,
416 1803 493 1842 sed
524 1803 605 1842 toti
638 1803 814 1843 familiae
850 1818 900 1844 ac
937 1805 1269 1857 congregationi
1300 1805 1516 1845 tribuitur.
1583 1805 1646 1845 Ut
1677 1805 1791 1844 enim

320 1876 495 1929 plebeio
538 1878 769 1929 proverbio
807 1877 1000 1930 jactatur
1038 1880 1081 1918 in
1118 1879 1306 1931 vulgus:
1345 1879 1586 1931 Nunquam
1625 1879 1795 1927 dicitur,

327 1951 428 1991 Mus
472 1950 543 1990 ille
580 1953 761 1992 corrosit
795 1953 972 2002 corium,
1013 1954 1089 1993 sed
1130 1953 1279 1993 Mures
1317 1958 1602 1993 corroserunt.
1673 1952 1790 2004 Quin

321 2027 455 2066 etiam
506 2027 547 2065 in
600 2026 824 2079 Scriptura
878 2033 1108 2079 peccatum
1157 2028 1285 2067 unius
1327 2028 1408 2068 toti
1461 2027 1791 2080 congregationi

322 2100 538 2146 tribuitur,
572 2114 674 2140 nam
710 2100 845 2140 “Filii
885 2100 1019 2140 Israel
1053 2101 1325 2153 praevaricati
1343 2100 1362 2114 '’
1396 2101 1600 2141 dicuntur
1636 2103 1794 2141 “man-

322 2174 475 2215 datum
512 2174 730 2223 Domini,'’
764 2182 808 2214 et
841 2175 895 2214 de
928 2175 1211 2215 anathemate
1244 2189 1488 2228 usurpasse,
1512 2189 1611 2215 cum
1643 2182 1792 2215 tamen

321 2262 433 2288 unus
455 2248 617 2289 Achan
642 2249 952 2301 praevaricatus
975 2248 1061 2289 sit.3
1099 2249 1316 2302 Discipuli
1341 2250 1558 2302 indignati
1583 2250 1793 2290 effusione

320 2322 525 2362 dicuntur
556 2322 799 2374 ungue11ti.⁴
832 2329 875 2362 et
907 2328 1055 2362 tamen
1090 2337 1201 2363 unus
1238 2324 1430 2363 creditur
1467 2322 1601 2363 fuisse
1639 2322 1790 2375 Judas,

322 2397 387 2445 (ut
417 2403 482 2436 est
513 2396 632 2449 apud
664 2397 788 2448 Joan.
820 2397 897 2447 12.)
930 2397 1134 2437 nimirum
1168 2398 1271 2450 quia
1303 2397 1397 2438 vult
1429 2411 1508 2437 nos
1541 2398 1663 2437 Deus
1692 2397 1792 2437 hinc

319 2470 564 2524 intelligere
597 2471 754 2524 privati
795 2471 1007 2523 cujusque
1047 2471 1211 2511 malum
1252 2473 1293 2511 in
1332 2485 1508 2512 omnem
1548 2471 1793 2511 redundare

319 2544 531 2586 familiam
568 2559 618 2585 ac
655 2547 1056 2597 congregationem.
1137 2546 1195 2586 Et
1234 2546 1276 2586 id
1313 2547 1492 2598 quidem
1529 2551 1654 2594 recte,
1689 2545 1791 2597 quia

322 2633 457 2660 unum
491 2633 649 2673 corpus
681 2633 779 2659 cum
814 2621 949 2659 simus
982 2633 1146 2668 omnes,
1172 2620 1386 2672 quidquid
1419 2620 1475 2660 de
1506 2627 1631 2673 parte
1653 2633 1791 2660 mem-

321 2694 500 2735 brorum
543 2694 713 2743 dicitur,
749 2694 804 2733 de
847 2695 942 2747 ipso
985 2694 1118 2734 etiam
1161 2700 1256 2734 toto
1299 2708 1480 2747 corpore
1523 2694 1607 2734 dici
1651 2693 1788 2744 solet;

321 2782 456 2822 quare
488 2769 560 2821 qui
595 2767 688 2808 zelo
720 2767 895 2808 ducitur
926 2769 1103 2808 honoris
1142 2783 1231 2808 suae
1266 2768 1498 2821 religionis,
1533 2782 1631 2808 cum
1666 2768 1791 2820 quid-

409 2882 419 2902 ²
439 2884 533 2926 Spec.
558 2884 648 2916 Disc.
670 2895 702 2926 p.
723 2893 753 2924 4.
775 2895 801 2916 c.
824 2892 852 2915 2.
869 2892 898 2925 3.
1015 2882 1027 2901 ²
1052 2885 1104 2914 De
1120 2895 1175 2915 sex
1193 2884 1253 2915 alis
1272 2884 1401 2915 Praelat.
1518 2882 1531 2901 ²²
1551 2885 1653 2925 Josue
1672 2889 1699 2923 7.

946 2934 960 2953 ⁴
978 2935 1097 2966 Matth.
1113 2935 1163 2967 26.
