1903 3197
270 182 357 226 142
589 166 668 211 De
701 166 892 211 ratione
925 166 1119 212 vivendi
1152 167 1412 215 Socz'elalis.

265 299 474 340 facultate
516 298 595 337 sibi
640 298 939 350 comparanda
981 300 1208 339 necessarii
1252 300 1574 353 propemodum
1619 309 1732 353 sunt,

264 373 337 424 qui
391 385 489 411 cum
532 385 558 410 a
609 372 758 423 peritis
811 371 969 412 fuerint
1022 373 1210 421 indicati,
1254 379 1468 425 quantum
1521 375 1576 415 de
1617 377 1732 416 vitiis

264 446 505 497 erratisque
539 446 798 497 quotidiana
837 446 1140 486 admonitione
1182 447 1438 497 detrahitur,
1469 454 1643 489 tantum
1678 450 1733 490 de

262 525 356 560 arte
397 534 447 559 ac
490 519 722 572 disciplina
757 525 961 571 paratur3
1005 526 1052 560 ut
1087 521 1243 560 merito
1282 521 1383 561 inde
1416 521 1594 562 fluxerit
1626 523 1732 564 illud

263 594 437 646 adagii:
472 593 672 632 Errando
702 593 893 642 discitur,
926 594 1029 645 quia
1061 594 1165 633 dum
1200 593 1450 647 frequenter
1482 603 1656 644 erratur,
1691 603 1735 637 et

262 681 340 720 per
382 667 644 706 monitorem
688 666 917 718 corrigitur
959 681 1084 716 error,
1121 669 1215 720 ipsa
1257 669 1461 708 videlicet
1503 670 1734 723 disciplina

263 741 492 794 perficitur.
559 739 690 792 Quod
728 740 842 779 idem
881 740 1024 780 valere
1062 742 1195 781 debet
1228 743 1270 781 in
1301 742 1383 782 hac
1417 757 1504 783 una
1535 745 1732 784 omnium

264 813 521 854 difficillima
555 813 791 866 spiritualis
826 815 927 853 vitre
966 820 1068 863 arte,
1105 829 1215 867 quae,
1248 816 1326 855 nisi
1359 816 1415 855 ad
1453 818 1735 870 corrigendos

263 901 438 936 errores,
462 888 535 939 qui
571 888 722 927 crebro
756 901 805 927 ac
841 887 1090 939 frequenter
1124 889 1334 937 incidunt,
1364 890 1551 943 diligens
1585 892 1732 931 obser-

261 967 388 1001 vator
423 960 616 1008 accedat,
651 960 848 1012 profecto
885 966 961 1000 aut
992 962 1235 1001 admodum
1269 975 1375 1009 sero,
1399 969 1475 1002 aut
1508 977 1594 1003 non
1628 965 1734 1004 satis

189 1069 202 1079 ,
262 1033 496 1074 commode
538 1034 698 1085 poterit
740 1034 995 1084 comparari.
1082 1034 1316 1086 Perspicua
1358 1042 1424 1075 est
1477 1037 1608 1089 igitur
1656 1052 1735 1078 sua

261 1109 368 1147 vitia
406 1106 613 1146 noscendi
654 1106 898 1145 necessitas.
980 1106 1111 1158 Quod
1150 1113 1299 1147 autem
1338 1108 1457 1148 nulla
1494 1110 1648 1150 melior
1685 1125 1737 1151 ea

263 1182 319 1221 sit
354 1180 562 1220 noscendi
600 1180 721 1227 ratio,
747 1193 879 1231 quam
916 1194 1016 1220 cum
1050 1181 1107 1220 ad
1142 1181 1432 1234 Praepositum
1469 1183 1735 1233 deferuntur,

264 1255 306 1294 id
349 1254 431 1294 hac
474 1253 808 1293 ratiocinatione
851 1254 1088 1294 conficitur.
1154 1255 1270 1295 Nam
1314 1256 1477 1309 triplex
1527 1259 1736 1298 noscendi

263 1329 375 1369 ratio
398 1328 503 1380 fingi
537 1333 709 1380 potest:
742 1328 885 1380 prima
917 1329 1108 1380 quidem,
1133 1343 1232 1368 cum
1268 1343 1318 1369 ea
1354 1344 1432 1370 nos
1468 1331 1548 1384 ipsi
1585 1339 1735 1373 nostro

263 1403 410 1442 studio
433 1408 567 1453 atque
592 1401 873 1453 inquisitione
895 1402 1150 1454 dispicimus
1170 1417 1177 1450 3
1210 1403 1358 1453 altera,
1378 1418 1478 1444 eum
1497 1406 1735 1458 aequalium

263 1483 339 1516 aut
356 1477 597 1516 amicorum
623 1475 925 1515 admonitione
948 1490 999 1515 ea
1017 1478 1344 1528 cognoscimus3
1378 1484 1613 1531 postrema,
1633 1494 1733 1520 cum

263 1550 319 1590 ad
354 1548 646 1601 Superiorem,
672 1550 744 1600 qui
770 1562 820 1588 ea
851 1550 892 1588 in
922 1549 1046 1589 nobis
1070 1551 1269 1603 corrigat,
1293 1552 1556 1593 deferuntur.
1623 1555 1736 1594 Haec

264 1623 434 1663 duabus
476 1623 850 1671 antecedentibus,
888 1624 1089 1675 quamvis
1126 1625 1316 1676 optimis,
1355 1627 1483 1666 valde
1525 1634 1736 1679 praestat3

264 1711 321 1737 ex
344 1696 410 1736 his
434 1697 548 1736 enim
574 1696 658 1735 alia
681 1695 766 1735 alia
790 1696 943 1735 melior
964 1703 1039 1737 est.

352 1771 422 1810 Ac
445 1771 586 1823 prima
605 1770 796 1822 quidem,
813 1784 911 1822 quae
931 1777 1079 1811 nostro
1102 1772 1248 1812 studio
1267 1781 1554 1826 comparatur,
1575 1776 1735 1827 partim

266 1845 307 1884 in
332 1845 396 1884 sui
421 1845 612 1897 pactoris
638 1844 918 1892 discussione,
943 1845 1103 1897 partim
1134 1846 1175 1884 in
1207 1847 1278 1898 pia
1307 1849 1558 1899 precatione
1591 1849 1735 1902 posita

265 1926 340 1959 est.
378 1919 495 1958 Nam
515 1925 558 1958 et
576 1932 767 1958 examen
786 1919 1012 1970 speculum
1031 1925 1096 1959 est
1114 1921 1405 1971 conscientiae,
1422 1928 1469 1962 ut
1488 1923 1736 1964 Bernardus

265 1993 472 2046 appellat,
497 1994 539 2032 in
563 2007 650 2045 quo
672 1993 777 2032 vitia
800 2000 949 2033 nostra
971 1995 1198 2043 cernimus,
1217 1996 1426 2048 quodque
1448 2011 1574 2037 verus
1596 1998 1736 2050 poeni-

266 2074 377 2117 tens,
401 2074 449 2108 ut
481 2067 552 2108 ille
585 2068 656 2116 ait,
684 2072 703 2087 ‘⁴
719 2081 806 2107 non
836 2074 978 2107 cessat
1010 2069 1207 2120 quotidie
1237 2071 1459 2122 inspicere,
1483 2078 1662 2124 tergere,
1687 2086 1737 2112 ac

265 2140 473 2182 tenere.''l
556 2142 615 2181 Et
658 2147 810 2180 sancta
851 2142 1103 2193 deprecatio
1145 2143 1200 2182 ad
1243 2144 1514 2196 dispicienda
1554 2151 1736 2197 peccata

265 2215 415 2255 lumen
445 2215 581 2259 affert,
602 2215 734 2266 juxta
758 2215 863 2254 illud
891 2216 1033 2255 David
1054 2230 1060 2255 2
1096 2215 1339 2257 “Accedite
1361 2218 1416 2257 ad
1440 2233 1551 2267 eum,
1577 2225 1619 2259 et
1642 2219 1737 2259 illu-

267 2289 508 2337 minamini,
529 2295 571 2328 et
595 2288 726 2328 facies
749 2295 904 2328 vestrae
929 2303 1015 2328 non
1040 2290 1364 2331 confundentur
1383 2306 1390 2341 3
1406 2290 1449 2313 ”2
1492 2293 1736 2345 eademque

267 2361 481 2402 Sanctum
506 2362 720 2414 Spiritum
745 2363 787 2401 in
812 2363 936 2402 nobis
959 2364 1110 2415 gignit,
1127 2364 1249 2416 cujus
1272 2371 1338 2404 est
1361 2379 1541 2418 arguere
1559 2366 1613 2405 de
1635 2380 1736 2419 pec-

265 2441 365 2475 cato
384 2433 416 2485 ;3
442 2442 485 2475 et
508 2449 640 2487 quem
667 2435 892 2476 Diadocus
916 2437 1172 2477 “lucernam
1196 2438 1506 2491 cognitionis’'4
1526 2439 1732 2492 appellat,

263 2515 497 2562 propterea
531 2510 648 2562 quod
683 2510 900 2562 quidquid
935 2517 999 2551 est
1032 2512 1074 2550 in
1106 2513 1252 2552 anima
1274 2513 1365 2552 vitii
1399 2527 1448 2553 ac
1471 2513 1730 2553 tenebricosi

265 2583 358 2635 ejus
390 2583 624 2635 splendore
658 2584 1010 2636 deprehenditur.

356 2657 468 2697 Haec
514 2657 645 2708 igitur
688 2658 858 2709 optima
893 2664 958 2698 est
993 2659 1065 2698 illa
1100 2660 1278 2712 quidem
1320 2674 1398 2700 sua
1429 2661 1534 2700 vitia
1566 2662 1735 2714 perspi-

265 2730 408 2770 ciendi
433 2731 556 2780 ratio,
581 2731 658 2770 sed
685 2731 839 2770 melior
861 2731 1003 2772 adhuc
1027 2739 1092 2773 est
1117 2734 1264 2783 altera,
1288 2748 1386 2786 quae
1410 2749 1466 2774 ex
1489 2736 1733 2775 amicorum

266 2805 570 2844 admonitione
626 2804 917 2857 proficiscitur
941 2819 950 2855 3
1008 2813 1051 2846 et
1100 2814 1288 2860 quatuor
1343 2809 1431 2849 fere
1481 2810 1536 2849 de
1578 2809 1731 2850 causiS.

379 2892 391 2913 ²
415 2895 470 2927 De
494 2895 594 2929 Inter.
616 2895 716 2928 Dom.
738 2906 764 2928 c.
786 2895 816 2928 6.
910 2894 923 2914 ²
950 2896 1001 2928 Ps.
1021 2904 1072 2937 33.
1165 2896 1178 2916 3
1199 2899 1295 2940 Joan.
1320 2898 1368 2932 16.
1461 2898 1476 2918 4
1499 2899 1536 2933 C.
1558 2898 1609 2932 28.
