1903 3197
291 167 387 215 250
612 157 693 202 De
726 157 915 204 ratione
948 157 1141 204 vivendi
1174 158 1430 205 Socz'elatz's.

285 287 445 328 dicitur
496 287 539 326 in
592 288 827 341 Scriptura.
900 288 1045 342 Quem
1099 290 1287 331 Satanas
1338 296 1551 342 tanquam
1602 303 1748 342 pravae

286 362 445 401 mentis
496 361 754 403 insimulans
806 369 849 404 et
899 378 977 404 sua
1028 370 1309 417 quaerentem,
1353 364 1469 404 dixit
1522 363 1747 403 Domino:

286 435 536 487 “Nunquid
564 436 651 488 Job
681 437 838 478 frustra
867 438 994 478 timet
1025 438 1171 478 Deum
1193 436 1270 477 ?”1
1332 437 1469 490 Quasi
1500 438 1627 486 dicat,
1660 451 1747 477 non

284 509 433 562 gratis,
471 523 551 549 nec
592 511 777 563 simplici
820 513 980 552 mentis
1022 512 1148 552 oculo
1190 513 1318 552 timet
1354 517 1409 560 te,
1448 512 1525 551 sed
1563 512 1666 563 quia
1701 518 1748 551 tu

284 588 352 623 tot
393 583 520 623 bonis
561 583 733 624 vallasti
777 599 888 634 eum,
926 592 969 625 et
1010 592 1102 626 tam
1145 586 1204 625 illi
1243 585 1382 626 multa
1418 585 1596 637 largiris.
1661 585 1749 625 Hic

284 655 418 708 igitur
459 669 559 696 cum
601 670 627 696 a
669 658 857 708 diabolo,
899 660 997 699 Deo
1034 660 1328 712 permittente,
1365 659 1492 699 bonis
1534 658 1751 708 omnibus,

285 728 432 769 liberis
461 731 594 770 etiam
624 730 897 780 dulcissimis,
921 738 964 772 et
993 733 1086 785 ipse
1107 732 1369 772 valetudinis
1396 732 1514 772 bono
1537 731 1752 785 spoliatus

285 809 412 852 esset,
434 817 534 843 cum
557 805 677 843 omni
700 805 909 857 aequitate
932 806 1065 845 animi
1090 806 1195 845 dicit
1216 820 1223 846 :
1257 808 1279 825 “
1299 805 1345 846 Si
1368 806 1486 845 bona
1507 805 1747 858 accipimus

284 876 340 916 de
372 890 504 916 manu
537 877 634 927 Dei,
668 891 743 917 cur
772 891 858 918 non
890 879 1090 918 similiter
1122 884 1165 919 et
1198 877 1409 918 mala?’'‘-’
1467 879 1583 919 Vide
1615 892 1749 931 quam

283 951 499 991 immobili
530 956 713 1003 praestat
744 952 914 992 mente!
989 952 1136 1005 Quam
1169 966 1256 992 non
1288 952 1514 1005 frangatur
1545 953 1752 1002 adversis,

283 1025 357 1077 qui
390 1037 470 1064 nec
501 1030 632 1064 antea
662 1027 881 1077 prosperis
905 1031 970 1065 est
1000 1032 1205 1066 mutatus.
1270 1026 1396 1065 “Hic
1426 1026 1542 1065 enim
1573 1026 1749 1078 pietatis

283 1098 486 1148 athleta,'’
520 1105 568 1139 ut
609 1100 671 1139 ait
707 1098 1061 1152 Chrysostomus,
1099 1099 1339 1152 “orbisque
1370 1105 1582 1139 terrarum
1613 1100 1753 1139 victor

282 1172 515 1220 laureatus,
569 1178 755 1225 utroque
807 1186 1028 1213 armorum
1080 1187 1241 1226 genere
1292 1174 1336 1212 in
1388 1173 1582 1225 utrisque
1634 1187 1748 1222 usus,

282 1245 477 1286 victoriae
536 1247 679 1285 erexit
729 1245 976 1299 insignia.'’3
1062 1246 1227 1287 Contra
1276 1260 1378 1286 vero
1445 1247 1518 1299 qui
1585 1247 1752 1300 seipsos

283 1325 498 1372 quaerunt,
533 1325 576 1359 et
607 1333 698 1359 suae
730 1320 880 1372 gloriae
914 1321 1247 1372 commodisque
1284 1321 1522 1360 dumtaxat
1558 1320 1749 1369 student,

283 1393 356 1441 illi,
387 1407 485 1433 cum
523 1394 627 1446 quid
663 1394 832 1434 adversi
867 1395 1037 1443 accidit,
1074 1394 1356 1435 vehementer
1389 1401 1618 1448 anguntur,
1655 1408 1751 1447 per-

283 1468 517 1508 turbantur
548 1468 709 1518 animo,
747 1482 826 1508 nec
864 1475 1012 1509 mente
1044 1474 1257 1517 constant,
1288 1469 1391 1520 quia
1423 1482 1509 1509 non
1544 1468 1638 1517 Dei,
1672 1468 1748 1508 scd

282 1555 409 1582 suam
443 1542 628 1594 gloriam
665 1548 876 1594 quzerunt.
941 1542 1093 1594 Atque
1127 1542 1233 1591 haec,
1265 1549 1308 1582 et
1337 1543 1393 1582 de
1422 1549 1552 1583 rectae
1587 1542 1749 1582 mentis

283 1615 467 1665 indiciis,
499 1622 542 1656 et
571 1617 627 1656 de
656 1622 751 1656 tota
787 1616 1124 1656 Constitutionis
1155 1616 1479 1669 explanatione,
1514 1615 1628 1656 satis.

402 1720 413 1739 ¹
435 1722 510 1763 Job.
536 1730 563 1754 Ι.
693 1721 706 1739 '2
731 1722 816 1754 Ibid.
838 1730 867 1754 2.
981 1721 995 1741 ³
1021 1724 1084 1763 Ap.
1108 1723 1243 1764 Olymp.
1263 1722 1342 1763 frag.
1363 1723 1397 1753 in
1421 1723 1529 1754 locum
1551 1723 1626 1763 Job.
