1903 3197
256 147 322 191 44
725 128 806 173 De
839 127 1088 173 Societatzk
1121 125 1175 171 F
1170 126 1255 172 ine.

260 271 304 305 et
336 262 492 315 Judaei,
527 274 615 302 non
656 273 899 313 pauperum
938 266 981 300 et
1018 260 1215 307 divitum,
1243 258 1360 310 apud
1404 257 1562 297 Deum.
1627 257 1725 296 Imo

257 337 525 391 pauperibus
567 335 708 387 magis
746 334 883 375 Filius
920 333 1013 385 ejus
1052 332 1411 385 evangelizabat:
1457 330 1563 383 quid
1605 331 1722 370 enim

258 411 353 464 ipse
385 410 492 450 dicit
524 409 642 462 apud
678 406 995 448 Matthaeum?1
1024 407 1283 459 “Pauperes
1313 402 1724 457 evangelizantur:’'

258 484 459 537 ideoque,
503 497 601 523 cum
646 483 784 523 turbis
827 488 960 534 atque
992 481 1204 521 mendicis
1237 479 1508 531 frequentius
1551 477 1724 530 agebat,

259 563 310 598 ut
353 559 408 597 de
451 570 502 596 eo
543 569 645 596 vere
685 555 886 595 videatur
928 568 1022 594 esse
1065 551 1350 607 praedictum2
1386 550 1725 603 “evangelizare

258 631 527 686 pauperibus
560 629 678 668 misit
701 628 805 668 me.''
870 628 963 667 Nec
996 628 1168 667 erubuit
1197 626 1487 667 Samaritanae
1520 636 1725 676 congres—

259 718 369 753 sum,
394 718 473 744 nec
505 703 764 756 publicanos
788 707 831 742 et
852 707 1116 755 peccatores,
1139 700 1399 753 quibuscum
1423 700 1555 739 etiam
1579 698 1726 738 cibum

259 793 348 820 non
392 792 487 818 raro
529 777 740 818 sumebat.
826 776 945 829 Quid
988 775 1083 828 ejus
1114 773 1360 827 Apostolus
1403 771 1595 820 Paulus,3
1636 771 1727 812 ani·

264 866 436 894 marum
466 853 560 905 ipse
589 865 766 904 quoque
795 849 1131 898 sitientissimus,
1156 862 1301 888 nonne
1330 848 1385 887 de
1413 861 1459 887 se
1489 848 1581 899 ipse
1611 845 1727 893 dicit,

261 926 466 967 “Graecis
501 940 550 966 ac
584 925 791 973 barbaris,
829 924 1101 976 sapientibus
1133 928 1177 962 et
1210 921 1517 974 insipientibus
1551 919 1726 959 debitor

261 1014 359 1041 sum
378 1000 419 1041 ?'''
446 1000 505 1040 Et
522 1013 622 1040 cum
645 999 701 1039 ad
726 998 977 1039 Corinthios
998 994 1185 1036 scribit:4
1206 996 1400 1034 “Factus
1423 993 1556 1042 sum,”
1576 993 1729 1044 inquit,

264 1075 462 1127 “Judaeis
503 1081 715 1126 tauquam
758 1071 952 1124 Judaeus‚
985 1076 1033 1110 ut
1069 1069 1251 1121 Judaeos
1292 1068 1509 1117 lucrarer;
1559 1066 1620 1116 iis,
1656 1066 1729 1118 qui

262 1148 345 1189 sub
378 1148 475 1201 lege
507 1153 620 1196 sunt,
643 1146 767 1199 quasi
801 1145 883 1185 sub
915 1145 1012 1196 lege
1041 1157 1195 1191 essem,
1219 1148 1267 1182 ut
1302 1155 1387 1190 eos,
1412 1141 1486 1194 qui
1521 1141 1600 1180 sub
1633 1140 1730 1192 lege

264 1227 399 1270 erant,
433 1220 764 1260 lucrifacerem:
818 1225 861 1258 et
902 1218 1043 1259 factus
1081 1229 1177 1256 sum
1220 1215 1403 1255 infirmis
1439 1214 1648 1263 infirmus,
1684 1218 1732 1253 ut

265 1294 463 1335 infirmos
485 1293 800 1334 lucrifacerem:
824 1291 1029 1332 omnibus
1052 1291 1200 1330 omnia
1222 1290 1363 1329 factus
1385 1302 1493 1338 sum,
1509 1294 1557 1328 ut
1579 1300 1733 1328 omnes

266 1369 456 1410 facerem
488 1367 667 1408 salvos.”
722 1367 842 1419 Ergo
875 1366 948 1419 qui
976 1379 1002 1405 a
1024 1364 1206 1418 perditis
1239 1370 1282 1403 et
1313 1362 1567 1403 facinorosis
1598 1361 1733 1401 absti-

266 1449 384 1491 nent,
428 1442 637 1495 quoniam
690 1441 733 1480 in
785 1441 836 1480 iis
877 1440 933 1480 ad
986 1439 1155 1490 frugem
1210 1436 1466 1477 reducendis
1507 1448 1626 1487 saepe
1668 1438 1734 1473 est

267 1515 605 1564 desudandum;
638 1520 715 1554 aut
747 1515 821 1566 qui
854 1525 1069 1566 pauperes
1102 1510 1342 1564 negligunt,
1366 1516 1414 1549 ut
1444 1508 1595 1561 paucis
1627 1506 1734 1546 divi-

270 1590 390 1631 tibus
412 1603 592 1643 operam
615 1602 739 1629 suam
764 1594 936 1636 navent,
956 1601 1010 1627 ne
1033 1586 1093 1626 illi
1116 1597 1396 1638 nequaquam
1414 1583 1520 1623 satis
1538 1583 1736 1635 impense

273 1664 316 1704 in
339 1664 528 1704 salutem
551 1677 602 1703 ac
625 1662 938 1715 perfectionem
961 1661 1267 1714 proximorum
1291 1657 1559 1697 incumbunt.

361 1737 579 1789 Quintum
632 1737 806 1788 signum
859 1740 925 1775 est
978 1733 1289 1786 longanimitas
1338 1737 1381 1771 et
1429 1730 1642 1783 patientia
1693 1729 1737 1768 in

273 1811 521 1864 quaerendis
557 1810 867 1861 lucrandisque
905 1808 1070 1848 animis.
1137 1806 1299 1847 Omnia
1328 1806 1493 1858 quippe
1525 1802 1736 1844 tentanda

271 1892 374 1926 sunt
417 1886 468 1935 ei,
511 1886 584 1937 qui
638 1885 836 1938 impense
879 1896 1038 1923 navare
1079 1880 1183 1921 velit
1224 1892 1404 1933 operam
1446 1878 1614 1926 animis,
1659 1889 1738 1917 nec

274 1973 471 2013 unquam
501 1959 773 2010 abjiciendus
804 1963 869 1997 est
903 1957 1086 2005 animus,
1121 1955 1254 1994 etiam
1284 1954 1318 1993 si
1349 1953 1491 2006 prima
1524 1957 1568 1991 et
1594 1950 1739 1990 media

276 2047 364 2074 non
417 2033 665 2073 succedant.
745 2030 846 2083 Qua
897 2031 939 2069 in
992 2044 1036 2069 re
1088 2028 1302 2068 imitanda
1354 2032 1419 2066 est
1470 2026 1738 2078 piscatorum

277 2107 504 2162 patientia,
532 2106 607 2158 qui
641 2105 833 2158 piscibus
867 2103 1091 2156 capiendis
1128 2102 1297 2150 intenti,
1327 2114 1405 2154 per
1437 2105 1554 2140 totas
1589 2103 1740 2138 noctes

276 2181 529 2222 laborantes
570 2178 677 2219 nihil
728 2192 846 2231 saepe
894 2177 1104 2230 capiunt;
1155 2182 1199 2216 et
1240 2182 1389 2215 tamen
1432 2179 1571 2213 artem
1613 2185 1738 2212 suam

277 2269 365 2295 non
408 2255 626 2303 deserunt,
670 2253 840 2293 animos
892 2265 978 2291 non
1031 2250 1253 2302 abjiciunt,
1296 2249 1373 2288 sed
1422 2247 1530 2287 retia
1574 2245 1737 2299 passim

280 2329 518 2382 explicant,
549 2334 592 2368 et
620 2340 794 2380 semper
821 2325 986 2378 aliquid
1022 2324 1270 2377 praedarum
1304 2327 1490 2375 sperant.
1554 2320 1619 2361 Ut
1652 2332 1740 2359 non

281 2403 375 2444 sine
409 2415 541 2442 causa
577 2400 926 2454 sapientissimus
969 2399 1054 2439 Dei
1097 2397 1232 2438 Filius
1270 2395 1485 2436 mundum
1520 2394 1577 2433 ad
1620 2392 1742 2445 agni-

280 2478 447 2518 tionem
489 2476 555 2515 sui
605 2474 794 2515 nominis
836 2474 1126 2521 traducturus,
1173 2471 1413 2523 piscatores
1464 2466 1742 2520 potissimum

281 2549 465 2602 elegisse
514 2548 726 2597 videatur,
769 2553 817 2587 ut
863 2559 951 2598 qua
1001 2543 1214 2598 patientia
1264 2542 1511 2597 animantes
1563 2539 1744 2580 rationis

285 2628 491 2676 expertes
523 2635 678 2674 capere
715 2620 981 2667 didicissent,
1011 2617 1303 2668 eamdemque
1334 2615 1573 2668 piscatores
1603 2612 1745 2653 homi-

284 2710 389 2737 num
419 2695 522 2736 facti
550 2694 844 2747 intelligerent
869 2693 950 2733 sibi
983 2705 1077 2732 esse
1108 2692 1151 2730 in
1183 2688 1408 2742 capiendis
1439 2686 1745 2738 lucrandisque

288 2770 540 2812 hominibus
576 2767 885 2808 adhibendam.
954 2765 1030 2805 Ad
1071 2764 1185 2804 hanc
1222 2762 1355 2803 animi
1397 2759 1746 2814 magnitudinem

414 2858 426 2878 ¹
451 2859 572 2891 Matth.
592 2866 639 2890 11.
783 2855 796 2874 ²
822 2857 901 2887 Luc.
920 2864 952 2895 4.
1089 2852 1102 2872 ³
1129 2853 1226 2885 Rom.
1251 2860 1278 2884 1.
1414 2850 1428 2869 ⁴
1455 2858 1467 2881 1
1487 2850 1563 2881 Cor.
1584 2856 1615 2888 9.
