1903 3197
272 177 366 235 548
599 175 679 222 De
710 176 900 222 ratione
933 176 1126 222 vivendi
1159 176 1420 223 Societaz‘z‘s.

271 306 475 347 lacrimas
512 307 733 348 interdum
772 308 932 349 edunt:
981 307 1058 348 dat
1095 309 1212 349 enim
1248 307 1364 348 hane
1400 307 1574 347 veniam
1608 307 1747 357 dolor,

271 386 342 421 sat
374 381 493 431 scio;
526 395 669 434 neque
701 396 781 422 nos
814 382 938 423 stoici
972 396 1135 432 sumus,
1159 382 1232 435 qui
1256 381 1412 422 cadere
1436 382 1479 421 in
1502 382 1747 435 sapientem

271 454 463 495 nolimus
496 454 693 496 dolorem
729 463 862 509 atque
897 457 1219 510 aegritudinem.
1287 455 1505 496 Videmus
1542 456 1659 496 enim
1702 455 1746 496 in

272 529 419 570 Sacris
462 529 641 570 Litteris
681 530 768 582 Job
815 532 1187 584 patientissimum
1232 544 1331 571 cum
1375 530 1554 583 pessimi
1592 530 1748 570 ulceris

270 603 566 656 perforaretur
606 603 830 645 doloribus
883 605 925 644 in
978 605 1125 645 media
1168 605 1301 645 etiam
1345 603 1474 644 turba
1519 603 1746 643 sustulisse

271 676 510 718 clamores:
546 677 811 726 “Moerens,''
845 679 997 731 inquit,
1023 678 1320 718 “incedebam
1352 678 1444 717 sine
1477 677 1620 717 furore
1642 690 1746 717 con-

271 764 467 803 surgens,
489 751 532 790 in
562 752 691 791 turba
724 751 908 792 clamavi
930 750 997 801 ;”1
1032 752 1238 804 idemque
1271 751 1387 799 alibi,
1423 750 1615 791 “Facies
1648 764 1747 791 mea

271 824 481 864 intumuit
503 839 527 864 a
550 824 668 871 fletu,
693 831 735 865 et
764 825 988 878 palpebrce
1019 839 1129 865 meae
1154 826 1438 879 caliguerunt‚
1464 831 1507 865 et
1529 831 1744 876 tanquam

269 898 535 938 inundantes
564 912 691 951 aquae
715 899 774 939 sic
798 901 965 952 rugitus
989 898 1176 939 meus.'''2
1236 898 1384 951 Quare
1415 912 1489 938 eos
1518 897 1588 938 hic
1619 898 1747 938 dum-

268 977 397 1012 taxat
413 971 718 1012 admonendos
736 973 999 1025 putavimus,
1017 974 1089 1026 qui
1110 974 1152 1012 in
1168 972 1234 1012 his
1255 972 1523 1024 quotidianis
1540 972 1743 1024 notisque

272 1044 436 1084 morbis
467 1058 623 1096 parum
657 1059 703 1085 se
725 1046 903 1086 viriliter
936 1053 1118 1099 gerunt:
1153 1051 1200 1086 ut
1233 1045 1487 1085 morborum
1523 1044 1748 1084 molestias

271 1117 381 1157 ferre
423 1117 690 1168 condiscant,
726 1124 769 1159 et
806 1121 965 1160 crebris
997 1120 1235 1173 gemitibus
1269 1132 1319 1159 ac
1354 1117 1750 1158 lamentationibus

269 1197 546 1244 temperent;
580 1206 679 1244 quae
712 1193 991 1234 foeminarum
1027 1195 1176 1247 potius
1209 1199 1311 1233 sunt
1345 1206 1478 1245 quam
1512 1191 1635 1232 fortis
1657 1191 1747 1231 viri.

272 1265 356 1305 Est
397 1266 514 1305 enim
558 1267 691 1306 animi
745 1268 1016 1315 effoeminati,
1062 1274 1109 1308 ut
1163 1267 1351 1307 Basilius
1394 1265 1486 1314 ait,3
1528 1267 1571 1305 in
1620 1265 1750 1305 rebus

270 1339 436 1392 asperis
459 1339 708 1380 discruciari
735 1341 1065 1382 vehementius:
1100 1345 1118 1360 ‘¹
1136 1342 1267 1390 Nam,
1294 1346 1340 1380 ut
1364 1337 1569 1388 vermes‚”
1594 1338 1747 1391 inquit,

271 1413 420 1452 “intra
443 1413 660 1453 teneriora
693 1414 812 1467 ligna
846 1421 1140 1468 procreantur,
1164 1415 1224 1453 sic
1258 1413 1542 1466 {egritudines
1575 1426 1625 1451 ac
1659 1425 1751 1451 mo-

272 1486 409 1526 lestiae
435 1486 706 1527 mollioribus
728 1487 983 1529 hominibus
1007 1486 1329 1528 innascuntur.”

363 1559 569 1600 Secundo
607 1562 882 1603 ostendenda
925 1569 991 1603 est
1034 1564 1166 1603 etiam
1211 1560 1425 1614 patientia
1470 1559 1512 1598 in
1556 1558 1747 1598 ferendis

273 1634 540 1687 quibusdam
574 1636 877 1685 incommodis,
901 1652 1000 1689 qurc
1023 1637 1091 1677 vel
1126 1651 1183 1676 ex
1217 1635 1365 1687 inopia
1396 1646 1539 1673 rerum
1570 1647 1619 1673 ac
1653 1632 1751 1672 sub-

273 1708 496 1755 sidiorum,
539 1709 607 1748 vel
650 1724 706 1750 ex
760 1711 1058 1751 ministrorum
1114 1709 1285 1750 inscitia
1339 1708 1560 1747 incuriavc
1609 1706 1753 1747 solent

274 1781 482 1822 accidere.
543 1782 757 1824 Praeclara
793 1790 942 1824 autem
983 1792 1025 1825 et
1059 1785 1101 1823 in
1134 1783 1217 1823 hoc
1250 1795 1409 1835 genere
1447 1781 1573 1821 nobis
1612 1780 1749 1820 videri

276 1854 409 1895 debet
453 1854 630 1895 Xaverii
680 1858 815 1898 nostri
859 1858 1085 1910 patientia,
1130 1870 1229 1897 curn
1273 1855 1393 1908 gravi
1437 1854 1592 1894 morbo
1637 1867 1754 1906 aeger

274 1927 532 1968 versabatur
553 1929 596 1968 in
622 1930 751 1971 India
771 1947 777 1979 ;
812 1932 885 1971 ubi
919 1932 1050 1971 nullis
1082 1930 1260 1983 aegrotis
1284 1929 1431 1969 idonei
1455 1927 1752 1981 suppetebant

275 2001 372 2050 cibi,
393 2000 561 2041 nullum
585 2009 678 2043 erat
700 2004 874 2045 salubre
896 2004 1182 2052 domicilium,
1200 2002 1306 2043 nulli
1330 2002 1557 2055 peritiores
1581 2001 1752 2049 medici,

277 2076 354 2115 sed
377 2074 581 2115 humanis
611 2077 817 2118 subsidiis
847 2079 1052 2119 omnibus
1084 2078 1332 2125 destitutus,
1359 2076 1465 2116 inita
1494 2075 1587 2127 jam
1610 2074 1755 2114 hieme

278 2149 322 2188 in
355 2149 530 2201 tugurio
563 2151 706 2190 ventis
739 2157 873 2204 atque
916 2152 1129 2192 imbribus
1162 2151 1322 2204 pervio,
1359 2148 1545 2189 febrium
1581 2147 1757 2187 conflic-

278 2222 457 2262 tabatur
477 2222 715 2265 ardoribus.
753 2225 812 2265 Et
835 2225 870 2265 si
893 2239 1025 2278 quem
1050 2240 1107 2266 ex
1131 2224 1323 2277 antiquis
1347 2223 1577 2270 malumus,
1597 2220 1756 2261 Abbas

281 2294 580 2347 Myrage11es‚4
603 2311 702 2336 cum
726 2298 807 2338 sibi
832 2312 893 2346 ea,
918 2312 1018 2351 quae
1040 2300 1096 2338 ad
1121 2298 1357 2338 levandum
1382 2295 1584 2335 morbum
1608 2307 1756 2334 neces-

279 2368 393 2409 saria
435 2375 591 2418 essent,
634 2371 691 2410 ab
740 2371 1090 2425 Archicpiscopo
1146 2370 1556 2422 Hierosolymitano
1609 2369 1757 2408 mitte-

282 2446 441 2491 rentur,
464 2442 578 2482 belle
601 2444 842 2493 recusabat,
876 2444 995 2497 quod
1018 2445 1194 2493 diceret,
1219 2444 1299 2484 sibi
1323 2449 1499 2483 tantum
1526 2441 1617 2482 fore
1639 2442 1756 2491 satis,

281 2515 317 2556 si
360 2529 439 2568 pro
482 2530 529 2556 se
571 2517 718 2557 Deum
761 2525 915 2567 oraret,
952 2525 999 2559 ut
1037 2525 1224 2559 aeternos
1263 2517 1502 2571 aliquando
1540 2516 1756 2557 cruciatus

285 2590 501 2631 evaderet.

372 2664 673 2706 Ministrorum
704 2679 807 2706 vero
845 2667 1065 2708 interdum
1101 2668 1313 2708 incuriam
1351 2666 1550 2707 maximo
1582 2664 1755 2706 silentio

281 2751 332 2780 ac
374 2739 468 2781 sine
509 2739 607 2781 ullis
649 2742 932 2795 querimoniis
984 2742 1135 2796 paucis
1182 2742 1307 2783 annis
1360 2747 1463 2783 ante
1504 2739 1658 2782 tulisse
1709 2738 1752 2780 S.

510 2856 520 2875 ¹
542 2857 619 2899 Job.
642 2866 692 2900 30.
927 2857 940 2877 ‘⁴'
964 2859 1000 2891 C.
1027 2859 1075 2891 16.
1299 2859 1312 2878 ²⁵
1338 2859 1378 2890 In
1396 2856 1529 2899 Olymp.

791 2909 806 2929 ‘¹
829 2909 1035 2952 Sophronius
1051 2911 1085 2942 in
1102 2910 1154 2943 Ps.
1176 2920 1203 2943 c.
1225 2909 1254 2942 8.
