1903 3197
265 187 323 244 76
590 184 668 230 De
701 184 893 231 ratione
914 183 1107 231 vivendi
1138 183 1399 231 Societatis,

254 322 406 358 contra
459 316 701 367 Faustum,1
744 331 796 358 eo
837 317 954 358 victu
1007 331 1095 370 quo
1145 317 1290 370 Judaei
1343 301 1591 363 utebantur,
1635 329 1722 357 non

259 390 473 431 utebatur.
552 391 874 444 Experimento
917 397 1064 432 autem
1107 405 1274 443 usuque
1316 389 1622 444 planissimum
1663 389 1725 436 fit,

258 478 391 516 quam
433 465 542 505 haec
578 465 752 505 vivendi
795 466 1041 506 communis
1084 466 1195 506 ratio
1237 465 1440 518 apposita
1482 465 1538 504 sit
1575 465 1630 504 ad
1683 464 1727 504 id

259 539 377 592 quod
412 538 610 580 Societas
637 545 818 593 spectat,
843 539 961 592 quod
990 540 1234 580 animarum
1270 546 1335 579 est
1367 539 1545 579 lucrum.
1611 537 1728 591 Quia

259 613 459 653 homines
493 628 611 666 saepe
643 613 863 666 refugiunt
896 613 952 653 ab
987 613 1037 653 iis
1069 613 1142 665 qui
1182 613 1400 666 asperiore
1431 612 1533 652 vitae
1568 625 1730 665 genere

260 687 322 726 uti
355 686 519 735 volunt,
558 694 601 727 et
638 686 835 740 plerique
871 686 1100 727 hominum
1137 686 1278 726 cultus
1316 685 1550 726 insolentia
1587 686 1731 726 deter-

262 766 420 810 rentur,
445 775 494 801 ac
524 761 841 801 monachorum
875 761 1118 814 praesertim
1141 761 1324 800 vestitus
1356 760 1543 800 horrent.
1608 759 1730 812 Quo-

263 834 380 873 niam
427 848 552 874 vero·
582 834 762 875 Lutheri
816 835 896 874 sub
948 834 1071 874 initia
1118 833 1316 874 Societas
1368 838 1463 873 orta
1510 839 1585 881 est,
1630 846 1728 873 cum

261 907 425 960 passim
460 908 675 957 monachi,
700 909 772 960 qui
797 908 965 948 caeteris
996 907 1205 960 prodesse
1237 912 1453 959 poterant,
1477 912 1731 947 contemne-

256 983 428 1033 bantur,
452 984 660 1036 nulloque
683 984 725 1022 in
749 983 889 1035 pretio
913 988 1037 1021 erant
1059 981 1301 1034 praesertim
1326 981 1442 1033 apud
1468 980 1726 1029 Germanos,

262 1062 305 1097 et
357 1057 469 1097 ultra
529 1056 682 1109 Alpes,
736 1061 851 1095 recte
903 1060 1052 1094 noster
1103 1053 1373 1106 excogitavit
1427 1054 1638 1107 Ignatius,
1684 1060 1732 1094 ut

262 1143 543 1171 communem
579 1131 680 1169 vitae
719 1130 933 1169 rationem
976 1133 1067 1168 tam
1112 1128 1155 1167 in
1188 1127 1316 1176 victu,
1351 1141 1483 1179 quarn
1526 1127 1569 1167 in
1611 1127 1729 1168 cultu

260 1205 465 1257 corporis,
499 1203 556 1244 ab
593 1203 712 1243 omni
751 1209 901 1243 tamen
940 1202 1048 1242 luxu
1087 1207 1302 1241 remotam
1336 1208 1485 1242 secuta
1520 1201 1733 1251 Societas,

262 1277 354 1317 sine
407 1277 495 1317 ullo
547 1277 723 1317 horrore
780 1276 1021 1325 hominum,
1076 1277 1187 1315 inter
1237 1275 1439 1316 homines
1490 1282 1735 1317 versaretur

263 1364 426 1403 magno
456 1350 629 1391 illorum
660 1351 779 1390 bono
808 1357 941 1403 atque
970 1350 1216 1389 commodo.
1281 1349 1370 1390 Sed
1400 1350 1517 1390 dicet
1545 1350 1730 1403 aliquis:

262 1425 402 1465 victus
444 1424 600 1473 aridus,
634 1438 928 1478 asperumque
961 1424 1063 1463 vitae
1105 1437 1242 1476 genus
1285 1423 1543 1475 adjumento
1585 1424 1732 1477 potius

262 1505 327 1539 est
363 1499 418 1539 ad
451 1499 697 1539 animarum
731 1499 897 1538 lucrum
932 1504 1064 1551 atque
1097 1497 1294 1537 salutem.
1378 1497 1578 1550 Plerique
1616 1498 1730 1538 enim

263 1572 404 1625 magis
460 1578 773 1625 permoventur
824 1571 1033 1624 exemplo
1085 1585 1217 1624 quam
1267 1571 1420 1619 verbis,
1475 1571 1731 1624 exemplum

261 1650 410 1686 autem
441 1659 627 1685 summae
658 1645 931 1699 frugalitatis,
959 1651 1002 1685 et
1037 1645 1326 1693 abstinentiae,
1355 1645 1730 1698 poenitentiaeque,

263 1732 470 1772 magnam
507 1719 641 1759 habet
679 1720 734 1760 ad
772 1719 1128 1772 persuadendum
1161 1719 1280 1758 vim:
1318 1719 1433 1758 cerni
1472 1718 1573 1759 licet
1605 1719 1648 1760 id
1687 1720 1730 1759 in

264 1792 477 1841 Antonio,
515 1793 746 1834 Hilarione
783 1800 827 1834 et
863 1793 1089 1841 similibus,
1126 1807 1312 1845 quorum
1351 1792 1559 1846 exempla
1596 1793 1735 1834 multa

266 1866 580 1907 monachorum
604 1866 740 1907 millia
770 1867 825 1907 ad
857 1867 1044 1906 eandem
1066 1866 1168 1906 vitae
1191 1867 1405 1907 rationem
1429 1866 1731 1908 traduxerunt.

266 1941 397 1993 Ergo,
421 1941 455 1981 si
489 1955 690 1993 asperam
721 1941 946 1993 quandam
980 1940 1289 1993 durioremque
1310 1940 1484 1980 vivendi
1518 1941 1732 1981 rationem

265 2020 525 2065 teneremus,
549 2015 756 2055 tutiorem
780 2014 1109 2067 facilioremque
1132 2014 1258 2054 nobis
1280 2014 1396 2055 viam
1420 2015 1475 2054 ad
1498 2015 1735 2056 servandas

265 2088 540 2141 tuendasque
571 2090 741 2129 animas
774 2089 1053 2128 muniremus.
1119 2088 1416 2140 Respondeo:
1460 2102 1547 2128 non
1580 2102 1735 2129 omnes

264 2162 507 2215 permoveri
535 2163 637 2202 vitae
672 2162 922 2202 austerioris
956 2161 1175 2214 exemplo,
1212 2161 1313 2202 licet
1355 2175 1451 2202 eam
1494 2163 1736 2215 suspiciant

263 2243 307 2277 et
336 2236 609 2276 admirentur
639 2249 804 2285 omnes,
833 2237 922 2275 imo
952 2235 1125 2283 multos,
1153 2236 1396 2288 praesertim
1430 2250 1486 2276 ex
1518 2236 1734 2278 haereticis

264 2316 308 2351 et
345 2310 600 2350 facinorosis
636 2309 898 2359 hominibus,
933 2309 1006 2361 qui
1043 2310 1179 2349 vitam
1222 2309 1340 2349 illam
1384 2309 1564 2350 irrident
1602 2316 1736 2362 atque

266 2383 516 2433 exsibilant,
550 2383 692 2436 magis
724 2383 819 2436 capi
853 2383 1018 2423 liberali
1056 2382 1256 2423 convictu
1289 2383 1467 2435 vitaque
1499 2383 1734 2423 communi.

267 2458 386 2500 Satis
418 2458 554 2511 liquet
587 2458 629 2497 in
650 2458 823 2509 Joanne
856 2457 1057 2510 Baptista
1086 2457 1159 2508 qui
1192 2470 1291 2496 cum
1324 2470 1404 2497 nec
1437 2457 1736 2504 manducaret,

262 2545 342 2572 nec
375 2531 555 2580 biberet,
590 2537 639 2571 ut
674 2531 874 2572 Christus
908 2529 1130 2583 loquitur,‘²
1159 2530 1365 2571 dicebant
1396 2536 1545 2571 tamen
1573 2530 1734 2583 Judaei,

267 2606 370 2659 quia
402 2606 672 2646 daemonium
703 2605 864 2656 habet;
894 2604 1170 2658 legimusque
1202 2605 1245 2644 in
1274 2604 1374 2644 vitis
1408 2604 1600 2654 Patrum,
1621 2604 1736 2645 viros

269 2685 446 2721 sanctos
487 2680 543 2720 de
583 2679 816 2720 severitate
854 2678 1009 2732 jejunii
1052 2678 1269 2719 remisisse
1315 2691 1644 2732 nonnunquam,
1689 2683 1738 2718 ut

274 2753 542 2796 facinorosos
568 2754 624 2794 ad
654 2754 963 2806 poenitentiam
990 2752 1240 2803 allicerent;
1272 2759 1315 2793 et
1337 2752 1565 2794 Abbatem
1595 2750 1740 2805 Paph-

272 2829 457 2878 nutium,
492 2828 567 2881 qui
604 2841 703 2869 cum
738 2827 980 2868 latronibus
1015 2827 1163 2867 vinum
1206 2827 1361 2868 bibens
1404 2841 1539 2868 unum
1582 2840 1640 2868 ex
1678 2826 1740 2867 eis

743 2915 755 2935 ¹
781 2918 818 2949 L.
844 2916 892 2949 16.
1028 2915 1041 2934 ‘²
1066 2917 1184 2948 Matth.
1210 2925 1258 2948 11.
