1903 3197
797 149 894 197 307

267 577 790 630 OPUSCULUM
858 578 1414 634 UNDECIMUM.

359 732 422 768 IN
462 732 740 770 REGULAM
783 735 841 772 28.
885 734 962 771 DE
1001 735 1322 773 CASTITATE.

108 852 129 870 “
148 848 274 902 QUAE
305 850 362 890 ad
393 856 544 890 votum
579 851 805 892 Castitatis
833 853 1065 905 pertinent,
1089 852 1448 906 interpretatione
1478 867 1566 896 non

107 922 342 975 indigent.’'
406 924 596 976 Sumpta
629 930 694 965 est
726 925 821 965 haec
854 926 1006 979 regula
1038 940 1096 966 ex
1132 927 1223 968 Par.
1258 927 1296 967 6.
1332 941 1366 968 e.
1407 939 1437 968 1.
1474 927 1500 982 ἦ
1534 940 1565 970 1.

108 994 310 1048 Quatuor
341 997 384 1036 in
415 1010 467 1038 ea
498 997 623 1038 nobis
656 1004 802 1039 noster
833 999 963 1040 Pater
991 999 1163 1040 videtur
1193 1001 1381 1041 innuere.

195 1069 389 1110 Primum
421 1071 548 1119 enim,
579 1071 891 1124 perfectionem
923 1072 1145 1125 quandam
1178 1074 1393 1114 castitatis
1424 1075 1566 1127 exigit

106 1142 150 1182 in
192 1143 453 1193 universum,
495 1145 600 1184 dum
642 1152 842 1185 constare
878 1145 971 1197 jam
1014 1146 1145 1187 dicit:
1188 1146 1374 1199 “Quam
1416 1162 1467 1188 ea
1508 1148 1565 1189 sit

106 1216 298 1269 perfecte
320 1217 568 1257 servanda.‘’
608 1217 781 1257 Deinde
803 1219 957 1259 statuit
977 1219 1188 1259 terminos
1210 1219 1416 1272 perfectae
1438 1220 1566 1261 abso-

102 1288 298 1340 lutaeque
334 1290 561 1339 castitatis,
593 1290 649 1330 ad
684 1304 816 1342 quam
849 1291 928 1331 niti
961 1304 1039 1332 nos
1067 1291 1221 1344 jubet:
1270 1292 1484 1345 “Nempe
1516 1299 1565 1334 ut

102 1362 351 1414 puritatem,
390 1362 536 1414 quoad
579 1362 672 1415 ejus
712 1362 804 1403 fieri
846 1369 1003 1416 potest,
1041 1365 1286 1417 angelicam
1330 1366 1560 1406 imitemur.

104 1435 263 1475 Postea
314 1435 617 1476 difficultatem
679 1436 843 1476 indicat
902 1437 1116 1478 absolutae
1178 1438 1403 1489 castitatis,
1455 1440 1562 1479 dum

101 1514 285 1549 conatus
327 1514 371 1548 et
412 1509 531 1549 nisus
571 1508 782 1549 admonet
822 1508 1129 1560 adhibendos;
1182 1511 1301 1551 nisus
1353 1511 1469 1551 enim
1519 1518 1564 1553 et

101 1587 284 1622 conatus
332 1582 392 1622 rei
438 1582 741 1622 difficultatem
790 1583 1039 1632 ostendunt,
1082 1596 1163 1624 nec
1204 1584 1286 1624 nisi
1327 1584 1384 1624 ad
1425 1584 1564 1626 ardua

101 1653 360 1707 plerumque
401 1656 588 1696 nitimur.
658 1655 885 1697 Postremo
925 1657 1058 1697 tacite
1099 1657 1232 1697 etiam
1274 1657 1431 1698 suadet
1470 1658 1563 1699 vias

103 1728 318 1779 quasdam
360 1728 417 1768 ad
458 1730 706 1769 castitatem
759 1743 892 1781 quam
944 1730 1084 1781 exigit
1127 1730 1411 1783 indagandas,
1454 1731 1561 1771 dum

103 1801 357 1841 enitendum
399 1815 493 1841 esse
534 1802 649 1842 dicit.
741 1801 829 1854 Qui
871 1802 987 1842 enim
1030 1803 1227 1843 nituntur
1268 1802 1426 1855 aliquo,
1469 1804 1562 1844 vias

102 1874 274 1924 scilicet,
298 1875 455 1926 quibus
486 1874 588 1914 illuc
618 1874 744 1915 facile
774 1875 1041 1927 perveniant,
1065 1875 1340 1928 investigant.

188 1947 301 1999 Quae
331 1948 480 1987 omnia
507 1960 606 1987 cum
637 1954 784 1988 noster
806 1947 935 1988 Pater
954 1947 1038 1988 hac
1058 1948 1209 2001 regula
1229 1948 1558 2001 complectatur,

101 2020 320 2073 sapienter
347 2020 470 2060 initio
500 2026 651 2061 monet
679 2034 778 2073 quae
807 2021 863 2061 ad
893 2021 1106 2061 castitatis
1139 2026 1291 2061 votum
1324 2021 1557 2074 pertinent,

101 2107 153 2135 ea
186 2094 543 2147 interpretatione
576 2107 664 2134 non
698 2094 902 2147 indigere.
966 2094 1165 2134 Pluribus
1198 2094 1315 2134 enim
1349 2094 1405 2134 ad
1439 2108 1558 2136 com-

101 2167 430 2208 mendationem
490 2167 704 2208 castitatis
761 2168 942 2208 minime
995 2167 1207 2207 utendum
1258 2168 1437 2216 censuit,
1480 2167 1559 2208 sed

100 2241 205 2281 satis
247 2241 284 2281 ei
326 2241 419 2290 fuit,
456 2241 558 2282 licet
597 2241 653 2281 ad
696 2240 972 2293 particularia
1012 2240 1217 2292 quaedam
1259 2241 1429 2281 monita
1469 2253 1558 2282 non

99 2314 384 2363 descenderit,
409 2320 595 2366 quatuor
623 2314 696 2355 illa
725 2314 961 2355 dumtaxat
982 2314 1187 2365 innuere;
1219 2314 1358 2356 multa
1379 2315 1555 2368 quippe,

98 2388 191 2428 sine
240 2388 501 2429 verecundia
551 2401 602 2428 ac
652 2388 830 2440 pudore,
882 2388 1110 2428 admoneri
1160 2387 1416 2440 singillatim
1468 2401 1555 2430 non

99 2466 312 2513 poterant.

289 2588 316 2644 ξ
352 2600 655 2633 1.—PUR1TAs
689 2600 936 2632 PERFECTE
968 2600 1054 2631 EST
1088 2599 1361 2631 SERVANDA.

188 2663 466 2705 “Ordiamur
501 2666 632 2718 igitur
666 2679 693 2705 a
729 2665 870 2717 primo
889 2679 899 2716 ;
933 2664 969 2704 si
1005 2664 1124 2716 prius
1159 2670 1320 2714 tamen,
1358 2663 1464 2716 quid
1499 2664 1556 2705 sit

97 2736 288 2786 castitas,
340 2743 384 2778 et
433 2737 489 2778 de
539 2751 627 2790 qua
676 2738 878 2779 castitate
937 2742 1084 2778 noster
1144 2737 1274 2777 Pater
1339 2736 1558 2790 intelligat

102 2810 353 2866 (multiplex
385 2811 502 2852 enim
533 2811 627 2864 ejus
657 2824 794 2865 genus
825 2811 920 2865 est),
947 2811 1241 2853 ostendamus.
1304 2810 1387 2852 Est
1407 2816 1555 2853 autem

272 2893 305 2926 U
339 2896 363 2926 2
