1903 3197
317 178 333 208 1
348 164 405 208 28
526 206 528 209 ,
635 163 714 208 De
746 163 937 208 ratione
970 163 1162 208 vivendi
1196 162 1456 209 Societatis.

308 295 407 348 quis
444 294 681 347 pertulerit,
713 301 887 335 tantum
926 296 969 335 in
1007 295 1213 348 centuplo
1252 295 1393 347 magis
1429 308 1455 334 a
1494 294 1773 335 multitudine

306 368 458 421 gloriae
491 368 834 421 consequetur.'’1
897 369 1121 421 Objicies:
1156 370 1288 409 etiam
1323 382 1401 421 pro
1434 369 1624 421 peccatis
1658 369 1770 409 ultro

314 455 470 495 poenas
508 442 675 491 damus,
711 456 872 495 easque
902 457 927 483 a
961 443 1268 495 Superioribus
1302 448 1344 481 et
1376 442 1623 494 p'raepositis
1656 442 1776 495 flagi-

311 523 488 565 tamus3
542 516 647 568 quid
690 517 820 569 igitur
860 516 928 556 hae
971 531 1116 569 poenae
1158 517 1380 556 vindicare
1426 515 1506 554 sibi
1549 515 1690 555 laudis
1733 523 1777 557 et

311 590 464 643 gloriae
499 597 693 643 possunt,
722 604 820 630 cum
854 597 1035 643 peccata
1067 592 1162 643 ipsa
1191 604 1268 630 sua
1299 596 1454 629 natura
1486 590 1571 630 sint
1601 591 1776 643 turpia?

313 663 592 716 Respondeo,
626 665 806 704 omnino
844 665 1063 713 multum3
1106 678 1207 704 nam
1246 665 1422 717 propria
1455 664 1775 704 animadversio

313 743 357 777 et
398 737 614 777 confessio
656 738 803 778 delicti
846 752 923 778 sua
965 739 1095 778 laude
1137 752 1224 778 non
1267 745 1393 787 caret,
1439 744 1484 778 ut
1527 738 1775 778 Bernardus

310 811 398 852 ait:
437 811 707 852 “Confessio
749 812 1027 852 laudabiliter
1069 820 1197 853 sonat
1241 813 1283 852 in
1327 811 1462 852 ore.''2
1530 812 1776 852 Laudabile

312 891 379 925 est
438 891 481 925 et
529 900 657 926 suum
710 900 897 938 agnosse
948 893 1190 939 peccatum,
1235 892 1445 939 arguente
1496 886 1681 935 nemine,
1731 892 1775 926 et

308 960 510 1011 agnitum
552 959 741 999 voluisse
784 961 966 1013 punire3
1018 959 1399 1012 quemadmodum
1452 960 1605 1011 pictori
1649 973 1772 1000 suam

309 1034 510 1074 tabulam
543 1034 773 1086 corrigenti
808 1041 851 1074 et
887 1034 993 1073 vitia
1035 1034 1091 1073 ab
1128 1047 1184 1081 se,
1219 1046 1307 1072 non
1350 1033 1405 1072 ab
1438 1032 1544 1081 aliis,
1578 1034 1777 1072 animad-

309 1121 435 1147 versa
468 1107 651 1155 tollenti,
688 1107 842 1158 majori
879 1106 1030 1159 gloriae
1074 1106 1258 1154 ducitur,
1303 1120 1434 1159 quam
1479 1107 1513 1145 si
1555 1106 1662 1146 vitia
1704 1105 1777 1146 illa

308 1180 377 1220 vel
424 1180 601 1220 alterius
643 1181 946 1221 admonitione
987 1180 1181 1230 vidisset,
1224 1180 1292 1220 vel
1343 1181 1398 1220 ab
1447 1180 1533 1220 alio
1582 1186 1777 1220 correcta

308 1259 443 1307 atque
476 1255 713 1295 emendata
746 1255 940 1295 fuissent.

402 1335 457 1379 30.
505 1329 557 1368 Id
610 1329 728 1381 quod
786 1328 984 1369 difficiles
1046 1334 1089 1368 et
1140 1329 1299 1368 arduas
1351 1328 1495 1367 reddit
1547 1328 1777 1380 impositas

310 1416 478 1455 poenas,
517 1408 582 1442 est
617 1403 765 1454 aliqua
809 1403 1029 1442 interdum
1063 1402 1306 1454 iniquitatis
1348 1401 1508 1454 opinio,
1541 1402 1643 1453 quia
1685 1402 1777 1442 sine

308 1490 441 1516 causa
477 1477 680 1516 videntur
722 1476 900 1528 imponi,
935 1476 1003 1515 vel
1046 1481 1164 1515 certe
1207 1476 1288 1515 levi
1331 1475 1386 1515 de
1428 1489 1567 1515 causa.
1648 1475 1778 1527 Saepe

309 1550 426 1589 enim
471 1550 640 1598 accidit,
676 1556 723 1589 ut
762 1550 1028 1602 Praepositus
1059 1549 1126 1589 vel
1165 1550 1267 1601 quia
1305 1563 1391 1589 non
1430 1549 1534 1589 satis
1572 1549 1778 1600 cognovit

310 1638 367 1664 ex
412 1623 606 1664 delatore
647 1630 889 1677 peccatum,
922 1624 991 1663 vel
1029 1624 1162 1664 etiam
1200 1624 1256 1664 ad
1298 1624 1573 1676 probandam
1612 1637 1774 1671 eorum,

312 1699 386 1750 qui
429 1704 595 1751 parent,
634 1699 853 1746 virtutem,
897 1698 991 1737 sine
1034 1711 1165 1737 causa
1207 1711 1386 1750 poenam
1431 1697 1630 1749 infligat;
1683 1697 1777 1736 sine

311 1785 444 1811 causa
485 1777 634 1811 autem
667 1771 798 1823 plecti
842 1771 1125 1811 vehementer
1166 1771 1297 1822 angit.
1392 1770 1457 1809 At
1498 1770 1776 1809 conscientiae

312 1846 520 1885 solatium
564 1852 606 1885 et
639 1846 903 1885 innocentiae
938 1845 1096 1884 minuit
1127 1845 1273 1897 potius
1306 1857 1438 1896 quam
1481 1850 1614 1896 auget
1655 1843 1777 1883 dolo-

314 1932 417 1958 rem.
476 1919 736 1971 Respondet
767 1917 1075 1960 §.T1101nas:³
1113 1919 1363 1957 innocentia
1395 1918 1602 1970 patientis
1639 1917 1775 1956 minui

313 1992 493 2045 quidem
524 1993 721 2032 dolorem
755 1993 900 2044 quoad
932 2005 1174 2040 numerum,
1209 1998 1439 2044 propterea
1471 1991 1590 2043 quod
1613 2004 1776 2030 nocens

313 2081 414 2107 cum
455 2067 620 2119 patitur
653 2067 773 2106 dolet
815 2080 902 2106 non
944 2066 1085 2106 solum
1128 2066 1185 2105 ob
1221 2079 1412 2118 poenam,
1453 2078 1603 2104 verum
1642 2065 1775 2104 etiam

313 2141 371 2181 ob
431 2140 617 2192 culpam,
678 2154 765 2192 qua
830 2145 957 2179 cavet
1018 2141 1260 2188 innocens;
1323 2145 1514 2178 ceterum
1577 2138 1774 2178 dolorem

315 2214 562 2253 innocentis
614 2228 671 2253 ex
724 2215 818 2265 ipsa
870 2214 1119 2253 innocentia
1171 2213 1390 2265 adaugeri,
1443 2212 1545 2264 quia
1595 2225 1774 2264 poenam

311 2295 491 2336 temere,
531 2288 800 2339 minimeque
841 2287 921 2326 sibi
955 2287 1151 2326 debitam
1185 2288 1317 2326 sentit
1354 2286 1533 2326 illatam.
1596 2285 1774 2326 Nocens

314 2367 478 2410 autem,
521 2362 655 2400 etiam
712 2362 746 2400 si
798 2361 947 2401 doleat
997 2361 1054 2400 ob
1106 2374 1284 2413 poenam
1326 2360 1455 2399 simul
1502 2365 1545 2399 et
1586 2358 1774 2412 culpam,

314 2441 465 2475 tamen
509 2436 611 2487 quia
649 2435 744 2486 jure
786 2435 905 2474 videt
947 2435 1158 2474 inflictam
1211 2447 1400 2487 poenam,
1443 2439 1486 2472 et
1529 2432 1641 2472 hanc
1693 2433 1775 2472 sibi

315 2510 475 2557 deberi,
518 2509 744 2561 paululum
788 2509 1036 2560 acquiescit,
1079 2514 1123 2547 et
1163 2508 1246 2547 hoc
1287 2506 1430 2547 solatii
1479 2520 1649 2559 genere,
1687 2519 1776 2558 quo

311 2589 437 2623 cavet
481 2583 701 2631 innocens,
745 2596 790 2622 se
837 2588 1066 2621 sustentat.
1128 2582 1324 2633 Angitur
1373 2581 1506 2620 etiam
1554 2580 1773 2628 innocens,

311 2656 431 2709 quod
467 2669 567 2695 sons
602 2656 658 2695 ab
692 2655 785 2695 aliis
815 2662 858 2695 et
895 2669 1003 2703 reus,
1031 2661 1074 2695 et
1103 2669 1236 2707 poena
1267 2655 1426 2707 dignus
1454 2654 1650 2699 habetur,
1685 2666 1774 2693 non

309 2731 403 2770 sine
438 2742 600 2781 magna
635 2734 750 2769 nota.
813 2729 958 2768 Testis
993 2734 1058 2768 est
1090 2729 1208 2768 mitis
1244 2727 1314 2768 ille
1350 2727 1623 2781 Paphnutius
1655 2726 1774 2779 apud

312 2804 586 2853 Cassianum,
617 2803 741 2857 cujus
777 2804 820 2843 in
854 2802 1055 2843 cubiculo
1092 2816 1192 2842 cum
1229 2803 1426 2843 codicem
1463 2802 1574 2842 inter
1608 2800 1776 2853 plectas

350 2890 364 2935 ξ
388 2892 443 2926 De
459 2893 532 2934 lege
552 2892 637 2934 Spir.
776 2890 790 2912 2
812 2892 866 2925 De
881 2891 971 2934 grad.
990 2891 1120 2933 superb.
1136 2902 1167 2924 c.
1184 2900 1233 2933 14.
1368 2890 1383 2911 3
1406 2891 1479 2925 Par.
1496 2898 1526 2932 3.
1541 2900 1571 2932 q.
1586 2889 1638 2931 46.
1655 2900 1682 2923 a.
1697 2888 1727 2923 6.
