1903 3197
544 162 613 208 In
646 163 864 225 Regulam
898 163 971 208 M
965 163 1164 209 odesliae
1499 165 1526 208 6
1535 176 1558 223 5
1568 178 1593 223 3

128 291 244 341 ditie,
275 307 326 333 ea
358 295 563 335 nimirum
599 296 937 349 reprehensione
969 297 1104 349 digna
1136 302 1213 345 est,
1246 310 1334 336 non
1368 297 1599 336 moderata

131 379 180 405 ac
213 367 427 420 religiosa.

220 440 422 483 Hilarion
465 450 613 484 autem
643 444 740 496 jure
781 451 956 497 poterat
997 445 1107 484 ferre
1149 445 1299 484 sordes
1341 445 1384 484 in
1427 444 1599 485 cilicino

132 515 306 565 amictu,
335 517 437 569 quia
469 518 512 558 in
545 519 826 558 solitudinem
860 519 1038 558 abditus
1072 518 1179 558 nihil
1213 519 1294 558 sibi
1326 532 1425 558 cum
1458 518 1600 558 homi-

132 589 260 629 nibus
297 605 392 631 esse
428 593 645 633 censebat.
721 593 816 633 Nos
849 607 962 642 vero,
992 593 1066 645 qui
1104 593 1147 632 in
1186 592 1342 632 mediis
1374 606 1600 633 versamur

129 662 393 714 hominibus,
421 680 472 706 ea
504 667 559 706 ab
592 680 741 707 eorum
775 667 911 707 oculis
946 679 1251 707 removeamus
1284 673 1470 719 oportet,
1500 681 1599 719 quae

130 737 361 779 offensioni
398 740 482 780 illis
519 755 614 781 esse
650 749 847 795 possunt,
885 756 940 782 ne
978 742 1105 781 nobis
1144 741 1314 781 aditum
1353 742 1408 781 ad
1446 755 1599 781 eorum

130 812 423 854 sublevandas
465 815 634 856 animas
677 817 1011 869 praecludamusy
1055 816 1408 868 munditiemque
1450 830 1501 855 ea
1543 817 1598 856 de

129 900 262 927 causa
313 890 573 939 curabimus
627 891 873 943 neglectam
930 891 1076 944 potius
1128 903 1261 943 quam
1315 890 1597 942 exquisitam.

133 961 234 1001 Hoc
258 969 324 1003 est
346 964 462 1004 enim
486 965 603 1018 quod
627 966 733 1005 dicit
765 966 1066 1018 Hieronymus
1097 964 1151 1004 ad
1183 964 1410 1004 Monach.:
1435 965 1597 1004 “Idem

131 1049 305 1089 semper
350 1038 536 1088 habitus,
580 1040 781 1092 neglecta
828 1038 1102 1080 mundities.‘’
1181 1038 1240 1078 Et
1275 1039 1597 1088 Bonaventura‚

134 1108 258 1162 Spec.
284 1110 401 1152 Disc.
422 1127 459 1165 p.
479 1124 512 1163 3.
532 1128 564 1153 C.
585 1114 630 1154 8:
654 1116 674 1133 “
690 1114 904 1166 Culpatur
926 1114 1104 1166 quidem
1129 1119 1173 1152 et
1195 1111 1338 1152 cultus
1368 1112 1600 1153 munditiae

132 1184 304 1233 nimius,
335 1192 378 1225 et
408 1187 688 1239 neglectus;’'
723 1189 765 1228 id
796 1195 871 1237 est,
896 1188 1026 1241 plane
1058 1187 1296 1240 neglectus,
1320 1200 1408 1226 non
1440 1187 1601 1227 nimius

134 1259 416 1311 exquisitus.''
480 1262 630 1302 Potest
664 1269 813 1302 tamen
856 1262 1072 1314 ejusmodi
1105 1268 1280 1314 tempus
1318 1261 1518 1310 incidere,
1554 1268 1604 1302 ut

134 1332 261 1372 alicui
305 1333 423 1374 laudi
465 1335 593 1376 detur
635 1337 895 1376 munditiem
940 1336 1053 1376 hanc
1095 1335 1289 1388 corporis
1330 1335 1603 1388 vestitusque

133 1407 365 1459 negligere.
431 1408 495 1449 Ut
527 1410 581 1449 de
612 1410 777 1462 Junior.
807 1411 912 1450 dicit
947 1411 1095 1457 Isaias,
1121 1424 1177 1449 or.
1215 1420 1259 1460 3:
1305 1407 1428 1461 “Qui
1455 1409 1604 1461 junior

133 1486 209 1528 est,
245 1495 403 1533 corpus
441 1483 484 1522 in
519 1484 639 1523 omni
678 1484 874 1536 negligat
909 1484 1200 1532 deformitate,
1236 1482 1280 1522 id
1316 1496 1508 1535 namque
1541 1483 1601 1523 illi

135 1554 354 1606 prodest.’'

220 1635 278 1679 40.
313 1629 388 1669 Ad
427 1631 641 1671 rationem
681 1632 813 1672 etiam
850 1632 1043 1685 aliquam
1073 1631 1338 1671 valetudinis
1367 1632 1603 1672 vestimen-

134 1708 280 1742 torum
318 1709 384 1743 est
413 1706 652 1756 quaerenda
690 1707 938 1746 mundities.
1005 1706 1056 1745 Id
1095 1719 1305 1758 expresse
1342 1705 1415 1745 lex
1454 1713 1605 1747 nostra

134 1777 344 1829 praecipit,
388 1791 486 1830 quae
544 1785 610 1819 est
667 1791 725 1831 19.
776 1794 832 1819 ex
893 1779 1231 1819 communibus:
1289 1779 1604 1830 “Mundities,”

134 1850 287 1903 inquit,
325 1855 457 1904 “quae
509 1859 552 1892 et
604 1854 658 1893 ad
711 1854 1108 1903 valetudinem,-et
1156 1854 1210 1893 ad
1263 1853 1602 1896 :edificationem

133 1925 312 1973 confert,
342 1926 546 1966 omnibus
581 1941 695 1967 curae
734 1929 800 1975 sit,
830 1934 921 1968 tam
960 1929 1074 1967 circa
1111 1929 1290 1980 seipsos,
1319 1942 1452 1981 quam
1490 1930 1605 1970 circa

132 1998 219 2037 alia
251 1999 435 2039 omnia.”
498 2001 615 2040 Nam
659 2002 693 2041 si
736 2003 844 2054 quis,
880 2017 915 2042 v.
947 2016 985 2055 g.
1023 2003 1181 2042 imitari
1219 2002 1323 2042 velit
1361 2004 1604 2044 monachos

134 2074 363 2125 quosdam,
398 2075 471 2126 qui
517 2089 613 2115 raro
655 2083 798 2116 vestes
847 2083 1028 2125 exuunt,
1066 2091 1161 2116 raro
1208 2083 1382 2117 mutant
1420 2092 1605 2131 raroque

134 2146 295 2197 lavant,
331 2162 507 2189 necesse
545 2157 611 2189 est
648 2151 845 2203 profecto
890 2151 1052 2191 multas
1091 2152 1241 2191 sordes
1278 2152 1410 2191 etiam
1447 2154 1603 2193 vermi-

133 2221 330 2262 culorum
368 2223 611 2273 contrahat,
640 2225 882 2265 valetudini
912 2226 1040 2266 valde
1074 2227 1242 2266 noxias
1305 2226 1467 2267 Videre
1504 2228 1606 2269 licet

133 2296 304 2349 aliquos
337 2303 428 2337 tam
462 2299 649 2338 sordidis
682 2300 863 2340 indutos
885 2301 1094 2350 vestibus,
1117 2307 1208 2340 tam
1242 2301 1391 2341 multis
1424 2303 1608 2343 maculis

132 2369 393 2424 labibusque
444 2387 716 2425 conspersos,
760 2381 808 2414 ut
855 2375 922 2414 vel
977 2376 1186 2428 proximo
1238 2376 1393 2428 cuique
1445 2383 1606 2418 tetrum

133 2445 327 2496 aspirent
350 2447 541 2496 odorem,
569 2448 807 2501 Propterea
832 2449 873 2490 S.
895 2449 1186 2502 Augustinus,
1212 2451 1255 2489 in
1280 2450 1387 2503 Reg.
1405 2452 1604 2492 monach.

134 2519 333 2571 praecipit
366 2519 498 2560 lavari
521 2529 675 2570 vestes,
700 2524 819 2575 quod
855 2530 896 2563 et
931 2524 1058 2563 multi
1095 2524 1283 2576 religiosi
1316 2525 1492 2574 faciunt,
1516 2541 1605 2566 non

135 2599 226 2631 tam
257 2600 436 2645 propter
463 2595 802 2636 {edificationem
837 2583 988 2637 corum
1013 2598 1272 2650 quibuscum
1301 2606 1448 2651 agunt,
1472 2614 1604 2653 quam

133 2673 314 2718 propter
329 2667 593 2708 valetudinis
616 2670 793 2719 bonum,
810 2673 878 2711 cui
905 2673 1055 2711 sordes
1078 2672 1250 2722 obsunt,
1266 2674 1483 2713 munditia
1506 2689 1605 2727 pro-

137 2740 244 2779 dest.
286 2741 594 2782 Bonaventura
613 2744 745 2784 etiam
771 2745 897 2798 Spec.
916 2746 1031 2785 Disc.
1050 2760 1087 2798 p.
1107 2757 1140 2796 3.
1158 2760 1190 2786 c.
1210 2755 1241 2797 5.
1258 2746 1351 2786 vult
1369 2749 1488 2787 omni
1507 2749 1603 2789 dili-

136 2815 286 2867 gentia
308 2816 469 2866 sordeS,
493 2823 536 2856 et
559 2819 767 2871 quicquid
800 2821 844 2859 in
868 2826 987 2860 veste
1010 2821 1287 2873 inquinatum
1310 2821 1447 2872 fuerit,
1471 2837 1603 2876 quam

141 2890 350 2931 citissime
382 2893 602 2933 removeri.
687 2893 696 2895 *⁷
