1903 3197
263 184 360 228 626
595 181 677 228 De
709 181 899 228 ratione
930 180 1124 228 vivendi
1163 180 1424 228 Socz'etatz's.

260 329 415 357 sereno
450 315 586 364 vultu,
618 315 930 369 explicataque
965 315 1106 357 fronte
1143 315 1284 356 fuisse.
1326 315 1486 357 Ribad.
1514 316 1538 357 l.
1571 325 1606 368 5.
1637 332 1669 358 c.
1701 327 1738 369 5.

262 391 385 445 Lege
422 391 557 432 etiam
595 392 650 432 de
694 392 740 432 B.
780 391 982 445 Georgio,
1021 392 1145 444 cujus
1182 391 1422 445 discipulus
1459 392 1740 434 Theodosius

259 466 496 508 affirmavit
546 481 605 517 se,
657 481 757 508 cum
809 468 1044 508 duodecim
1102 468 1220 520 ipsos
1272 480 1412 509 annos
1463 467 1739 510 observasset

261 542 460 594 magistri
493 542 652 591 vultus,
689 557 913 597 nunquam
958 557 1033 584 eos
1069 544 1231 583 vidisse
1273 540 1503 583 turbatos.1
1581 543 1641 582 Et
1681 543 1739 584 de

261 616 308 656 B.
335 616 557 658 Malachia
591 618 815 672 Episcopo
845 619 906 659 sic
936 619 1211 659 Bernardus:
1247 616 1445 657 “Vultus
1468 617 1736 658 hilaritatem

261 704 342 731 nec
371 691 558 733 fuscavit
591 707 764 744 moeror,
788 707 866 735 nec
899 693 1141 747 levigavit.'’
1206 693 1266 733 Et
1300 693 1344 732 in
1378 703 1413 732 2.
1432 691 1550 734 Ser.:
1584 693 1735 733 “Tam

261 767 526 818 modestus,''
549 768 701 821 inquit,
726 771 811 809 “ut
839 769 1031 809 levitatis
1061 782 1148 808 non
1179 774 1330 821 posset
1362 782 1457 808 esse
1479 774 1737 821 suspectus:

259 842 459 883 tantillus
481 849 643 893 tamen,
667 850 715 884 ut
743 844 926 884 hilarem
948 844 1120 884 vultum
1150 844 1207 883 ab
1236 844 1357 884 omni
1384 843 1573 883 tristitiae
1596 857 1737 896 naevo,

258 917 329 958 vel
351 917 501 958 nubilo
523 919 756 960 vendicare
778 918 1032 959 sufficeret.''

349 999 404 1032 20.
430 992 771 1034 Abundantiam
807 994 957 1034 Divini
993 993 1184 1046 Spiritus
1224 998 1358 1046 atque
1395 993 1548 1045 gratiae
1583 1007 1737 1034 serena

259 1067 378 1107 frons
400 1067 576 1116 indicat,
596 1069 631 1108 si
653 1074 749 1108 tum
772 1069 983 1109 serenitas
1005 1074 1215 1109 constans
1238 1069 1304 1108 sit.
1370 1067 1435 1108 Ut
1457 1068 1500 1107 in
1523 1067 1736 1119 Antonio,

259 1155 393 1194 quem
435 1142 584 1183 scribit
626 1143 900 1184 Athanasius
947 1144 1103 1184 florido
1155 1156 1330 1196 semper
1369 1142 1494 1182 vultu
1546 1142 1740 1195 laetoque

259 1216 418 1257 fuisse:
468 1215 755 1267 “Habebat,”
800 1220 954 1272 inquit,
995 1220 1075 1258 “in
1117 1218 1241 1258 vultu
1285 1231 1495 1270 magnam
1538 1217 1738 1270 gratiam,

259 1296 304 1331 et
347 1291 607 1332 admirabile
647 1307 673 1333 a
716 1293 948 1334 Salvatore
990 1293 1074 1335 hoc
1117 1293 1250 1334 etiarn
1294 1306 1453 1332 munus
1495 1298 1737 1345 acceperat.

260 1365 309 1407 Si
333 1366 429 1418 quis
453 1367 570 1406 enim
594 1367 771 1421 ignarus
801 1369 895 1421 ejus
925 1370 1039 1409 inter
1065 1367 1395 1408 multitudinem
1420 1367 1738 1407 monachorum

258 1454 361 1481 eum
395 1441 543 1482 videre
578 1441 883 1494 desiderasset,
921 1443 1042 1484 nullo
1086 1443 1319 1492 indicante,
1355 1441 1524 1482 caeteris
1558 1447 1739 1494 praeter-

260 1516 406 1556 missis
438 1517 494 1556 ad
524 1516 775 1558 Antonium
809 1519 1024 1568 currebat,
1048 1524 1091 1558 et
1122 1518 1281 1558 animae
1314 1517 1551 1570 puritatem
1580 1529 1740 1568 agnos-

260 1590 391 1631 cebat
422 1605 480 1631 ex
511 1591 648 1642 vultu,
680 1598 724 1632 et
756 1607 835 1646 per
866 1592 1092 1646 speculum
1126 1592 1319 1645 corporis
1352 1590 1539 1644 gratiam
1573 1596 1739 1631 sanctae

262 1666 425 1707 mentis
457 1667 746 1709 intuebatur.'’
811 1668 872 1708 Et
904 1668 946 1707 in
981 1668 1186 1716 Martino,
1211 1680 1342 1720 quem
1375 1671 1522 1706 narrat
1552 1665 1740 1706 Severus

262 1755 290 1782 a
316 1742 493 1781 nemine
514 1742 658 1782 visum
685 1756 779 1783 esse
802 1749 1085 1783 moerentem:
1119 1740 1314 1791 “Unus,”
1334 1741 1486 1793 inquit,
1506 1740 1743 1793 “idemque

262 1829 448 1870 semper,
472 1817 698 1858 coelestem
734 1818 1068 1870 quodammodo
1103 1817 1302 1856 laetitiam
1334 1815 1458 1856 vultu
1492 1814 1741 1873 praeferens,

263 1897 394 1932 extra
445 1898 649 1932 naturam
713 1892 906 1933 hominis
957 1891 1226 1932 videbatur.”
1318 1891 1389 1931 De
1452 1890 1554 1931 Nat.
1608 1890 1738 1930 Mart.

261 1980 320 2007 or.
352 1978 383 2006 1.

352 2042 422 2082 De
446 2042 493 2082 B.
517 2056 621 2082 vero
656 2042 880 2082 Bernardo
914 2042 974 2082 sic
1006 2042 1218 2095 scriptum
1252 2040 1464 2094 legimus:
1499 2040 1588 2080 “In
1616 2040 1741 2081 vultu

260 2115 435 2156 claritas
478 2116 783 2170 praefulgebat,
829 2130 916 2156 non
958 2122 1130 2156 terrena
1182 2116 1333 2168 utique
1384 2115 1461 2155 sed
1512 2114 1740 2155 coelestis.'’

262 2190 381 2231 Nam
421 2191 477 2231 de
516 2191 808 2232 Sanctissima
853 2191 937 2231 Dei
985 2191 1130 2231 Matre
1172 2190 1276 2243 quid
1319 2190 1478 2230 attinet
1514 2189 1741 2230 dubitare?

263 2264 378 2318 Quae
401 2280 501 2306 cum
531 2267 685 2319 gratiae
709 2265 873 2306 fontem
909 2266 1162 2319 peperisset,
1187 2279 1275 2305 non
1298 2270 1473 2318 poterat
1494 2277 1581 2303 non
1604 2264 1738 2303 etiam

260 2339 383 2380 vultu
416 2340 670 2393 praeseferre
702 2340 916 2380 laetitiam.
982 2340 1143 2380 Narrat
1175 2346 1324 2379 autem
1355 2338 1641 2391 Epiphanius,
1665 2337 1737 2378 lib.

263 2414 321 2455 de
352 2415 502 2455 haeres.
538 2428 637 2455 eam
677 2413 878 2454 habitam
912 2428 1006 2454 esse
1044 2427 1123 2467 pro
1161 2414 1269 2462 Dea,
1307 2418 1432 2453 tanta
1469 2419 1561 2453 erat
1597 2412 1740 2452 floridi

265 2489 351 2529 oris
373 2488 552 2541 laetique
573 2488 865 2542 pulchritudo.
931 2488 990 2527 Et
1014 2488 1318 2527 Damascenus
1341 2487 1433 2539 ejus
1455 2486 1741 2526 commendat

265 2569 544 2603 venustatem
578 2563 673 2603 oris.
754 2562 814 2602 Et
851 2562 1140 2615 Nicephorus,
1165 2561 1280 2602 Eccl.
1305 2561 1401 2602 hist.
1427 2561 1450 2601 l.
1480 2573 1510 2601 Ι.
1535 2575 1566 2601 c.
1593 2572 1658 2612 23,
1682 2574 1741 2600 ex

267 2637 520 2691 Epiphanio
563 2637 761 2678 maxime
803 2651 900 2677 eam
944 2636 1166 2677 affabilem
1208 2636 1341 2676 fuisse
1381 2636 1526 2685 tradit,
1563 2641 1607 2675 et
1647 2635 1741 2675 sine

268 2713 613 2765 perturbatione,
645 2718 688 2752 et
721 2712 865 2759 omnis
896 2711 1133 2751 iracundiae
1165 2724 1341 2763 prorsus
1377 2716 1617 2763 expertem.
1681 2708 1742 2749 Et

265 2787 371 2827 alibi
410 2787 499 2827 ait:
548 2787 638 2826 “In
675 2787 761 2827 oris
799 2786 1030 2826 divinitate
1068 2786 1199 2826 fuisse
1237 2785 1348 2825 Filio
1385 2784 1666 2833 simillimam,
1696 2789 1740 2823 et

271 2862 432 2902 Filium
467 2861 632 2903 matri.''
697 2860 916 2913 “Quippe
937 2861 1211 2901 abundantia
1240 2860 1417 2910 cordis,”
1442 2865 1489 2900 ut
1511 2860 1572 2900 ait
1595 2859 1739 2899 Emis-

740 2942 752 2962 1
780 2945 820 2975 In
839 2945 926 2975 Prat.
949 2944 1036 2984 Spir.
1058 2954 1083 2975 e.
1105 2942 1176 2974 108.
