1903 3197
204 146 300 191 314
516 130 595 175 De
628 130 818 175 ratione
852 129 1044 175 vivendi
1077 129 1337 176 Societalzk.

198 276 384 315 rumque
428 262 606 302 Patrum
643 262 871 311 sententia,
910 276 989 302 sex
1027 261 1258 314 distinguit
1295 261 1467 313 gradus,
1504 261 1663 313 quibus

200 336 361 376 sensim
384 336 598 376 castitatis
624 336 833 388 perfectio
856 336 1124 388 quotidianis
1151 335 1417 388 profectibus
1441 335 1663 375 adolescit.

202 411 370 450 Primus
404 415 481 458 est,
504 423 558 449 ne
590 410 687 462 quis
720 411 1053 463 impugnatione
1086 409 1226 449 carnis
1247 409 1433 461 vigilans
1467 408 1663 448 elidatur.

200 483 441 533 Secundus,
465 497 518 523 ne
552 497 674 523 mens
707 483 820 524 illius
846 483 1100 524 voluntariis
1130 482 1472 535 cogitationibus
1505 482 1661 522 immo-

200 563 324 598 retur.
379 557 564 607 Tertius‚
588 571 642 597 ne
665 558 860 613 femineo.
876 554 943 598 vel
967 558 1155 598 tenuiter
1176 556 1232 596 ad
1262 556 1663 608 concupiscentiam

200 637 428 672 moveatur
469 637 659 684 aspectu.
744 630 950 684 Quartus,
994 645 1048 671 ne
1083 630 1269 683 vigilans
1305 631 1371 670 vel
1421 629 1665 682 simplicem

195 707 336 746 carnis
388 699 810 758 preferat'motum.
895 704 1099 757 Quintus,
1145 718 1198 744 ne
1249 718 1350 744 cum
1403 704 1662 743 memoriam

197 779 493 832 generationis
535 779 751 827 humanae,
796 779 863 818 vel
906 784 1119 818 tractatus
1162 778 1283 827 ratio,
1321 777 1389 818 vel
1431 778 1668 818 necessitas

199 853 399 893 lectionis
435 853 673 905 ingesserit,
707 853 1019 892 subtilissimus
1052 858 1245 892 mentem
1272 852 1530 905 voluptariae
1562 852 1669 892 acti-

200 927 294 967 onis
332 927 597 980 perstringat
630 939 860 975 assensus3
894 926 970 965 sed
1010 925 1064 965 de
1100 925 1193 977 ejus
1226 926 1526 965 recordatione
1561 925 1667 965 nihil

198 1000 389 1053 amplius
431 1000 659 1052 concipiat,
703 1013 836 1051 quam
879 1000 911 1039 si
956 1000 1258 1052 operationem
1302 999 1487 1039 laterum
1521 1004 1668 1038 mente

198 1079 446 1126 pertractet.
529 1074 706 1121 Sextus,
732 1087 784 1112 ne
823 1073 1088 1113 illecebrosis
1120 1072 1506 1125 phantasmatibus
1545 1071 1668 1112 femi-

200 1161 354 1188 narum
387 1147 454 1187 vel
488 1147 709 1187 dormiens
745 1146 981 1196 illudatur3
1015 1146 1116 1187 licet
1148 1147 1264 1186 enim
1298 1147 1392 1186 haec
1429 1145 1670 1186 ludificatio

199 1228 383 1275 peccato
445 1235 531 1261 non
584 1222 786 1261 credatur
841 1221 1048 1270 obnoxia,
1102 1220 1468 1273 concupiscentiae
1519 1226 1669 1260 tamen

201 1295 346 1336 adhuc
376 1295 629 1335 medullitus
660 1295 874 1335 latitantis
902 1295 1109 1336 indicium
1134 1301 1208 1335 est.
1276 1295 1387 1334 Haec
1409 1308 1465 1334 ex
1489 1294 1671 1334 Abbate

204 1370 493 1410 Chaeremone
547 1369 828 1421 antiquisque
876 1369 1076 1408 Patribus
1121 1368 1368 1417 Cassianus,
1411 1381 1468 1407 ex
1511 1367 1670 1420 quibus

203 1444 388 1496 intelligi
422 1444 522 1483 licet
554 1457 665 1492 eum,
700 1443 773 1495 qui
816 1449 1087 1495 postremum
1123 1443 1310 1496 gradum
1348 1442 1505 1494 attigit,
1538 1455 1671 1494 ange·

204 1518 344 1557 lorum
377 1518 612 1569 puritatem
650 1517 837 1565 imitari;
876 1518 948 1568 qui
985 1522 1051 1556 est
1082 1530 1108 1556 a
1142 1517 1269 1556 Patre
1306 1521 1455 1556 nostro
1494 1515 1670 1567 Ignatio

204 1590 411 1644 perfectae
440 1591 655 1631 castitatis
685 1591 896 1630 terminus
928 1591 1203 1630 constitutus.
1269 1589 1489 1630 Climacus
1521 1595 1669 1629 autem

204 1672 292 1705 tres
325 1665 551 1705 constituit
583 1665 797 1704 castitatis
830 1664 1022 1717 gradus:
1066 1665 1257 1713 Initium,
1288 1664 1494 1712 medium,
1525 1663 1669 1703 finem.

208 1740 388 1779 Initium
427 1740 487 1779 ait
526 1753 620 1778 esse
658 1738 999 1791 cogitationibus
1034 1738 1220 1777 sordidis
1259 1751 1346 1777 non
1383 1737 1671 1789 acquiescere,

206 1820 248 1854 et
277 1827 355 1866 per
387 1813 614 1853 intervalla
644 1819 895 1865 temporum
924 1812 1123 1851 nocturni
1159 1811 1338 1851 seminis
1368 1811 1670 1859 redundantia,

205 1889 372 1940 absque
414 1887 501 1927 ulla
554 1887 756 1938 imaginis
803 1886 1014 1935 illusione,
1058 1886 1279 1937 respergi;
1331 1885 1525 1925 medium
1567 1897 1670 1924 vero

204 1961 476 2002 naturalibus
511 1961 703 2001 motibus
732 1975 789 2000 ex
825 1959 1065 2012 repletione
1099 1959 1294 1999 ciborum
1332 1958 1669 1998 advenientibus

207 2037 374 2088 absque
418 2035 683 2088 imaginibus
726 2033 970 2085 inquietari,
1014 2032 1147 2072 modo
1198 2033 1254 2073 ad
1298 2032 1467 2071 fluxum
1522 2037 1669 2072 motus

203 2109 263 2149 illi
316 2123 403 2149 non
457 2109 743 2161 perveniant;
822 2107 953 2147 finem
1006 2112 1154 2146 antem
1207 2106 1470 2146 mortificare
1511 2118 1670 2158 corpus

207 2183 546 2236 cogitationibus
590 2182 776 2222 sordidis
815 2182 907 2233 jam
960 2187 1090 2221 antea
1133 2186 1365 2228 mortuum,
1410 2180 1670 2231 felicemque

205 2271 304 2296 vere
339 2270 433 2296 esse
470 2257 555 2308 qui,
589 2257 645 2296 ad
683 2268 859 2295 omnem
897 2254 1087 2294 colorem
1125 2254 1318 2306 corporis
1354 2260 1671 2306 aspectumque

205 2330 397 2383 perfecte
421 2329 693 2378 insensibilis,
718 2330 772 2369 sit
799 2328 1026 2381 perfectus.
1093 2328 1205 2367 Haec
1227 2341 1283 2366 ex
1308 2327 1516 2368 Climaco.
1580 2326 1669 2367 Sed

206 2404 290 2444 huc
323 2417 499 2456 quoque
531 2403 735 2456 perpauci
758 2402 950 2450 veniunt,
974 2415 1061 2454 quo
1088 2401 1267 2441 forsitan
1302 2400 1491 2441 Serenus
1513 2399 1671 2440 Abbas

206 2479 414 2531 pervenit,
444 2484 492 2518 ut
524 2478 578 2517 de
607 2491 659 2517 eo
688 2477 914 2517 scribitur:
948 2476 1087 2515 “Hoc
1119 2480 1185 2514 est
1216 2480 1264 2514 ut
1296 2489 1347 2514 eo
1379 2488 1516 2526 usque
1549 2487 1673 2513 mens

206 2558 357 2592 nostra
408 2552 621 2592 castitatis
673 2551 862 2603 puritate
923 2549 1144 2597 formetur,
1198 2555 1246 2589 ut
1297 2549 1429 2589 etiam
1484 2547 1671 2588 naturali

210 2633 332 2667 motu
375 2626 513 2666 carnis
551 2630 761 2673 emortuo,
794 2624 1052 2664 obscoenum
1090 2623 1211 2662 illum
1246 2623 1460 2674 liquorem
1492 2622 1673 2661 omnino

209 2714 297 2741 non
326 2698 574 2754 proferat.'’1

296 2775 606 2815 Bonaventura
637 2773 692 2813 de
728 2774 933 2812 Processu
967 2771 1198 2823 religionis,
1233 2777 1319 2810 tres
1357 2769 1489 2810 etiam
1523 2769 1675 2809 statuit

790 2862 800 2879 1
829 2862 914 2893 Con.
941 2869 986 2893 12.
1009 2871 1035 2892 c.
1058 2868 1086 2900 7.
