1903 3197
281 175 373 230 362
606 171 686 216 De
717 171 907 217 ratione
940 170 1134 216 vivendi
1166 169 1426 216 Socz'etalz'S.

279 303 460 344 vitanda
494 309 570 352 est,
607 317 706 355 quae
745 302 910 343 malum
949 316 1079 343 omne
1117 301 1284 342 suadet.
1349 301 1437 340 Hic
1472 306 1620 340 autem
1655 311 1742 339 non

280 377 336 418 de
357 377 592 417 solitudine
622 377 937 417 monachorum
965 377 1194 429 loquimur,
1218 376 1261 415 in
1285 389 1371 428 qua
1394 375 1500 415 dicit
1524 374 1746 415 Climacus

278 450 417 492 solere
455 451 623 504 aliquos
660 451 906 505 oppugnari
937 451 1270 498 vehementius;
1313 449 1389 489 sed
1427 448 1482 488 de
1513 462 1575 496 ea,
1611 445 1756 500 quam⁴

281 526 324 565 in
363 525 519 565 mediis
561 525 694 565 etiam
736 524 988 564 hominibus
1031 537 1149 577 saepe
1192 522 1492 571 nanciscimur,
1530 521 1603 561 ubi
1645 533 1744 560 cum

281 598 383 640 solis
412 598 491 639 soli
521 612 755 647 versamur,
781 598 901 638 nullo
930 605 1042 638 teste
1072 597 1323 649 arbitroque
1348 601 1576 649 praesente.
1640 595 1750 634 Ideo

282 673 328 714 B.
363 673 663 726 Hieronymus
700 673 756 713 ad
799 672 1129 725 Nepotianum:
1183 670 1350 712 “Solus
1388 683 1487 710 cum
1529 668 1624 709 sola
1660 681 1748 708 non

282 748 434 788 sedeat
466 748 509 787 in
537 753 715 795 secreto,
739 746 906 798 absque
939 746 1103 785 arbitro
1136 751 1178 785 et
1200 744 1348 785 teste.''
1412 744 1472 784 Et
1505 743 1551 783 B.
1570 742 1750 795 Augus-

281 822 398 862 tinus
431 835 657 874 nunquam
695 820 813 860 solus
850 833 950 859 cum
988 819 1168 859 muliere
1206 819 1325 871 loqui
1357 817 1547 858 voluisse
1581 817 1753 866 dicitur,

284 896 417 936 etiam
440 896 475 935 si
498 895 603 948 quid
627 894 853 934 afferretur
883 893 1039 940 arcani,
1064 893 1139 932 sed
1164 906 1337 946 semper
1358 891 1535 932 fratrem
1557 891 1750 944 aliquem

281 969 349 1010 vel
367 970 570 1010 clericum
590 967 838 1008 adhibebat.
877 966 1008 1019 Quod
1032 967 1175 1018 ipsum
1200 972 1447 1005 nostrorum
1471 965 1748 1005 sacerdotum

283 1043 445 1096 regulae
472 1042 641 1094 jubent,
665 1054 765 1081 cum
796 1040 852 1079 ad
884 1040 1127 1080 audiendas
1160 1038 1421 1079 feminarum
1454 1038 1749 1078 confessiones

283 1117 327 1156 in
380 1129 529 1156 earum
583 1114 788 1155 domibus
841 1113 960 1153 missi
1009 1119 1139 1161 sunt3
1193 1125 1281 1152 non
1329 1111 1445 1151 enim
1491 1112 1753 1165 permittunt

285 1190 492 1230 comitem
527 1189 724 1241 longiore
758 1186 987 1227 intervallo
1022 1186 1196 1235 distare,
1220 1198 1275 1225 ne
1308 1184 1501 1225 solitudo
1534 1190 1609 1225 aut
1642 1184 1754 1238 peri-

285 1263 431 1304 culum
484 1263 642 1303 animae
695 1267 821 1309 creet,
868 1267 944 1300 aut
995 1260 1289 1313 suspicionem
1342 1259 1497 1299 afferat
1548 1259 1751 1307 criminis,

286 1337 539 1390 famamque
576 1339 619 1376 in
657 1336 891 1376 discrimen
929 1335 1131 1374 adducat.
1208 1333 1370 1373 Narrat
1408 1333 1572 1386 quippe
1611 1332 1755 1373 Bona-

286 1417 471 1452 ventura
512 1411 750 1464 quemdam
796 1423 853 1449 ex
901 1408 1118 1456 fratribus,
1163 1407 1345 1447 missum
1387 1406 1442 1446 ad
1486 1406 1752 1446 audiendam

289 1486 481 1526 mulieris
518 1484 849 1532 confessionem,
880 1489 1081 1535 rogatum
1120 1481 1177 1521 ab
1215 1494 1265 1521 ea
1303 1494 1397 1520 esse
1438 1494 1529 1520 rem
1567 1486 1773 1533 turpem,-

288 1559 513 1612 dabatque
553 1558 667 1598 hanc
709 1557 791 1597 illis
833 1556 1025 1596 solitudo
1075 1555 1308 1604 licentiam,
1350 1555 1386 1594 si
1429 1560 1574 1595 castus
1626 1554 1757 1594 frater

291 1633 490 1674 muliebri
523 1632 692 1672 libidini
726 1631 907 1683 obsequi
938 1643 1071 1682 quam
1104 1642 1347 1682 repugnare
1374 1628 1610 1668 maluisset.
1669 1626 1757 1680 Qui

289 1713 440 1748 tamen
471 1707 634 1747 veritus
666 1719 732 1755 ne,
761 1705 867 1744 dum
900 1709 1045 1755 negat,
1073 1702 1146 1742 illa
1178 1702 1391 1742 clamores
1423 1701 1608 1750 tolleret,
1636 1700 1760 1753 flagi-

291 1782 427 1834 tiique
464 1794 572 1829 reus,
608 1794 633 1819 a
670 1792 757 1832 quo
795 1778 926 1831 longe
963 1778 1126 1825 aberat,
1163 1781 1402 1830 putaretur,
1439 1775 1588 1815 divino
1624 1789 1762 1829 prope

291 1855 472 1896 consilio
495 1853 748 1894 admonitus
772 1852 886 1892 elata
909 1851 1001 1904 ipse
1017 1864 1123 1890 voce
1148 1851 1315 1890 socium
1334 1849 1759 1902 advocat‚jubetque

293 1929 375 1969 sibi
400 1928 670 1969 Breviarium
694 1927 836 1967 afferri
855 1939 863 1975 3
894 1926 968 1978 qui
991 1938 1090 1965 cum
1115 1925 1381 1973 accurrisset,
1397 1924 1534 1964 fracta
1557 1930 1623 1964 est
1646 1923 1761 1963 illico

294 2002 486 2044 mulieris
525 2001 811 2055 impudentia,
851 2005 895 2039 et
932 2013 1046 2039 novo
1085 1999 1178 2051 ejus
1221 2012 1288 2038 ars
1325 1998 1446 2038 elusa
1483 1997 1675 2047 consilio,
1714 2002 1762 2037 ut

293 2077 618 2118 obmutesceret
649 2075 805 2115 rubore
836 2073 1021 2127 perfusa.
1084 2072 1317 2125 Temporis
1344 2085 1521 2124 quoque
1553 2077 1762 2124 opportu-

293 2151 407 2190 nitas
442 2150 638 2190 maxime
659 2148 840 2189 vitanda
872 2153 948 2195 est,
972 2160 1073 2186 nam
1105 2153 1153 2186 ut
1185 2146 1244 2186 ait
1269 2145 1499 2192 Climacus,
1525 2144 1675 2184 Gradu
1706 2144 1762 2183 de

295 2223 456 2277 Quiete
475 2238 483 2264 :
512 2225 550 2264 E
573 2222 850 2263 daemonibus
870 2221 940 2260 alii
963 2220 1059 2260 aliis
1081 2220 1198 2260 horis
1220 2219 1582 2272 temporibusque
1606 2216 1763 2257 moles-

294 2297 426 2338 tiores
456 2297 583 2337 nobis
612 2301 724 2344 sunt,
749 2295 993 2348 praesertim
1023 2308 1127 2334 vero
1157 2294 1316 2346 quietis
1345 2298 1521 2345 tempus
1551 2296 1594 2330 et
1621 2291 1763 2330 noctis

295 2376 545 2424 expectant.
611 2370 780 2409 Idcirco
814 2381 913 2408 cum
949 2369 992 2407 in
1028 2367 1187 2407 lectulo
1222 2366 1539 2413 decumbimus,
1564 2370 1612 2404 ut
1644 2364 1762 2404 idem

295 2445 359 2486 vir
400 2450 577 2484 sanctus
614 2444 685 2491 ait,
714 2449 808 2482 tum
852 2441 1048 2481 maxime
1090 2440 1220 2481 sobrii
1263 2445 1307 2479 et
1339 2439 1572 2492 vigilantes
1615 2438 1762 2486 simus,

296 2525 401 2560 tunc
434 2518 548 2558 enim
582 2530 705 2557 mens
738 2523 874 2556 exuta
906 2528 1087 2568 corpore
1119 2528 1218 2554 cum
1252 2513 1528 2554 daemonibus
1561 2511 1763 2559 luctatur,

298 2599 352 2641 et,
371 2593 406 2632 si
430 2592 676 2631 inveniatur
693 2590 870 2630 addicta
886 2589 1198 2642 voluptatibus,
1219 2589 1261 2627 in
1279 2587 1575 2640 proditionem
1595 2585 1764 2625 labitur.

299 2667 517 2707 Memoria
550 2666 702 2705 mortis
733 2670 879 2704 tecum
912 2676 1085 2716 semper
1121 2663 1330 2715 quiescat,
1366 2668 1600 2712 tecumque
1637 2657 1766 2698 simul

300 2740 488 2793 evigilet,
523 2739 704 2792 solaque
741 2751 913 2791 semper
950 2737 1211 2776 ruminanda
1248 2735 1387 2775 oratio
1421 2734 1556 2786 Jesu;
1600 2731 1767 2772 nullum

301 2815 418 2856 enim
442 2813 708 2866 adjutorium
736 2812 778 2851 in
800 2824 955 2851 somno
985 2810 1052 2850 his
1082 2810 1362 2864 praestantius
1391 2814 1525 2860 atque
1552 2806 1770 2846 efficacius

297 2888 503 2928 invenies
