1903 3197
406 162 484 207 De
515 161 672 206 nimia
707 160 918 222 corporis
952 159 1283 206 sollicitudine.
1483 174 1548 218 40
1554 174 1579 219 3

117 295 296 343 laborat,
320 295 532 334 rationem
557 293 690 332 etiam
716 290 878 331 habere
909 291 1021 331 solet
1050 297 1145 331 tum
1169 291 1251 331 loci
1275 291 1347 331 ubi
1370 296 1577 340 versatur,

116 374 211 408 tum
263 369 368 409 artis
408 381 541 421 quam
584 371 769 406 exercet.
853 364 923 403 De
966 363 1148 417 singulis
1200 365 1333 417 igitur
1383 365 1580 405 dicemus

119 442 295 495 aliquid.

206 517 259 556 In
295 517 411 556 victu
444 512 691 554 sollicitudo
722 516 930 559 versatur,
968 523 1067 549 cum
1104 516 1178 549 aut
1212 511 1470 562 quantitate,
1504 516 1582 551 aut

117 589 339 641 qualitate,
372 594 448 628 aut
485 591 697 639 apparatu
735 584 925 633 meliora,
949 596 1083 635 quam
1120 583 1326 635 apposita
1363 589 1475 631 sunt,
1503 598 1582 623 ex-

118 669 334 716 petuntur.
400 663 451 701 In
478 661 725 713 quantitate
752 658 943 710 quidem,
972 670 1071 696 cum
1111 657 1407 696 necesssitatis
1437 657 1581 709 specie

117 738 215 790 plus
257 737 464 789 quaeritur
497 747 630 786 quam
669 733 830 772 usitata
872 730 1209 781 communisque
1251 743 1456 769 mensura
1505 744 1581 782 pa-

115 812 259 851 tiatur.
319 811 485 850 Verum
512 814 577 848 est
609 807 722 847 enim
760 805 879 858 quod
913 818 939 844 a
972 804 1211 845 Salomone
1243 804 1454 855 scriptum
1490 810 1580 844 est:

117 884 306 936 “Justus
340 883 545 931 comedit,
582 887 625 921 et
661 879 800 933 replet
841 879 1035 918 animam
1078 891 1214 926 suam,
1249 883 1402 916 venter
1434 882 1582 917 autem

117 959 350 1010 impiorum
375 954 667 996 insaturabilis
686 952 748 1003 ;'’1
776 966 935 1004 nempe
959 952 1061 1004 quia
1091 951 1161 990 ille
1191 964 1325 1002 parvo
1349 955 1582 991 contentus

117 1037 195 1079 est,
218 1031 262 1071 hi
285 1043 511 1082 nunquam
534 1033 853 1068 exsaturantur.
919 1026 970 1065 In
996 1025 1218 1066 Societate
1241 1030 1399 1074 autem,
1424 1030 1472 1065 ut
1494 1024 1582 1065 fere

117 1107 161 1145 in
202 1105 353 1158 quavis
395 1103 597 1155 religiosa
628 1100 870 1152 disciplina,
910 1098 1020 1139 “Sic
1065 1099 1177 1137 intra
1219 1111 1423 1150 congruae
1466 1099 1582 1138 suffi-

117 1179 287 1219 cientiae
339 1177 549 1217 terminos
595 1180 639 1214 et
689 1172 904 1227 generalis
960 1172 1243 1212 continentia:
1296 1171 1490 1220 limites,”
1535 1177 1584 1212 ut

118 1252 328 1293 Bernardi
369 1251 511 1290 verbis
553 1255 661 1297 utar,
696 1247 1057 1298 “circumscripta
1099 1251 1201 1285 sunt
1242 1246 1390 1285 omnia
1434 1259 1582 1286 neces-

116 1327 239 1373 saria,
264 1331 311 1364 ut
342 1324 398 1364 sit
427 1322 546 1375 quod
579 1321 712 1361 fortes
743 1320 933 1373 cupiant,
961 1326 1004 1359 et
1037 1319 1195 1358 infirmi
1229 1333 1316 1359 non
1349 1319 1579 1371 refugiant.

116 1400 210 1439 Nec
233 1398 412 1438 ulterius
434 1396 657 1449 quantitas
681 1407 987 1434 concessorum
1021 1393 1180 1432 laedere
1202 1394 1342 1445 possit
1364 1394 1407 1432 in
1431 1393 1579 1445 aliquo

118 1473 333 1513 utentium
375 1483 474 1510 cum
516 1468 755 1521 gratiarum
798 1458 989 1506 actione'
1012 1466 1337 1514 conscientiam,
1370 1479 1451 1505 nec
1483 1480 1582 1518 quae

117 1553 218 1586 sunt
254 1549 494 1598 amputata,
517 1548 688 1582 tentare
726 1540 917 1580 debeant
949 1540 1226 1591 aliquatenus
1264 1540 1306 1578 in
1339 1554 1464 1580 servo
1498 1540 1582 1580 Dei

116 1620 308 1673 corporis
335 1619 446 1658 bene
477 1615 728 1668 morigerati
761 1620 804 1653 et
834 1619 950 1653 recte
980 1614 1153 1653 educati
1184 1612 1552 1654 sufficientiam.”2

203 1694 256 1732 In
298 1691 510 1744 qualitate
550 1703 664 1737 vero,
707 1701 806 1728 cum
859 1687 1057 1726 ciborum
1109 1700 1248 1738 genus
1299 1687 1478 1739 aliquod
1532 1693 1581 1727 ut

117 1767 301 1807 noxium
351 1763 593 1805 valetudini
646 1768 689 1802 et
740 1760 958 1800 insalubre
1010 1760 1237 1812 respuitur,
1290 1773 1378 1811 quo
1430 1766 1579 1800 tamen

117 1840 261 1881 caeteri
303 1839 346 1878 in
388 1849 621 1877 commune
661 1840 905 1881 vescuntur,
946 1833 1093 1873 videre
1141 1834 1305 1886 quippe
1356 1833 1466 1882 licet,
1505 1834 1581 1885 qui

116 1916 229 1954 circa
260 1925 417 1964 corpus
448 1923 575 1950 suum
608 1908 738 1948 nimis
767 1907 887 1947 anxii
915 1906 1176 1958 sollicitique
1202 1911 1314 1955 sunt,
1338 1919 1412 1945 eos
1445 1906 1579 1946 modo

114 1988 239 2035 hunc,
273 1985 406 2026 modo
448 1984 570 2023 illum
602 1982 807 2022 morbum
850 1994 907 2020 ex
951 1979 1057 2020 cibis
1094 1980 1346 2032 vulgaribus
1384 1980 1580 2028 causari;

116 2075 225 2114 quos
242 2058 436 2112 appellat
455 2057 703 2097 Bernardus
721 2056 764 2094 in
784 2053 978 2094 Canticis
993 2053 1221 2093 “ciborum
1240 2053 1579 2101 observatores,”

114 2137 157 2174 in
180 2134 222 2173 id
247 2131 449 2172 Matthaei
468 2144 475 2170 :
512 2132 532 2150 “
548 2129 635 2182 Qui
657 2128 843 2169 voluerit
864 2128 1059 2167 animam
1083 2140 1208 2166 suam
1232 2126 1398 2166 salvam
1421 2126 1575 2174 facere,

116 2209 269 2262 perdet
310 2203 473 2247 eam.''3
535 2203 625 2244 Ubi
667 2202 766 2242 ille:
800 2200 956 2253 “Quid
990 2199 1060 2240 hic
1092 2213 1170 2240 vos
1212 2200 1391 2249 dicitis‚''
1425 2201 1578 2253 inquit,

113 2283 449 2323 “observatores
492 2278 700 2325 ciborum,
740 2288 913 2315 morum
956 2273 1238 2326 neglectores,
1280 2274 1580 2327 Hippocrates

114 2362 158 2397 et
203 2367 410 2407 sequaces
462 2352 554 2404 ejus
607 2351 768 2390 docent
809 2348 979 2389 animas
1021 2347 1164 2387 salvas
1205 2347 1347 2387 facere
1399 2348 1442 2387 in
1493 2346 1579 2388 hoc

112 2428 288 2477 mundo,
333 2424 532 2468 Christus
575 2431 619 2465 et
666 2424 760 2476 ejus
811 2422 1013 2475 discipuli
1065 2422 1259 2475 perdere.
1323 2421 1575 2474 Quemnam

114 2516 191 2543 vos
223 2516 247 2542 e
277 2501 449 2543 duobus
485 2499 608 2551 sequi
645 2497 905 2550 magistrum
943 2496 1134 2549 eligitis?
1195 2495 1261 2536 At
1293 2495 1577 2536 manifestum

116 2591 160 2616 se
197 2576 310 2624 facit,
333 2574 406 2626 qui
438 2574 498 2613 sic
531 2573 738 2625 disputat.
804 2570 905 2610 Hoc
932 2569 1080 2618 oculis,
1103 2569 1185 2609 hoc
1215 2569 1360 2622 capiti,
1393 2574 1437 2609 et
1468 2568 1578 2609 illud

116 2649 280 2702 pectori
316 2647 384 2687 vel
424 2645 653 2686 stomacho
695 2650 834 2694 nocet,
878 2643 1074 2697 profecto
1111 2643 1423 2695 unusquisque,
1456 2642 1576 2694 quod

117 2738 143 2763 a
165 2737 243 2762 suo
277 2722 486 2773 magistro
520 2719 693 2768 dedicit,
716 2718 799 2758 hoc
833 2719 876 2757 in
912 2718 1107 2758 medium
1141 2717 1316 2770 profert.
1380 2717 1499 2756 Num
1534 2716 1578 2755 in

119 2795 360 2848 Evangelio
402 2794 567 2847 legistis
607 2792 687 2833 has
729 2792 1010 2842 differentias,
1043 2797 1120 2832 aut
1157 2792 1200 2831 in
1239 2790 1479 2843 Prophetis,
1502 2794 1580 2830 aut

173 2885 184 2904 ¹
210 2887 303 2918 Prov.
330 2894 376 2925 13.
484 2884 497 2904 2
521 2885 576 2916 Ad
600 2885 688 2917 Frat.
709 2884 750 2917 de
775 2885 882 2916 Mont.
905 2884 979 2916 Dei.
1000 2884 1020 2916 l.
1047 2892 1072 2915 1.
1094 2893 1120 2914 c.
1144 2888 1171 2921 7.
1280 2880 1294 2901 3
1318 2880 1438 2912 Matth.
1457 2879 1505 2912 16.

285 2947 351 2979 ΑΛ
384 2949 407 2977 2
