1903 3197
292 175 390 231 446
618 171 697 216 De
729 168 919 216 ratione
952 169 1145 216 vivendi
1176 168 1440 216 societatis.

291 310 366 344 est.
435 303 500 344 At
532 317 612 343 nec
649 304 692 343 in
729 302 1020 344 collocutione
1056 302 1257 343 familiari
1295 315 1439 354 neque
1477 301 1520 341 in
1558 301 1760 343 convivio

289 378 378 419 tale
399 377 566 430 aliquid
589 377 706 417 cerni
732 382 880 431 potest
897 391 907 428 3
939 377 1021 417 nisi
1051 377 1162 417 forte
1184 375 1411 416 altercatio
1433 374 1582 427 aliqua
1602 389 1758 429 parum

293 458 542 505 opportuna
579 451 792 504 religiosae
830 451 964 504 quieti
1006 451 1263 491 suboriatur.
1329 455 1383 500 50.
1419 448 1538 502 Quia
1569 449 1612 489 in
1645 449 1761 490 ludis

290 539 383 566 sors
419 526 514 578 ipsa
546 525 747 575 delectat,
775 539 874 578 quae
903 525 1130 565 victoriam
1168 523 1273 564 facit
1309 523 1611 576 inopinatam:
1653 535 1756 563 narn

289 600 363 652 qui
385 599 524 640 victor
551 599 644 651 jam
673 612 810 652 prope
839 599 1108 648 discesserat,
1132 603 1311 651 repente
1339 601 1614 637 commutata
1641 602 1758 637 sorte

289 674 429 713 victus
459 673 735 726 agnoscitur:
767 679 810 713 et
832 673 905 725 qui
928 673 1067 712 victus
1091 671 1184 724 jam
1215 685 1351 724 prope
1381 684 1538 711 manus
1562 670 1758 720 dederat,

290 761 498 788 conversa
535 753 714 799 repente
755 746 940 795 fortuna,
973 746 1112 786 victor
1148 745 1304 786 evadit.
1383 744 1456 784 Ex
1494 758 1583 797 quo
1621 743 1757 784 oritur

288 821 553 861 incredibilis
595 820 800 873 quaedam
837 819 1040 872 voluptas
1091 825 1271 872 propter
1312 820 1459 859 exitus
1502 818 1753 871 inopinatos

286 894 696 946 vicissitudinesque
727 893 976 933 contrarias.

375 968 457 1007 Est
498 967 630 1020 igitur
679 966 858 1006 ludendi
911 966 1125 1006 relaxatio
1167 971 1262 1005 tum
1305 965 1614 1014 delectabilior,
1656 971 1751 1005 tum

287 1041 440 1082 melior
472 1055 534 1090 ea,
558 1054 656 1093 quae
688 1055 766 1094 per
797 1040 1136 1081 collocutionem
1168 1045 1368 1079 mutuam
1391 1038 1460 1079 vel
1491 1052 1571 1092 per
1602 1038 1755 1091 epulas

285 1114 545 1165 adhibetur3
578 1121 626 1155 ut
658 1115 816 1154 mirum
844 1114 937 1167 jam
963 1114 1100 1154 videri
1132 1127 1220 1154 non
1253 1113 1424 1162 debeat,
1447 1114 1483 1153 si
1517 1113 1610 1153 dies
1642 1127 1754 1153 unus

285 1188 571 1229 relaxationis
622 1188 875 1241 hujusmodi
926 1188 1025 1241 plus
1071 1187 1292 1241 juventuti
1343 1188 1400 1228 ad
1451 1187 1752 1227 valetudinem

282 1263 433 1316 prosit,
456 1276 589 1315 quam
613 1262 864 1315 quindecim
888 1262 1088 1313 usitatae;
1121 1262 1428 1315 sapienterque
1457 1276 1483 1302 a
1515 1260 1754 1313 majoribus

282 1337 483 1377 videatur
505 1337 599 1377 dies
621 1336 779 1390 aliquis
801 1338 914 1377 inter
934 1336 1262 1377 hebdomadam
1286 1337 1422 1389 quieti
1445 1335 1752 1388 hujuscemodi

283 1411 540 1462 dedicatus3
574 1411 616 1450 in
649 1425 737 1464 qua
774 1417 818 1451 et
850 1411 1071 1463 juventus,
1101 1417 1146 1451 et
1174 1411 1247 1463 qui
1283 1410 1556 1464 gravioribus
1593 1409 1753 1449 mentis

284 1485 676 1526 exercitationibus
717 1499 896 1538 operam
936 1485 1055 1534 dant,
1084 1490 1244 1538 praeter
1284 1484 1499 1524 laxiorem
1542 1483 1752 1536 loquendi

283 1560 517 1609 licentiam,
556 1560 890 1612 uberioremque
937 1559 1198 1612 pastionem,
1237 1558 1440 1599 ludorum
1483 1559 1616 1598 etiam
1659 1571 1754 1598 sese

279 1635 558 1687 jucunditate
590 1634 797 1674 reficiant.

369 1708 523 1760 Atque
558 1707 654 1747 haec
691 1707 748 1748 de
782 1713 938 1760 quarto
977 1705 1324 1759 interrumpendi
1361 1705 1497 1746 modo
1532 1705 1753 1758 graviores

283 1782 442 1823 mentis
466 1782 817 1822 exercitationes
871 1779 1073 1833 Adjungi
1097 1780 1277 1820 forsitan
1301 1785 1344 1820 et
1366 1780 1544 1832 quintus
1565 1785 1751 1833 poterat,

282 1857 354 1909 qui
400 1856 442 1896 in
487 1856 642 1895 iisdem
688 1852 1092 1895 Constitutionum1
1124 1854 1241 1903 locis,
1280 1867 1518 1906 earumque
1560 1852 1752 1894 declara-

280 1930 473 1971 tionibus
516 1929 795 1982 significatur,
844 1942 944 1969 cum
987 1928 1223 1981 quotannis
1266 1928 1322 1968 ad
1365 1941 1539 1968 menses
1580 1927 1750 1981 aliquot

282 2005 632 2044 intermittuntur
666 2003 812 2044 studia
849 2003 1102 2043 litterarum.
1167 2001 1257 2043 Sed
1290 2002 1497 2054 quoniam
1532 2001 1628 2041 haec
1661 2014 1749 2042 non

280 2085 372 2119 tam
426 2077 687 2131 interruptio
731 2090 865 2130 quam
918 2076 1182 2117 intermissio
1234 2075 1438 2129 quaedam
1489 2075 1749 2127 vacatioque

279 2152 499 2192 censenda
534 2157 626 2200 est;
669 2164 750 2191 nec
783 2156 875 2191 tam
910 2150 1157 2190 communis
1192 2155 1257 2189 est
1291 2162 1390 2189 cum
1425 2148 1640 2197 omnibus,
1673 2148 1746 2201 qui

278 2226 320 2265 in
353 2239 634 2278 quocumque
667 2225 825 2264 mentis
857 2224 1004 2264 studio
1036 2230 1272 2272 versantur,
1298 2236 1432 2276 quam
1464 2235 1614 2263 eorum
1646 2236 1748 2275 pro-

277 2299 382 2353 pria,
422 2299 496 2352 qui
539 2300 582 2339 in
634 2298 789 2338 litteris
840 2311 934 2338 sese
981 2303 1216 2347 exercent;
1269 2297 1429 2338 idcirco
1471 2310 1523 2336 ea
1564 2309 1681 2337 nunc
1721 2310 1748 2336 a

276 2373 403 2414 nobis
435 2372 638 2413 consulto
669 2372 1027 2425 praetermittitur.

361 2446 516 2500 Atque
553 2446 649 2486 haec
683 2446 738 2486 de
777 2445 969 2486 secundo
1000 2444 1265 2485 valetudinis
1299 2445 1476 2485 tuendae
1513 2443 1747 2497 praesidio:

275 2521 511 2562 dicendum
547 2534 662 2560 nunc
694 2520 749 2560 de
781 2520 920 2560 tertio.

819 2624 830 2644 ¹
857 2627 891 2658 P.
912 2635 944 2666 4.
965 2637 990 2658 c.
1017 2634 1063 2666 13.
1085 2626 1131 2658 lit.
1154 2627 1190 2657 F.
