1903 3197
146 681 674 738 OPUSCULUM
749 648 1610 747 DECIMUMQUARTUM.

475 823 541 863 IN
587 821 890 863 REGULAS
936 820 1297 862 MODESTIAE.

146 951 423 991 MODESTIAE
457 947 652 1002 Regulas
675 948 828 1000 quanti
851 946 1002 987 fecerit
1023 945 1196 986 Auctor
1218 950 1366 986 noster
1388 951 1431 986 et
1455 945 1617 985 Parens

147 1025 359 1079 Ignatius,
394 1024 581 1077 ipsemet
612 1023 737 1062 testis
770 1021 862 1070 fuit,
897 1034 1008 1071 cum,
1042 1027 1089 1061 ut
1122 1021 1165 1060 in
1199 1020 1292 1072 ejus
1324 1020 1415 1060 vita
1447 1019 1617 1072 legitur,

145 1098 392 1149 affirmavit,
416 1111 462 1138 se
491 1098 534 1137 in
564 1097 614 1136 iis
643 1095 884 1136 condendis
914 1108 1032 1147 saepe
1061 1095 1117 1134 ad
1142 1095 1288 1134 Deum
1312 1107 1474 1147 preces,
1499 1107 1617 1146 saepe

146 1174 280 1214 etiam
311 1173 475 1213 fudisse
503 1171 715 1212 lacrimas.
780 1169 959 1210 Sciebat
989 1169 1104 1208 enim
1136 1183 1193 1209 ex
1223 1168 1402 1208 homine
1432 1174 1617 1208 externo

141 1248 200 1288 -de
242 1247 446 1288 interiore
488 1244 786 1298 conjecturam
829 1243 919 1283 fieri
964 1242 1128 1293 solere3
1176 1248 1220 1283 et
1261 1243 1317 1282 ad
1360 1242 1616 1295 exemplum

145 1321 400 1373 famamque
429 1319 662 1373 probitatis
691 1319 900 1358 interesse
928 1317 1169 1370 permagni,
1201 1317 1262 1356 ita
1292 1316 1394 1356 foris
1423 1330 1469 1356 se
1499 1329 1618 1355 com-

145 1408 319 1448 ponere,
360 1400 408 1434 ut
450 1394 556 1434 nihil
600 1393 642 1432 in
686 1393 805 1433 omni
849 1397 971 1431 motu
1015 1397 1148 1443 atque
1186 1396 1311 1443 gestu
1347 1390 1443 1442 jure
1480 1391 1620 1443 possit

143 1469 451 1517 animadverti,
490 1468 610 1520 quod
648 1466 909 1519 cujusquam
947 1464 1146 1505 offendat
1182 1470 1421 1517 aspectum.
1485 1463 1618 1516 Quod

146 1543 307 1583 idcirco
337 1542 509 1595 praefari
532 1541 661 1589 volui,
686 1554 739 1580 ne
770 1540 866 1592 quis
897 1540 1008 1579 forte
1038 1540 1228 1588 miretur,
1252 1538 1286 1578 si
1317 1538 1371 1578 de
1403 1537 1620 1577 modestia

146 1625 361 1670 tanquam
400 1617 455 1657 de
492 1630 537 1656 re
574 1629 661 1655 non
701 1615 960 1667 gravissima
994 1614 1341 1666 disputationem
1380 1612 1619 1653 instituisse

147 1692 323 1732 videar:
356 1704 519 1743 easque
554 1690 673 1742 leges
708 1703 807 1741 quae
842 1702 919 1741 per
952 1702 998 1727 se
1032 1687 1175 1740 planae
1210 1692 1322 1736 sunt,
1352 1685 1619 1738 susceperIm

143 1765 467 1819 explanandas.
542 1764 739 1804 Traditae
777 1763 940 1815 quippe
978 1767 1078 1801 sunt
1116 1762 1171 1801 ab
1209 1762 1304 1813 ipso
1341 1760 1538 1800 Auctore
1575 1764 1620 1799 et

147 1839 403 1880 Fundatore
441 1844 622 1888 nostro,
669 1843 717 1876 ut
753 1836 836 1876 hoc
880 1836 1004 1875 nobis
1047 1835 1151 1875 satis
1194 1848 1287 1874 esse
1324 1834 1525 1874 videatur
1560 1834 1617 1873 ad

146 1915 416 1962 testandum,
462 1926 565 1960 rem,
609 1912 665 1951 de
706 1924 795 1962 qua
835 1911 1018 1962 agimus,
1063 1909 1211 1961 magni
1255 1921 1349 1948 esse
1391 1907 1618 1957 momenti,

146 2002 413 2042 magnaeque
466 1986 679 2036 utilitatis,
724 1991 767 2025 et
808 1984 989 2036 dignam
1043 1984 1232 2035 denique
1283 1996 1381 2034 quae
1424 1996 1450 2022 a
1491 1981 1618 2022 nobis

147 2068 348 2104 accurate
381 2066 617 2102 tractetur:
649 2065 847 2100 veterum
874 2058 1117 2111 praesertim
1153 2057 1195 2098 S.
1221 2057 1400 2097 Patrum
1433 2057 1620 2096 auctori-

146 2144 239 2178 tate
271 2137 398 2186 nixis,
434 2136 508 2188 qui
547 2136 590 2174 in
622 2134 689 2174 his
721 2133 951 2173 modestiae
983 2132 1216 2185 praeceptis
1247 2131 1315 2171 vel
1348 2131 1404 2171 ad
1438 2131 1621 2171 minima

140 2225 335 2265 quaeque
372 2210 658 2258 descendunt,
698 2215 747 2249 ut
782 2207 944 2261 legenti
982 2207 1163 2259 planum
1201 2205 1287 2246 fiet.
1371 2206 1459 2247 Sed
1498 2211 1620 2246 ante-

141 2300 281 2339 quam
314 2286 370 2326 ad
393 2285 512 2338 leges
546 2285 663 2337 ipsas
696 2281 1003 2336 explanandas
1034 2281 1354 2334 aggrediamur,
1378 2280 1462 2319 tria
1493 2279 1620 2320 nobis

145 2361 339 2401 videnda
367 2366 478 2400 sunt.
542 2359 768 2398 Primum:
801 2356 921 2410 Quid
945 2355 1001 2396 sit
1028 2354 1261 2395 Modestia.
1317 2360 1375 2393 2¹n
1406 2354 1496 2396 Cur
1517 2353 1620 2394 scri-

145 2435 307 2475 bantur
328 2435 383 2474 de
407 2433 628 2478 Modestia
651 2432 848 2485 Regulae.
913 2437 970 2482 3Ῑῃ
995 2431 1064 2470 De
1087 2430 1245 2483 quibus
1268 2429 1397 2470 rebus
1419 2428 1488 2469 hae
1511 2430 1618 2482 ipsae

149 2509 336 2562 Regulae
366 2508 621 2561 singillatim
652 2513 797 2560 agant,
821 2512 864 2546 et
887 2506 942 2546 ad
967 2518 1099 2557 quem
1122 2505 1320 2545 ordinem
1343 2505 1492 2545 omnia
1518 2517 1617 2556 quae

140 2582 410 2635 praecipiunt
430 2581 621 2622 revocari
642 2581 823 2635 possint.

623 2729 747 2769 QUID
781 2730 856 2760 SIT
890 2728 1147 2760 MODESTIA.

239 2811 473 2852 Modestiae
502 2824 665 2851 nomen
688 2825 714 2851 a
736 2811 870 2851 modo
899 2811 1066 2851 dictum
1089 2823 1184 2850 esse
1206 2822 1337 2849 nemo
1360 2821 1448 2849 non
1470 2808 1590 2850 videt
1608 2823 1618 2860 ;

142 2886 270 2939 quod
294 2885 337 2926 in
359 2884 564 2928 omnibus
586 2885 803 2926 tenendus
826 2885 881 2926 sit
903 2884 1071 2925 modus.
1118 2884 1354 2937 Propterea
1375 2882 1618 2924 Anselmus
