1903 3197
645 201 724 247 De
761 200 805 246 C
801 201 1005 247 aslz'late.
1459 213 1518 257 34
1530 213 1546 243 1

88 334 320 390 pluribus‚”
343 348 452 375 mox
481 334 541 374 ita
567 332 779 385 subjecit:
814 331 984 383 “Quod
1008 331 1042 370 si
1070 344 1219 371 eorum
1243 336 1287 370 te
1317 329 1556 370 multitudo

87 410 338 457 turbaverit,
371 415 414 449 et
445 407 608 448 dixerit
639 406 718 446 tibi
756 405 966 458 cogitatio
1004 410 1107 445 tua:
1158 404 1275 456 Quid
1311 403 1556 444 faciemus?

90 483 395 536 Respondebit
417 482 496 522 tibi
521 480 692 520 Eliseus
713 493 721 519 :
756 482 776 499 “
796 478 898 518 Noli
922 479 1086 527 timere,
1110 478 1213 530 quia
1236 477 1381 529 plures
1410 477 1556 517 nobis-

90 570 190 598 cum
208 564 328 607 sunt3
356 569 488 608 quam
507 568 605 596 cum
629 552 770 594 illis.'’1
805 552 956 593 Sancti
980 553 1113 592 etiam
1131 557 1299 591 tutores
1318 557 1360 590 et
1384 551 1556 603 patroni

91 644 300 684 magnum
324 630 448 670 nobis
479 629 521 668 in
548 627 858 668 colluctatione
887 626 1027 666 carnis
1059 631 1103 665 et
1134 625 1310 677 spiritus
1339 624 1554 663 auxilium

89 705 298 758 praebent.
362 703 499 755 Cujus
530 702 590 741 rei
623 700 890 754 exemplum,
920 705 967 739 ut
999 705 1157 739 caetera
1189 698 1407 745 sileantur,
1435 697 1555 750 legas

88 779 190 819 licet
221 778 337 831 apud
372 774 617 829 Cyrillum,‘2
653 776 726 827 qui
770 773 1047 822 monachum,
1092 774 1157 813 sui
1202 772 1554 825 praestudiosum,

88 853 302 892 incestum
346 851 633 891 meditantem
676 863 794 902 saepe
841 848 1074 901 prohibuit,
1118 847 1319 898 foresque
1365 845 1555 885 coenobii

88 940 168 966 nec
203 925 405 973 invenire,
443 938 522 964 nec
556 924 722 976 aperire
757 929 804 962 ut
843 922 897 962 ad
933 922 1148 974 flagitium
1179 920 1459 973 egrederetur
1485 924 1557 963 ,est

89 1014 270 1054 passus3
335 1013 386 1039 ea
438 1004 612 1038 tantum
671 997 726 1036 de
785 1010 926 1043 causa,
981 995 1099 1048 quod
1158 995 1376 1047 proxima}
1430 993 1555 1033 Beati

90 1074 271 1127 imagini
303 1079 434 1126 caput
466 1078 542 1112 aut
574 1072 774 1120 cervices,
807 1077 855 1110 ut
887 1070 1000 1109 illius
1032 1069 1253 1121 religionis
1287 1082 1382 1108 mos
1416 1067 1554 1116 fuerit,

91 1147 351 1188 inclinasset.

149 1222 311 1270 Tertio,
346 1220 528 1260 refertur
564 1219 697 1258 etiam
736 1218 790 1258 ad
829 1218 1072 1257 orationem
1112 1216 1342 1255 meditatio
1384 1216 1554 1268 piarum

91 1309 245 1343 rerum,
275 1294 432 1346 quibus
463 1307 585 1332 mens
622 1298 769 1332 nostra
803 1298 944 1344 capta,
974 1305 1131 1343 pravas
1160 1291 1324 1330 scilicet
1356 1289 1557 1342 cogitati-

90 1382 195 1409 ones
217 1368 378 1420 abjicit.
434 1367 540 1406 Ideo
569 1367 768 1419 praecipit
792 1366 1030 1406 Cassianus
1054 1371 1100 1404 ut
1131 1365 1392 1417 incipiamus
1419 1364 1558 1403 bonas

90 1443 378 1496 cogitationes
421 1442 622 1493 deligere,
658 1447 700 1480 et
742 1440 891 1480 statim
934 1440 990 1479 ab
1032 1439 1093 1486 iis,
1130 1453 1228 1491 quse
1272 1438 1399 1477 mala:
1443 1444 1556 1485 sunt,

90 1517 344 1571 dignabitur
376 1516 595 1556 Dominus
627 1515 819 1554 liberare.

179 1593 299 1632 Inter
320 1591 414 1644 pias
438 1597 585 1630 antem
610 1589 918 1629 meditationes
941 1587 1318 1640 cogitationesque
1348 1599 1557 1638 magnam

89 1667 179 1708 vim
220 1665 365 1714 habet,
404 1672 537 1717 atque
577 1664 695 1703 haud
734 1664 823 1703 scio
860 1676 926 1711 an,
966 1662 1020 1702 ad
1065 1661 1107 1701 id
1151 1661 1269 1714 quod
1308 1661 1555 1713 quaerimus,

92 1741 287 1781 omnium
325 1740 551 1792 optimam,
590 1737 820 1777 meditatio
864 1737 981 1776 necis
1016 1735 1176 1776 Christi
1217 1735 1399 1787 ejusque
1436 1747 1559 1774 sanc-

89 1816 271 1856 tissimae
296 1814 524 1853 Passionis.
588 1812 706 1851 Nam
731 1817 778 1850 ut
808 1812 868 1850 ait
892 1810 1049 1850 Glossa
1079 1811 1122 1850 in
1153 1809 1258 1849 illud
1282 1810 1337 1849 ad
1363 1808 1556 1856 Galatas,

91 1888 217 1941 “Qui
248 1895 395 1928 autem
426 1893 527 1926 sunt
558 1886 730 1933 Christi,
754 1899 928 1925 carnem
960 1898 1084 1923 suam
1118 1883 1429 1923 crucifixerunt
1457 1896 1556 1922 cum

90 1963 205 2004 vitiis
237 1968 280 2002 et
312 1960 672 2013 concupiscentiis
695 1972 703 2007 3
723 1958 742 1971 ”
777 1958 937 1998 “Nihil
972 1964 1036 1997 est
1059 1958 1178 2009 quod
1208 1963 1300 1996 tam
1331 1956 1555 1996 diabolum

91 2043 251 2078 terreat
282 2049 415 2088 quam
448 2048 569 2074 arma
599 2033 814 2086 passionis
849 2032 1022 2079 Christi,
1046 2032 1149 2084 quia
1181 2031 1247 2070 his
1279 2032 1420 2070 victus
1454 2029 1555 2070 est.”

94 2110 154 2150 Et
177 2109 390 2163 Origenes
414 2109 456 2148 in
480 2108 522 2147 id
551 2108 605 2147 ad
637 2108 878 2154 Romanos,
915 2110 933 2124 ‘¹
954 2106 1055 2145 Non
1083 2112 1235 2158 regnet
1262 2111 1491 2158 peccatum
1516 2105 1558 2143 in

91 2190 236 2225 vestro
274 2182 447 2222 mortali
483 2181 727 2234 corpore;'’
763 2186 781 2199 ‘⁸
797 2186 922 2220 tanta
955 2179 1055 2228 est,'’
1096 2180 1249 2231 inquit,
1290 2180 1387 2218 “vis
1420 2179 1557 2218 crucis

93 2257 266 2308 Christi,
301 2264 349 2298 ut
387 2258 420 2296 si
458 2263 560 2296 ante
598 2255 746 2296 oculos
788 2260 986 2308 ponatur,
1022 2261 1065 2294 et
1107 2255 1149 2293 in
1188 2260 1335 2293 mente
1373 2252 1560 2293 fideliter

92 2333 341 2381 retineatur,
365 2332 426 2371 ita
451 2330 564 2370 utin
595 2330 736 2382 ipsam
769 2335 957 2368 mortem
991 2328 1149 2368 Christi
1182 2328 1376 2367 intentus
1408 2326 1558 2366 oculus

93 2407 251 2446 mentis
286 2405 499 2458 inspiciat,
531 2403 650 2444 nulla
685 2403 1051 2455 concupiscentia,
1083 2401 1202 2441 nulla
1236 2401 1383 2450 libido,
1413 2400 1558 2440 nullus

92 2481 220 2529 furor,
250 2479 368 2520 nulla
400 2492 604 2532 superare
642 2477 780 2531 possit
812 2477 987 2525 invidia,
1017 2477 1093 2516 sed
1131 2476 1338 2516 continuo
1371 2476 1426 2515 ad
1465 2475 1558 2527 ejus

93 2555 372 2608 praesentiam
404 2561 524 2594 totus
556 2553 627 2592 ille
659 2552 828 2605 peccati
862 2557 905 2591 et
937 2552 1077 2591 carnis
1100 2551 1274 2604 fugetur
1303 2549 1558 2590 exercitus.''

94 2627 371 2681 Augustinus
421 2628 578 2667 etiam:
633 2626 782 2667 “Cum
836 2639 906 2665 me
958 2625 1138 2678 pulsat,’¹
1183 2626 1336 2677 inquit,
1375 2623 1558 2675 “aliqua

94 2703 233 2755 turpis
282 2701 502 2754 cogitatio,
546 2714 717 2740 recurro
764 2700 819 2740 ad
871 2699 1050 2740 vulnera
1103 2698 1292 2747 Christi;
1345 2711 1443 2738 cum
1487 2710 1557 2736 me

95 2776 255 2830 premit
286 2789 397 2823 caro,
429 2774 729 2814 recordatione
759 2773 989 2813 vulnerum
1024 2773 1205 2813 Domini
1238 2772 1323 2811 mei
1350 2783 1557 2823 resurgo;

96 2863 195 2890 cum
219 2849 421 2889 diabolus
449 2854 575 2901 parat
604 2847 794 2895 insidias,
819 2847 939 2899 fugio
968 2848 1023 2887 ad
1054 2848 1219 2886 viscera
1249 2845 1430 2885 Domini
1461 2844 1557 2892 mei,

310 2937 323 2956 ¹
347 2948 376 2978 4.
400 2939 483 2979 Reg.
504 2938 533 2970 6.
686 2936 699 2955 ²
724 2938 786 2978 Ep.
807 2936 881 2968 206.
903 2937 944 2968 ad
969 2938 1056 2977 Aug.
1076 2937 1118 2967 de
1142 2936 1178 2967 B.
1201 2935 1340 2966 Hieron.
