1903 3197
294 179 390 233 360
621 176 701 221 De
733 176 923 222 ratione
956 176 1150 223 vivendi
1182 177 1441 223 Socz‘etatzk.

290 308 444 360 inquit,
461 308 636 361 “turpis
660 322 738 361 per
758 309 1075 362 cogitationem
1103 323 1190 349 non
1220 309 1424 362 pascitur,
1443 308 1568 361 quasi
1595 315 1756 362 negato

289 380 371 422 sibi
420 381 545 431 lacte,
588 383 756 435 parvuli
806 382 1073 424 necantur.”1
1152 383 1271 423 Hinc
1313 383 1431 436 apud
1473 382 1560 434 Job
1601 383 1759 423 dicitur

289 455 534 495 secundum
560 456 879 509 Septuaginta:
918 460 938 476 “
958 457 1257 510 Myrmecoleo
1279 458 1418 510 periit,
1443 470 1495 496 eo
1524 457 1643 509 quod
1669 470 1757 497 non

290 528 475 570 haberet
501 530 696 580 escam;''
724 530 808 571 hoc
830 537 908 581 est,
932 531 1112 572 formica
1134 531 1414 584 cogitationis
1436 545 1523 571 non
1546 531 1693 571 evadit
1715 532 1758 572 in

289 603 465 644 leonem
496 604 575 644 nisi
606 604 748 645 alatur
769 611 813 646 et
842 607 1068 655 nutriatur,
1092 607 1245 646 contra
1276 606 1310 646 si
1343 605 1495 654 alatur,
1526 605 1658 646 efficit
1688 605 1757 647 leo

290 677 478 718 difficilis
520 684 737 731 superatu.
801 679 933 732 Quod
981 681 1115 720 etiarn
1157 679 1424 733 Apollonius
1474 679 1759 733 praecipiebat

289 751 439 801 abbas
473 766 573 792 cum
606 767 708 793 suos
750 754 948 806 quotidie
990 753 1229 794 monachos
1266 754 1466 803 erudiret,
1501 759 1550 794 ut
1581 753 1759 795 insidias

290 826 454 866 diaboli
488 840 545 866 ex
581 827 780 879 ipsismet
816 827 1134 879 cogitationum
1173 828 1306 868 initiis
1339 828 1606 881 repellerent.
1672 828 1763 870 “Si

290 899 442 949 enim,”
486 900 639 951 inquit,
685 900 924 940 “draconis
966 907 1100 953 caput
1142 908 1396 954 amputetur
1436 908 1513 944 aut
1553 904 1760 956 perstrin-

289 979 428 1027 gatur,
463 979 607 1013 totum
641 973 734 1025 ejus
776 988 933 1027 corpus
976 975 1186 1014 reddatur
1221 981 1481 1025 emortuum,
1515 983 1560 1017 et
1600 977 1760 1018 idcirco

290 1046 526 1088 mandasse
558 1047 706 1087 Deum
737 1053 785 1087 ut
811 1054 944 1101 caput
976 1049 1201 1101 serpentis,
1231 1049 1314 1089 hoc
1346 1056 1412 1090 est
1440 1051 1758 1103 cogitationum

289 1120 576 1161 observentur
607 1121 765 1161 initia.'⁷
830 1122 899 1162 De
936 1123 1022 1162 alio
1056 1136 1234 1175 quoque
1271 1124 1493 1164 memoriae
1536 1125 1759 1178 proditum

288 1199 354 1234 est
384 1194 427 1233 in
456 1193 543 1234 Vit.
566 1194 607 1235 S.
630 1195 821 1245 Patruin,
845 1197 918 1248 qui
949 1210 1048 1236 cum
1081 1210 1136 1236 ne
1166 1196 1315 1237 multis
1347 1198 1526 1250 quidem
1556 1204 1600 1239 et
1629 1199 1760 1240 vehe-

290 1268 514 1308 mentibus
543 1268 773 1321 cujusdam
806 1271 933 1319 senis,
965 1271 1032 1310 cui
1066 1285 1112 1311 se
1141 1272 1540 1323 commendaverat,
1570 1274 1760 1314 oration-

289 1341 387 1381 ibus
430 1342 601 1382 liberari
639 1343 829 1383 stimulis
866 1345 1007 1384 carnis
1041 1351 1201 1398 posset,
1239 1346 1493 1386 admonitus
1525 1353 1591 1388 est
1622 1362 1759 1390 senex

291 1414 363 1455 ille
397 1415 606 1457 divinitus
639 1418 800 1458 idcirco
834 1419 876 1458 in
910 1419 984 1459 illo
1017 1433 1197 1472 operam
1229 1421 1365 1473 perdi,
1389 1421 1629 1474 inanesque
1659 1437 1760 1464 suas

291 1490 512 1530 orationes
556 1504 661 1539 esse,
706 1492 808 1544 quia
850 1493 1152 1545 cogitationes,
1195 1494 1353 1546 quibus
1405 1494 1477 1534 ille
1518 1509 1762 1549 repugnare

291 1564 411 1603 omni
465 1578 549 1617 ope
601 1565 825 1616 debuerat,
869 1567 1016 1619 potius
1069 1567 1204 1607 aleret
1254 1582 1305 1608 ac
1357 1568 1530 1609 foveret.
1613 1570 1762 1624 Quare

291 1635 472 1677 fratrem
505 1651 643 1678 senex
676 1638 748 1678 ille
781 1641 1071 1681 conveniens:
1107 1641 1257 1681 “Fieri
1284 1655 1371 1682 non
1404 1642 1586 1695 potest‚”
1610 1644 1762 1697 inquit,

292 1713 313 1730 “
332 1711 475 1761 frater,
509 1718 557 1752 ut
594 1713 690 1753 aliis
727 1727 806 1766 pro
843 1721 887 1754 te
924 1715 1152 1755 orantibus
1190 1715 1486 1756 fornicationis
1523 1718 1700 1770 spiritus
1737 1734 1764 1761 a

292 1792 337 1826 te
372 1786 582 1835 discedat,
607 1787 688 1826 nisi
724 1793 768 1828 et
802 1794 848 1828 tu
885 1789 977 1841 ipse
1010 1790 1154 1841 pravis
1189 1791 1275 1829 tuis
1309 1791 1651 1843 cogitationibus
1684 1808 1763 1847 pro

291 1859 456 1899 viribus
499 1861 735 1901 renitaris.''
800 1861 933 1914 Quod
977 1877 1076 1902 cum
1115 1863 1186 1903 ille
1228 1863 1411 1914 fecisset,
1449 1871 1543 1905 tum
1581 1866 1761 1909 demum

290 1933 486 1974 libidinis
528 1935 733 1975 stimulus
777 1937 1037 1989 conquievit.
1125 1938 1226 1978 Hoc
1268 1939 1400 1991 igitur
1441 1940 1552 1980 tanti
1595 1947 1671 1991 est,
1714 1949 1763 1984 ut

293 2007 428 2048 cuivis
451 2009 677 2061 asperitati
702 2015 836 2062 atque
867 2010 1043 2063 flagello
1075 2011 1416 2064 Chrysostomus
1439 2016 1680 2067 anteponit,
1704 2017 1766 2058 sic

293 2082 411 2122 enim
434 2081 505 2122 ille
529 2082 571 2122 in
597 2083 883 2124 Matthaeum:
918 2085 1106 2138 “Neque
1129 2086 1338 2126 abscissio
1365 2088 1586 2137 membri,''
1609 2090 1762 2143 inquit,

295 2156 396 2196 “ita
426 2155 633 2210 deprimit
665 2159 933 2198 tentationes
964 2166 1006 2199 et
1038 2159 1399 2213 tranquillitatem
1433 2162 1547 2211 facit,
1572 2169 1621 2203 ut
1648 2165 1767 2217 cogi-

292 2230 472 2270 tationis
503 2230 709 2270 frenum.'’
774 2231 862 2272 Sed
896 2247 1166 2285 quamquam
1191 2235 1483 2287 cogitationes
1512 2237 1618 2289 ipsae
1648 2252 1766 2291 saepe

291 2308 395 2343 sunt
421 2317 553 2343 causa
582 2303 846 2344 titillationis
880 2306 922 2344 in
957 2307 1176 2356 membris,
1199 2313 1348 2347 tamen
1380 2310 1599 2350 interdum
1629 2311 1762 2352 etiam

291 2376 388 2429 ipsa
411 2377 708 2417 membrorum
732 2380 972 2419 commotio
998 2386 1192 2420 mentem
1220 2389 1483 2431 commovat,
1508 2389 1552 2423 et
1573 2383 1766 2427 libidinis

293 2450 336 2489 in
361 2463 412 2490 ea
435 2450 612 2490 umbras
635 2457 679 2491 et
700 2451 934 2492 simulacra
957 2453 1167 2506 depingit.
1219 2453 1351 2507 Quod
1375 2456 1492 2508 apud
1518 2456 1764 2499 Climacum

293 2537 467 2564 sensere
499 2525 693 2577 quidam,
730 2526 879 2566 Gradu
920 2528 974 2567 de
1007 2529 1221 2578 castitate,
1257 2535 1301 2569 et
1333 2530 1494 2570 idcirco
1525 2532 1669 2572 omnis
1701 2538 1768 2574 est

294 2597 419 2638 initio
452 2598 703 2639 adhibenda
734 2600 974 2653 diligentia,
1006 2608 1099 2641 tum
1134 2603 1176 2642 in
1210 2603 1440 2656 abigendis
1470 2606 1615 2658 pravis
1648 2606 1767 2660 cogi-

293 2672 547 2722 tationibus,
573 2680 667 2714 tum
698 2675 739 2713 in
770 2675 1056 2728 reprimendis
1089 2677 1384 2731 sedandisque
1415 2679 1607 2720 libidinis
1636 2681 1766 2722 moti-

294 2747 388 2795 bus,
424 2761 610 2800 quorum
653 2748 839 2788 alterum
883 2764 940 2789 ex
983 2751 1122 2791 altero
1159 2752 1304 2792 oritur.
1383 2752 1640 2806 Abiguntur
1679 2753 1765 2795 illae

294 2819 501 2861 facillime
531 2823 817 2876 suscipiendis
848 2824 974 2864 bonis
1004 2825 1357 2878 cogitationibus,
1382 2833 1430 2867 ut
1463 2841 1520 2868 ex
1552 2828 1764 2870 Cassiano

813 2911 822 2930 ¹
850 2914 890 2944 In
918 2922 944 2945 1.
967 2915 1051 2955 ch.
1071 2915 1091 2946 l.
1114 2915 1143 2946 6.
1165 2926 1192 2947 c.
1218 2925 1244 2948 Ι.
