1903 3197
222 184 311 228 168
541 180 620 225 De
651 179 843 226 ratione
877 178 1072 225 vivendi
1105 177 1364 225 Soct‘etall's.

216 314 497 369 opinionibus
520 313 744 354 adhaerere
768 314 810 353 in
834 312 1039 353 fratribus
1062 311 1320 360 deferendis,
1340 316 1358 330 ‘¹
1377 310 1516 360 Noli,u
1534 311 1698 363 inquit‚.

218 389 478 442 “opinando
522 388 714 441 aliquem
758 403 973 437 accusare,
1017 390 1120 440 quia
1163 387 1314 440 opinio
1357 400 1475 439 saepe
1519 383 1690 426 sallit.’'1

216 464 370 517 Aliqui
413 477 526 513 vero,
565 465 645 503 etsi
687 478 789 503 vera
832 463 1034 503 deferunt
1077 469 1120 502 et
1163 461 1408 514 explorata,
1448 474 1498 500 ea
1540 467 1687 500 tamen

217 544 493 591 exaggerant
522 539 731 585 oratione,
761 545 893 590 atque
922 537 1196 590 amplificant
1227 536 1370 575 verbis
1404 548 1492 587 quo
1520 534 1691 575 facilius

216 613 460 660 credantur,
497 612 615 664 quod
659 613 814 652 eadem
854 613 988 652 animi
1028 612 1279 664 provisione
1322 609 1567 650 cavendum
1612 615 1689 657 est,

217 701 318 727 cum
356 687 556 727 charitati
602 687 799 726 maxime
837 687 1102 734 adversetur,
1140 700 1238 737 quae
1283 698 1512 738 perperam
1552 684 1691 724 nescit

218 776 357 815 agere.
424 761 637 801 Nonnulli
671 762 803 801 etiam
835 761 968 801 animi
1003 767 1174 800 motum
1205 760 1417 800 adhibent
1440 760 1495 799 ad
1531 759 1692 799 facien-

218 838 324 877 dum
349 836 493 881 finem,
518 843 560 876 et
595 837 772 888 quidem
812 849 930 888 szepe
959 835 1106 879 talem.
1136 841 1181 875 ut
1209 836 1383 875 credere
1413 848 1542 888 paene
1575 847 1694 874 com-

219 911 397 963 pellant,
436 924 534 962 quae·
574 924 660 949 non
700 909 830 962 plane
866 910 1131 949 videbantur
1168 924 1261 949 esse
1300 909 1545 957 credenda;
1580 908 1692 948 adeo

220 991 262 1024 ct
296 998 460 1030 vocem,
496 990 537 1023 et
570 983 751 1028 vultum„
791 989 834 1022 et
872 996 1050 1023 omnem
1095 990 1263 1023 motum
1307 983 1500 1035 corporis
1544 982 1599 1022 ad
1642 996 1694 1022 ea

221 1073 319 1110 quze
344 1059 495 1097 dicunt
519 1057 872 1097 accommodant.
939 1058 1027 1098 Sed
1052 1064 1203 1096 monet
1226 1056 1342 1096 idem
1369 1056 1692 1103 Bonaventura,

221 1134 263 1171 in
302 1133 658 1172 accusationibus
694 1146 744 1172 ac
776 1132 1073 1172 delationibus
1104 1132 1298 1176 fratrum,
1330 1131 1567 1184 aperienda
1600 1145 1695 1171 esse

223 1213 404 1259 peccata
427 1207 567 1246 verbis
604 1208 845 1247 mansuetis
883 1214 926 1246 et
961 1206 1136 1259 placido
1171 1206 1305 1252 vultu,
1332 1220 1419 1259 quo
1443 1207 1621 1259 quidem
1653 1212 1696 1246 et

222 1282 454 1321 verborum
488 1281 855 1333 amplificationes
892 1287 1086 1321 removet
1121 1287 1163 1320 et
1200 1287 1346 1320 motus
1381 1280 1517 1320 animi
1552 1280 1696 1320 conci-

224 1356 415 1396 tatiores.

311 1431 460 1470 Tertia
527 1430 721 1470 conditio
786 1436 862 1475 est,
927 1436 971 1469 ut
1036 1429 1215 1469 minime
1273 1435 1498 1468 commoto
1562 1434 1697 1480 atque

224 1505 436 1545 iracundo
490 1505 638 1544 animo
686 1504 863 1544 fratrem
909 1504 1159 1556 judicemus
1201 1517 1251 1543 ac
1293 1503 1569 1547 deferamus:
1609 1502 1709 1549 sed,.

225 1585 272 1618 ut
318 1579 590 1619 Constitutio
630 1579 766 1618 dicit:
811 1578 1000 1618 “debito
1043 1591 1143 1617 cum
1187 1591 1337 1617 amore
1375 1584 1417 1617 et
1450 1575 1698 1617 charitate.’'

225 1653 344 1692 Nam
399 1660 445 1693 ut
505 1652 693 1692 Basilius
746 1659 915 1691 monet:
980 1653 1103 1704 “Qui
1167 1653 1315 1691 animo
1368 1658 1593 1691 commoto
1656 1657 1699 1691 et

227 1727 439 1767 iracundo
478 1726 654 1766 fratrem
699 1726 854 1778 arguit,
895 1739 981 1765 non
1026 1726 1145 1765 illum
1192 1731 1375 1778 peccato
1417 1724 1584 1772 liberat,
1623 1725 1699 1765 sed

226 1816 272 1841 se
296 1802 439 1854 ipsum
464 1801 634 1841 delictis
669 1799 910 1840 ἱηνΟΙνΉῒῙ12
974 1801 1031 1839 Iit
1056 1800 1345 1852 Augustinus,
1371 1799 1413 1838 in
1439 1798 1633 1851 Regulis,
1657 1800 1700 1838 in

226 1876 473 1916 indicandis
505 1875 689 1915 aliorum
722 1876 913 1927 peccatis
949 1875 1031 1914 hoc
1054 1874 1148 1914 vult
1183 1874 1415 1927 diligenter
1437 1880 1480 1913 et
1516 1873 1703 1913 fideliter

229 1950 463 1994 observari,
500 1957 545 1989 ut
586 1964 636 1989 ea
681 1949 929 1988 indicentur
966 1962 1066 1988 cum
1105 1949 1341 1988 dilectione
1383 1948 1624 1996 hominum,
1659 1953 1703 1987 et

227 2025 333 2065 odio
371 2025 588 2064 vitiorum.
656 2024 892 2076 Propterea
926 2031 968 2063 et
1003 2023 1240 2075 Gregorius
1272 2023 1313 2061 in
1348 2023 1579 2074 Registro:
1613 2026 1633 2041 ‘¹
1652 2022 1703 2061 In

232 2097 538 2143 eorrectiom=‚”
584 2099 738 2150 inquit,
774 2097 925 2137 “hunc
959 2112 1052 2137 csse
1085 2097 1284 2136 ordinem
1318 2096 1488 2136 noveris
1530 2096 1706 2136 observ-

231 2174 413 2218 andum„
455 2180 501 2213 ut
534 2186 766 2225 personam
805 2172 974 2224 diligas,
1011 2172 1117 2210 vitia
1152 2170 1437 2223 persequaris
1500 2170 1565 2210 At
1602 2183 1704 2210 vero

230 2249 304 2299 qui
349 2248 452 2287 odio
504 2247 677 2286 ducitur
727 2247 780 2286 ad
829 2245 1115 2285 deferendum
1165 2245 1355 2290 fratrem,
1399 2245 1572 2284 videtur
1617 2258 1703 2285 non

232 2329 326 2362 tam
357 2321 511 2361 vitium
545 2321 761 2373 persequi,
786 2334 919 2372 quam
954 2333 1217 2372 personam:
1251 2320 1339 2358 imo
1372 2319 1526 2359 vitium
1560 2319 1703 2372 ipsum

234 2395 426 2448 diligere,
453 2401 495 2435 et
519 2395 663 2434 odisse
686 2408 930 2447 personam.
996 2393 1111 2446 Quia
1134 2394 1224 2433 vitii
1257 2394 1486 2433 occasione
1519 2393 1703 2441 lzetatur,

234 2477 281 2510 ut
314 2483 447 2522 quem
484 2469 570 2509 alio
604 2469 782 2508 nomine
816 2468 936 2508 salva
972 2468 1180 2521 religione
1215 2481 1302 2507 non
1336 2473 1495 2520 potest,
1519 2466 1721 2506 honesto

232 2543 470 2584 delationis
511 2543 727 2583 vocabulo
770 2549 1068 2595 persequatur.
1154 2542 1204 2581 In
1249 2541 1482 2594 Religione
1530 2542 1706 2594 quippe,

234 2631 335 2658 cum
369 2617 453 2658 alia
484 2617 540 2657 ad
570 2617 900 2670 rependendam
938 2616 1140 2669 injuriam
1177 2629 1299 2656 arma
1333 2629 1421 2655 non
1454 2621 1707 2668 suppetant,

234 2692 361 2733 facile
409 2691 646 2745 persuadet
689 2690 879 2731 Satanas
921 2690 1162 2742 negligenti
1206 2690 1449 2742 tepidoque
1491 2689 1708 2742 religioso,

236 2773 284 2807 ut
317 2766 556 2807 ulciscendi
592 2778 746 2805 ansam
780 2764 882 2804 hinc
917 2764 1105 2816 arripiat.
1171 2763 1289 2816 Ergo
1328 2764 1370 2803 id
1408 2763 1540 2803 etiam
1575 2769 1710 2815 atque

234 2839 367 2882 etiam
403 2839 661 2889 cavendum,
699 2852 752 2879 ne
790 2838 897 2878 dum
942 2843 1096 2878 mutuo
1129 2851 1207 2878 nos
1239 2837 1469 2890 prodimus
1512 2832 1561 2878 et*
1596 2836 1725 2877 indi-⁷

410 2928 420 2948 ¹
447 2932 500 2962 De
528 2930 626 2961 Infor.
647 2928 736 2960 Nov.
758 2939 791 2969 p.
818 2937 843 2959 1.
865 2938 892 2959 c.
913 2927 943 2959 6.
1153 2925 1165 2944 ‘·'
1194 2927 1234 2957 In
1252 2927 1362 2958 Ascet.
1385 2937 1412 2958 c.
1434 2934 1484 2967 30.
