1903 3197
625 138 705 184 De
735 141 1056 190 Poem‘tenlz'z's.
1510 161 1572 208 95

112 269 218 309 dum
250 269 499 310 inferantur.
561 270 707 310 David
737 272 916 323 quidem
947 274 1109 314 electus
1143 277 1237 325 Dei,
1261 291 1360 318 cum
1390 279 1572 320 vidisset

113 343 318 396 angelum
346 343 589 384 caedentem
622 344 846 397 populum,
870 359 1049 398 poenam
1082 349 1164 388 sibi
1198 351 1289 402 ipse
1321 366 1346 391 a
1380 354 1575 395 Domino

109 418 367 470 depoposcit
404 423 451 457 ut
492 432 517 458 a
554 419 641 458 suis
678 419 831 459 ovibus
868 433 964 459 eam
1000 427 1239 462 averteret:
1293 425 1428 478 “Ego
1468 441 1565 467 sum

109 491 182 543 qui
231 492 418 543 peccavi,
463 506 545 545 ego
585 492 732 545 inique
774 494 869 545 egi:
923 493 993 533 isti
1040 494 1113 546 qui
1158 508 1261 534 oves
1305 504 1418 543 sunt,
1464 501 1569 551 quid

108 563 334 605 fecerunt?
414 566 623 606 Vertatur
663 566 844 606 obsecro
886 580 1040 607 manus
1086 574 1161 608 tua
1208 575 1359 610 contra
1402 585 1483 618 me,
1526 580 1570 613 et

109 644 261 679 contra
292 640 473 680 domum
505 641 641 693 patris
673 638 820 679 mei.’'1

196 713 357 752 Narrat
394 713 613 754 Climacus
646 715 868 766 quendam
901 728 958 754 ex
993 715 1183 767 antiquis
1212 715 1295 755 illis
1328 717 1567 767 monachis,

105 786 179 837 qui
222 787 264 825 in
306 786 614 828 Alexandrino
656 789 857 828 coenobio
900 789 1132 829 excellenti
1175 790 1349 830 cuidam
1401 794 1567 843 pastori

103 861 328 912 parebant,
380 875 480 901 cum
532 862 677 902 nescio
728 862 833 914 quid
892 862 1159 914 deliquisset,
1212 865 1460 916 postulasse
1512 866 1569 906 ab

104 933 295 984 Abbate,
337 935 417 975 sibi
467 942 514 976 ut
562 936 710 976 liceret
762 936 945 988 agendae
998 938 1273 988 poenitentiae
1330 952 1461 978 causa
1513 941 1568 979 ad

106 1009 430 1056 monasterium,
483 1010 600 1061 quod
655 1009 813 1049 Carcer
874 1009 1189 1049 Poenitentium
1251 1011 1569 1063 appellabatur,

105 1083 335 1122 accedere:
389 1083 628 1135 “Cumque
670 1083 888 1123 medicum
941 1084 1165 1136 aspiceret,
1209 1085 1270 1124 uti
1325 1098 1370 1124 se
1420 1085 1568 1125 durius

104 1154 338 1203 dolentem,
375 1157 558 1209 projecit
592 1171 637 1196 se
672 1157 714 1196 in
749 1158 1062 1208 pavimentum,
1099 1157 1390 1210 apprehendit
1422 1159 1568 1211 pedes,

105 1228 341 1282 multisque
375 1229 470 1270 illos
504 1230 708 1282 lacrymis
744 1231 928 1270 ubertim
965 1231 1122 1283 rigans,
1152 1232 1280 1283 petiit
1309 1232 1364 1272 ad
1396 1246 1492 1272 eam
1523 1247 1569 1273 se

104 1315 237 1354 quam
280 1303 374 1343 dixi
416 1304 662 1344 custodiam
706 1318 1010 1356 carceremque
1053 1306 1264 1352 damnari,
1309 1307 1486 1358 egitque
1528 1308 1568 1346 vi

103 1389 182 1416 sua
204 1382 251 1416 ut
273 1376 507 1417 clementia
529 1378 685 1418 medici
713 1379 755 1417 in
779 1377 983 1417 duritiam
1006 1377 1310 1418 ve1·teretu1-.’'2

189 1449 318 1490 Alios
360 1449 504 1491 etiam'
535 1450 710 1499 narrat,3
755 1451 1001 1504 postulasse
1043 1457 1091 1491 ut
1134 1452 1292 1491 mortui
1345 1453 1569 1504 sepultura

103 1530 308 1571 carerent,
348 1530 391 1565 et
432 1525 659 1565 brutorum
698 1526 834 1565 instar
876 1532 951 1565 aut
993 1526 1035 1564 in
1079 1525 1370 1577 profluentem
1408 1526 1568 1578 abjice-

102 1602 260 1645 rentur,
283 1604 359 1638 aut
381 1598 423 1637 in
446 1605 648 1651 patentes
671 1613 850 1651 campos
873 1599 971 1638 feris
996 1612 1046 1638 ac
1068 1598 1319 1638 volatilibus
1346 1598 1539 1639 laniandi
1561 1615 1567 1647 ;

103 1671 337 1711 nonnullos
388 1678 533 1712 autem
588 1686 740 1725 rogare
789 1672 952 1720 solitos,
997 1678 1044 1712 ut
1087 1672 1247 1711 ferrum
1299 1686 1349 1712 ac
1390 1679 1568 1725 torques

104 1743 216 1783 collo
258 1745 564 1797 imponeretur,
604 1747 826 1798 pedesque
868 1746 988 1798 ligno
1031 1747 1440 1798 constringerentur,
1480 1760 1566 1786 non

104 1817 222 1869 prius
254 1818 355 1857 inde
385 1818 593 1868 solvendi,
617 1833 749 1871 quam
780 1820 974 1859 animam
1005 1818 1290 1867 exhalarent;
1323 1818 1431 1858 alios
1461 1819 1566 1858 item

105 1904 161 1929 ex
192 1892 507 1943 poenitentibus
536 1906 561 1932 a
592 1892 786 1932 Domino
813 1899 961 1945 petere
984 1892 1271 1939 consuevisse,
1295 1897 1341 1931 ut
1364 1892 1566 1931 morbum

104 1964 380 2013 incurrerent,
422 1972 465 2005 et
507 1972 734 2018 aspectum
777 1966 1090 2013 admitterent3
1139 1971 1182 2004 et
1223 1965 1331 2004 alios
1374 1971 1420 2004 ut
1471 1964 1566 2005 aliis

102 2038 374 2090 poenitentiae
406 2038 695 2091 suppliciique
726 2040 958 2091 generibus
990 2039 1272 2078 afficerentur.
1337 2037 1449 2090 Quae
1473 2039 1567 2090 qui-

103 2111 204 2151 dem
228 2111 434 2164 exempla
457 2113 562 2152 satis
592 2113 797 2160 indicant,
822 2126 955 2164 quam
979 2112 1032 2151 sit
1062 2113 1286 2164 proprium
1314 2117 1564 2151 sanctorum

102 2185 291 2225 virorum
351 2199 438 2226 non
496 2186 667 2226 usitatis
721 2186 940 2239 religionis
992 2185 1196 2225 oneribus
1248 2198 1298 2224 ac
1345 2184 1566 2225 laboribus

103 2272 197 2299 esse
233 2265 473 2309 contentos,
513 2260 589 2300 sed
628 2259 740 2300 ultro
778 2274 913 2300 novas
950 2259 1032 2299 sibi
1069 2272 1224 2311 poenas
1261 2272 1481 2298 assumere
1515 2272 1566 2299 ac

101 2332 334 2385 postulare.
395 2334 561 2373 Verum
605 2340 670 2374 est
712 2334 827 2374 enim
866 2334 983 2386 quod
1026 2333 1088 2373 ait
1130 2332 1327 2380 Basilius,
1354 2331 1477 2384 “Qui
1521 2333 1563 2371 in

102 2406 336 2447 dilectione
378 2421 481 2460 erga
526 2409 669 2448 Deum
708 2409 898 2448 sincerus
936 2413 1012 2456 est,
1051 2420 1137 2446 non
1175 2420 1269 2446 esse
1306 2412 1562 2446 contentum

101 2480 151 2519 iis
189 2495 287 2532 quae
322 2481 436 2530 facit,
474 2483 550 2522 sed
586 2496 758 2535 semper
791 2482 1061 2522 additionem
1097 2481 1323 2533 requirere,
1358 2486 1401 2520 et
1437 2480 1562 2532 plura

101 2553 406 2596 desiderare.''4
499 2554 630 2607 Quod
674 2556 902 2596 confirmat
951 2555 997 2595 B.
1032 2555 1293 2606 Gregorius:
1346 2567 1444 2594 eum
1490 2555 1560 2599 ait,

102 2627 281 2667 “Electi
334 2642 421 2668 non
473 2643 699 2681 nunquam
751 2629 848 2682 plus
900 2629 1080 2669 student
1132 2642 1271 2681 agere,
1315 2641 1447 2679 quam
1501 2627 1560 2666 eis

102 2700 308 2753 dignatus
340 2707 404 2741 est
437 2702 655 2742 Dominus
684 2702 901 2754 jube1·e.’'⁵

159 2789 168 2808 ³
195 2800 213 2822 2
232 2792 313 2832 Reg.
335 2800 387 2832 24.
481 2792 494 2810 Β
518 2793 617 2824 Grad.
639 2802 669 2832 4.
762 2792 775 2810 3
800 2793 899 2824 Grad.
919 2799 947 2833 5.
1040 2791 1053 2811 4
1078 2793 1115 2823 In
1143 2793 1224 2832 Reg.
1247 2791 1333 2821 brev.
1352 2800 1416 2829 reg.
1436 2797 1502 2819 121.

633 2843 645 2862 5
670 2844 706 2875 L.
732 2850 781 2884 15,
803 2844 920 2875 Moral.
944 2854 970 2875 e.
996 2852 1042 2874 ΙΙ.
