1903 3197
234 172 328 229 298
556 172 636 217 De
668 172 857 218 ratione
890 174 1082 220 vivendi
1113 174 1373 221 Socielatis.

227 302 275 352 si,
300 303 452 354 quanti
476 303 532 343 sit
553 316 652 343 cum
676 318 727 344 ea
749 317 828 345 nos
850 305 1022 346 macula
1044 306 1086 345 in
1110 306 1203 358 ejus
1225 306 1372 346 venire
1394 312 1692 360 conspectum,

227 374 396 427 liquido
438 377 746 417 cerneremus?
827 378 1131 430 Perpendebat
1173 379 1385 431 cujusque
1428 393 1560 420 noxae
1601 381 1689 421 vim

226 448 578 501 gravitatemque
619 463 681 498 ea,
734 464 866 503 quam
909 465 1039 504 supra
1082 453 1314 501 nominavi,
1368 453 1415 492 B.
1453 452 1690 494 Catharina

228 519 484 572 Genuensis,
522 537 620 576 quae
662 525 723 564 sic
764 525 1010 565 affirmabat
1051 526 1245 565 animam
1283 540 1382 578 quae
1420 527 1689 566 tenuissimae

224 593 314 634 vim
343 595 485 648 culpae
516 602 675 646 nosset,
699 598 868 638 etiamsi
902 598 1219 651 amplissimam
1254 599 1460 652 Deiparae
1492 599 1690 651 gloriam,

225 680 314 719 qua
354 668 468 708 inter
509 669 670 710 Beatos
711 684 863 711 omnes
906 671 1095 720 excellit,
1139 673 1347 726 consequi
1400 679 1561 726 posset,
1606 673 1688 714 levi

224 745 375 781 tamen
436 746 636 782 notatam
700 743 908 792 labecula,
971 746 1322 786 renunciaturam
1386 746 1501 787 illico
1552 752 1688 787 tantae

224 812 375 866 gloriae
418 827 551 866 quarn
601 814 812 855 labeculae
857 816 971 856 illius
1013 818 1199 858 societas
1245 820 1506 861 obscuraret.
1591 821 1690 861 Imo

225 899 314 927 non
352 887 526 928 dubitat
559 888 693 928 talem
726 889 920 929 animam
953 890 1196 931 subituram
1234 893 1379 944 potius
1411 907 1563 933 omnes
1595 907 1690 934 cru-

224 959 376 1010 ciatus,
404 966 447 1000 et
479 960 694 1012 quidquid
728 963 970 1015 excogitari
1005 965 1143 1015 possit
1177 965 1394 1013 acerbum,
1427 980 1558 1018 quam
1591 966 1690 1007 labe

225 1032 299 1073 illa
329 1033 527 1086 pertenui
562 1034 605 1072 in
637 1041 921 1088 conspectum
962 1036 1135 1077 Divinae
1168 1038 1501 1092 purissimaeque
1532 1039 1690 1092 majes-

223 1105 328 1146 tatis
358 1119 453 1146 esse
474 1111 715 1148 venturam.
779 1109 1040 1163 Eademque
1069 1111 1254 1162 dicebat,
1279 1126 1334 1152 ne
1363 1114 1396 1153 si
1427 1114 1690 1166 sanguineas

224 1179 403 1232 quidem
445 1178 662 1233 lacrymas
705 1195 756 1222 ea
797 1183 924 1236 copia
967 1189 1100 1237 atque
1142 1186 1342 1227 ubertate
1393 1188 1690 1240 profunderet,

224 1258 392 1305 quanta
424 1259 490 1293 est
519 1255 669 1294 oceani
692 1256 886 1305 vastitas,
912 1262 955 1297 et
977 1259 1244 1312 sempiterna
1273 1266 1438 1301 satanae
1470 1268 1687 1303 tormenta

222 1325 441 1374 toleraret,
475 1326 565 1367 fore
599 1334 645 1368 ut
677 1343 731 1369 ne
764 1329 994 1370 levissimae
1030 1332 1208 1385 quidem
1247 1334 1290 1374 in
1325 1335 1471 1375 Deum
1509 1337 1689 1377 offensae

222 1398 370 1451 aliqua
393 1413 449 1440 ex
479 1408 603 1453 parte
625 1416 703 1455 per
724 1416 769 1443 se
792 1404 886 1456 ipsa
908 1405 1198 1457 satisfaceret;
1232 1413 1355 1449 tanta
1378 1415 1444 1449 est
1466 1410 1686 1463 cujusque,

222 1471 290 1512 vel
324 1473 486 1524 exigui,
523 1476 692 1527 peccati
735 1475 912 1517 foeditas
954 1479 996 1518 in
1030 1480 1166 1519 oculis
1201 1481 1295 1521 Dei.
1359 1481 1471 1534 Quae
1508 1484 1687 1535 quidem

221 1557 322 1585 cum
361 1546 500 1587 aciem
535 1554 729 1588 nostram
765 1549 947 1602 fugiant,
983 1552 1143 1592 idcirco
1179 1567 1229 1594 ea
1262 1568 1349 1594 non
1387 1556 1571 1605 odimus,
1607 1570 1687 1597 nec

221 1631 248 1660 a
270 1618 397 1659 nobis
428 1619 656 1661 studemus
688 1622 866 1673 tollere;
898 1625 1162 1678 negligimus
1189 1628 1366 1680 quidem
1398 1636 1513 1669 certe
1540 1629 1687 1670 lumen

220 1705 247 1733 a
289 1691 388 1732 Deo
429 1693 674 1746 postulasse
717 1701 774 1744 ut,
819 1710 952 1748 quam
995 1698 1100 1738 foedi
1145 1700 1187 1739 in
1229 1701 1366 1741 oculis
1408 1702 1501 1753 ejus
1552 1703 1687 1742 simus

220 1765 493 1818 aspicientes,
537 1766 783 1808 foeditatem
837 1770 977 1822 ipsam
1031 1778 1223 1813 nostram
1277 1774 1584 1828 propulsemus
1635 1789 1685 1816 ac

220 1837 499 1879 detestemur.

309 1910 563 1953 Secundum
586 1913 739 1954 vitium
771 1915 907 1956 oritur
936 1930 992 1957 ex
1024 1919 1180 1958 eodem
1213 1921 1356 1973 eapite
1389 1928 1521 1973 atque
1550 1935 1686 1962 mem-

220 1985 310 2035 bro,
343 1987 447 2038 quia
489 1987 593 2027 dum
638 1990 797 2030 nostris
826 1991 988 2031 viribus
1025 1993 1158 2033 tacite
1195 1994 1461 2046 perfidimus,
1492 1996 1684 2036 divinam

220 2071 351 2113 opem
375 2060 431 2100 ad
455 2061 720 2113 expellenda
750 2071 933 2116 peccata
956 2065 1219 2119 negligimus
1245 2067 1486 2120 implorare.
1552 2068 1686 2109 Intel-

219 2132 446 2187 ligendum
498 2141 563 2174 est
611 2137 727 2176 enim
782 2138 824 2176 id
878 2139 1103 2190 negotium
1156 2153 1250 2180 esse
1302 2140 1385 2180 Dei
1438 2148 1481 2181 et
1528 2155 1686 2182 munus

220 2207 395 2247 Divinae
446 2209 612 2261 gratiae,
658 2216 706 2249 ut
753 2224 883 2263 supra
932 2211 1139 2261 diximus,
1187 2213 1442 2266 propulsare
1492 2221 1685 2267 peccata,

218 2281 396 2321 tametsi
427 2287 575 2322 noster
596 2282 729 2322 etiam
758 2284 813 2323 ad
844 2284 887 2323 id
918 2284 1051 2334 labor,
1077 2292 1225 2326 nostra
1248 2300 1423 2339 quoque
1445 2289 1688 2340 requiratur

219 2353 442 2394 industria.
517 2354 850 2405 Verumtamen,
890 2363 936 2396 ut
981 2357 1217 2398 Cassianus
1259 2359 1515 2400 confirmat:
1559 2361 1685 2401 “Im-

218 2427 427 2480 possibile
465 2434 530 2468 est
567 2429 622 2468 de
654 2429 851 2481 qualibet
889 2431 1095 2483 passione
1126 2432 1397 2485 triumphum
1431 2434 1684 2487 quempiam

219 2501 468 2554 promereri,
520 2501 777 2554 priusquam
830 2503 1097 2545 intellexerit
1149 2505 1361 2546 industria
1417 2507 1484 2547 vel
1536 2507 1686 2548 labore

219 2575 396 2628 proprio
425 2575 655 2616 victoriam
689 2577 938 2618 certaminis
973 2584 1113 2618 semet
1148 2580 1345 2620 obtinere
1379 2594 1465 2621 non
1499 2580 1685 2633 posse.’'1

220 2647 282 2688 Et
315 2648 357 2689 S.
384 2648 604 2689 Macarius
637 2650 678 2689 id
713 2650 944 2692 confirmat
979 2665 1078 2692 cum
1113 2653 1203 2693 ait:
1236 2652 1522 2694 “Adhaerens
1561 2654 1686 2694 nobis

219 2721 376 2764 vitium
407 2723 630 2776 extirpare
661 2724 715 2764 ad
749 2723 887 2764 solam
921 2725 1130 2766 Divinam
1161 2727 1409 2779 potentiam
1440 2725 1690 2780 pertinet.''‘³

219 2795 316 2839 Nos
344 2801 494 2838 autem
524 2797 686 2850 partim
717 2798 896 2850 quando
930 2799 991 2839 ita
1022 2800 1148 2840 nobis
1175 2800 1502 2852 persuademus
1525 2800 1684 2853 partim

570 2885 581 2904 ¹
606 2885 693 2920 Coll.
714 2891 743 2928 5.
765 2897 790 2919 c.
816 2894 863 2928 14.
1146 2887 1158 2907 ²
1183 2888 1285 2921 Hom.
1307 2897 1336 2930 3.
