1903 3197
429 795 956 848 OPUSCULUM
1036 797 1647 850 DUODECIMUM.

309 939 385 976 DE
426 938 753 975 DISCIPLINA
792 938 1002 974 MENSAE
1040 938 1224 984 JUXTA
1263 939 1556 975 SUMMARII
1603 939 1776 977 REGU-

594 999 712 1034 LAM
752 1011 812 1045 30.
848 999 921 1034 EX
961 1011 994 1045 3.
1029 999 1224 1044 PARTE,
1260 1000 1304 1037 C.
1341 1012 1371 1036 1.
1403 1000 1421 1046 g
1460 1010 1492 1047 5.

309 1120 404 1159 “IN
452 1118 685 1158 refectione
726 1118 920 1171 corporis
964 1119 1205 1159 curandum
1253 1124 1329 1167 est,
1378 1125 1427 1159 ut
1473 1120 1775 1172 temperantia,

309 1194 538 1239 modestia,
581 1198 624 1232 et
666 1193 866 1232 decentia
916 1193 1095 1232 interius
1147 1199 1190 1232 et
1243 1193 1438 1232 exterius
1487 1194 1530 1232 in
1572 1194 1776 1234 omnibus

308 1267 570 1308 observetur.
655 1266 953 1306 praemittatur
1004 1267 1252 1307 benedictio
1308 1273 1351 1307 et
1402 1273 1611 1319 sequatur
1660 1268 1774 1308 actio

306 1340 583 1394 gratia1·um,'’
608 1339 682 1380 ἃς.

395 1414 470 1455 Ad
525 1428 687 1454 mensae
752 1414 1029 1467 disciplinam
1094 1416 1176 1455 tria
1241 1415 1511 1455 Constitutio
1566 1416 1773 1468 requirit:

313 1496 364 1529 10.
391 1489 487 1529 Cibi
511 1488 712 1528 sumendi
736 1490 970 1537 rationem;
1005 1495 1060 1529 20.
1087 1489 1447 1529 Benedictionem
1465 1489 1774 1542 actionemque

305 1563 579 1615 gratiarum;
644 1568 698 1612 30.
737 1562 994 1602 Lcctionem
1037 1562 1288 1615 spiritalem,
1333 1576 1432 1615 quae
1474 1564 1530 1603 sit
1561 1563 1772 1615 pabulum

304 1638 562 1677 animorum.

600 1749 626 1804 ξ
664 1760 822 1791 I.——-DE
854 1760 951 1791 CIBI
986 1760 1213 1791 SUMENDI
1247 1759 1478 1790 RATIONE.

396 1843 528 1882 Ratio
581 1842 780 1881 sumendi
834 1842 917 1881 cibi
961 1856 1017 1881 ex
1062 1841 1389 1882 Constitutione
1431 1841 1589 1894 triplici
1641 1841 1770 1882 laude

300 1917 516 1958 contineri
575 1916 736 1956 debet:
803 1916 1108 1968 temperantia,
1176 1915 1404 1965 modestia,
1447 1921 1491 1956 et
1556 1916 1766 1956 decentia.

305 1990 576 2044 Quanquam
632 1990 748 2029 enim
791 1990 1004 2029 decentiae
1058 1990 1235 2029 nomine
1278 1989 1588 2042 comprehendi
1636 1990 1768 2030 etiam

303 2064 596 2117 temperantia
633 2070 676 2104 et
719 2064 937 2103 modestia
973 2069 1132 2116 potest,
1179 2064 1213 2103 si
1256 2063 1435 2115 quidem
1476 2078 1566 2103 vox
1600 2063 1770 2103 decoris

303 2152 381 2179 seu
419 2138 632 2178 decentize
675 2143 798 2190 patet
840 2138 998 2188 latius;
1040 2144 1201 2186 tamen,
1245 2136 1422 2188 majoris
1458 2137 1768 2189 explicationis

302 2214 456 2266 gratia,
496 2226 521 2252 a
558 2212 728 2252 duabus
766 2225 863 2251 eam
900 2212 1115 2264 prioribus
1152 2224 1436 2261 secernemus,
1467 2216 1510 2251 et
1541 2211 1768 2263 quidquid,

303 2292 464 2339 praeter
524 2286 863 2337 temperantiam
925 2291 969 2324 et
1030 2285 1304 2334 modestiam,
1366 2284 1422 2324 ad
1488 2284 1766 2325 honestatem

305 2372 563 2410 moremque
584 2358 787 2398 vescendi
823 2357 968 2398 referri
1002 2364 1160 2411 potest,
1193 2358 1406 2398 decentiae
1440 2359 1617 2398 nomine
1648 2372 1768 2399 com-

303 2432 637 2486 prehendemus.
700 2431 804 2483 Jure
827 2438 975 2471 autem
1005 2432 1143 2472 tribus
1168 2431 1286 2472 hisce
1312 2432 1545 2472 virtutibus
1567 2438 1768 2473 constare

305 2505 437 2545 debet
468 2505 626 2544 edendi
660 2505 782 2553 ratio,
817 2505 920 2557 quia
951 2506 1089 2545 tribus
1120 2506 1340 2558 praecipue
1378 2506 1521 2546 modis
1546 2505 1589 2545 in
1615 2518 1768 2546 mensa

302 2579 498 2630 delinqui
541 2584 698 2631 potest.
782 2579 927 2619 Primo
965 2579 1155 2632 quidem,
1190 2593 1289 2619 cum
1324 2580 1407 2620 cibi
1442 2593 1646 2620 mensura
1679 2593 1767 2621 non

301 2658 486 2701 tenetur,
509 2658 552 2692 et
574 2652 673 2692 ideo
698 2651 967 2693 Constitutio
990 2655 1328 2706 temperantiam
1353 2653 1502 2706 exigit.
1548 2653 1764 2702 Secundo,

299 2727 344 2766 in
367 2726 686 2779 compositione
708 2727 882 2779 situque
904 2728 1213 2778 membrorum,
1237 2734 1280 2768 et
1309 2728 1363 2768 ad
1396 2728 1481 2768 hoc'
1501 2728 1764 2768 modestiam

301 2801 512 2853 praecipit.
552 2800 715 2850 Tertio,
740 2801 781 2840 in
805 2800 1006 2853 eleganti,
1030 2816 1150 2854 pura,
1174 2808 1217 2842 et
1238 2803 1349 2842 bene
1371 2807 1542 2842 morata
1563 2801 1764 2842 vescendi

303 2874 481 2923 ratione,
507 2881 550 2915 et
571 2880 752 2928 propter
773 2875 856 2915 hoc
878 2876 1125 2915 decentiam
1149 2876 1326 2929 requirit
1346 2891 1355 2928 3
1388 2882 1432 2917 et
1452 2876 1565 2917 hanc
1586 2876 1763 2929 quidem

300 2961 402 2989 cum
438 2949 699 2999 interiorem,
734 2956 827 2990 tum
866 2951 1141 2991 exteriorem.
1205 2951 1300 2991 Nec
1337 2951 1453 2991 enim
1491 2951 1596 2992 satis
1632 2950 1766 2991 habet
