1903 3197
640 141 718 187 De
754 141 1000 187 castitate.
1457 143 1515 198 36
1524 154 1548 198 3

175 273 276 325 Jam
299 287 582 327 personarum
605 273 909 325 opportunitas
932 273 1127 312 maxime
1150 273 1346 313 omnium
1369 272 1548 313 vitanda

91 351 168 396 est,
201 348 396 388 maxime
432 347 720 387 feminarum:
759 344 947 397 “Quae,”
971 352 1018 386 ut
1054 346 1116 385 ait
1155 346 1454 398 Hieronymus
1490 346 1548 387 ad

94 418 348 461 Oceanum:
371 421 624 461 “Nocivum
650 432 788 472 genus
821 425 887 459 est
918 418 1106 469 femina;
1138 432 1237 458 cum
1267 420 1550 471 approximat

90 493 299 544 stimulat,
322 494 514 535 incendit
543 494 700 546 ignem,
732 492 1005 544 flammigero
1035 492 1136 543 igne
1167 493 1354 544 percutit
1386 492 1550 533 femina

92 569 414 623 conscientiam.
478 567 707 619 Numquid
742 566 1012 606 abscondere
1047 571 1194 618 potest
1229 565 1363 605 homo
1401 566 1547 618 ignem

91 641 134 681 in
163 642 259 681 sinu
288 655 377 690 suo,
402 647 449 681 ut
471 641 732 680 vestimenta
760 639 853 691 ejus
883 653 971 679 non
999 638 1213 679 ardeant?
1275 638 1386 678 Mihi
1409 639 1548 687 crede,

90 727 177 754 non
219 720 364 767 potest
405 714 506 753 inde
548 726 646 753 cum
691 713 886 753 Domino
927 712 1136 761 habitare,
1173 713 1246 764 qui
1288 712 1548 752 feminarum

89 788 333 828 accessibus
358 786 622 840 copulatur.’'
677 787 892 838 Idemque
914 787 970 826 ad
999 786 1322 838 Nepotianum:
1345 789 1367 805 “
1385 785 1549 839 Hospi-

88 861 243 901 tiolum
261 867 385 901 tuum
404 867 480 901 aut
499 875 606 909 raro,
623 867 698 900 aut
721 859 946 912 nunquam
970 859 1199 899 mulierum
1218 859 1353 912 pedes
1370 858 1549 899 terant.‘'

90 935 150 975 Et
171 948 278 975 mox
297 949 305 975 ε
329 938 350 954 “
366 935 459 974 Nec
486 935 567 974 sub
589 934 745 974 eodem
768 939 886 974 tecto
916 933 1135 982 mansites,
1160 947 1240 973 nec
1263 934 1305 973 in
1328 934 1557 986 praeterita·

91 1009 291 1049 castitate
306 1008 511 1048 confidas.
564 1008 659 1047 Nec
677 1007 867 1047 sanctior
885 1007 1041 1055 David,
1058 1020 1137 1047 nec
1156 1006 1371 1047 Samsone
1389 1007 1550 1055 fortior,

91 1095 170 1121 nec
193 1081 430 1122 Salomone
453 1087 579 1134 potes
601 1094 694 1120 esse
717 1080 988 1133 sapientior.''
1047 1080 1107 1121 Et
1130 1081 1317 1122 Sanctus
1341 1080 1550 1133 Ephraem

91 1155 147 1195 de
183 1155 446 1195 abstinendo
484 1155 540 1195 ab
577 1155 695 1194 omni
734 1155 1048 1194 consuetudine
1085 1155 1354 1207 perniciosa:
1389 1154 1471 1196 “Si
1510 1160 1553 1194 te

91 1229 236 1282 ipsum
279 1228 391 1269 trahi
433 1228 592 1267 videris
633 1241 658 1267 a
701 1228 967 1280 cogitatione
1019 1228 1166 1281 aliqua
1211 1228 1267 1267 ad
1319 1228 1551 1268 fruendum

89 1302 281 1342 formoso
309 1307 488 1354 aspectu
522 1301 590 1341 vel
619 1302 753 1353 pueri,
784 1300 851 1340 vel
882 1300 1085 1350 mulieris,
1118 1306 1161 1341 te
1193 1301 1359 1353 laqueis
1389 1301 1551 1341 inimici

87 1376 340 1428 proximum
373 1388 467 1414 esse
500 1375 698 1422 noveris;
732 1374 797 1413 sin
829 1375 1082 1414 admonitus
1112 1388 1287 1427 quoque
1310 1388 1396 1414 non
1420 1374 1553 1415 desti—

89 1450 202 1498 teris,
237 1449 330 1501 jam
369 1455 413 1489 te
451 1448 616 1501 laqueis
653 1448 866 1487 irretitum
908 1461 1109 1500 agnosce,
1149 1448 1265 1487 unde
1307 1461 1386 1487 nec
1428 1447 1553 1488 facile

87 1522 360 1576 voluptatem
384 1523 540 1562 vinces.
606 1521 652 1562 Si
686 1522 802 1561 enim
826 1535 882 1560 ex
915 1522 1010 1574 ipsa
1032 1527 1076 1561 te
1102 1522 1238 1562 noxia
1260 1521 1555 1561 controversia

89 1598 283 1637 eximere
310 1596 554 1649 nequivisti,
579 1595 803 1648 quomodo
836 1600 879 1634 te
911 1608 998 1635 non
1030 1595 1148 1635 volet
1180 1596 1463 1643 adversarius,
1485 1595 1555 1635 vel

89 1683 146 1710 ex
187 1669 270 1709 hoc
311 1675 388 1710 tuo
429 1675 541 1718 actu,
572 1668 803 1721 jugulare?
867 1667 999 1720 Quod
1042 1669 1076 1708 si
1119 1669 1282 1709 dixeris
1325 1681 1556 1709 conversor

88 1743 306 1796 equidem,
339 1743 415 1783 sed
446 1744 758 1783 detrimentum
788 1742 890 1781 inde
922 1756 1009 1782 non
1042 1743 1211 1795 patior;
1244 1749 1288 1782 et
1319 1742 1403 1782 hoc
1436 1742 1552 1781 male

89 1817 233 1857 affecti
265 1817 398 1856 animi
431 1817 641 1856 indicium
676 1822 752 1864 est,
777 1829 864 1867 quo
897 1816 1012 1855 enim
1045 1822 1176 1868 pacto
1208 1816 1299 1855 fieri
1328 1821 1476 1869 potest
1506 1821 1553 1855 ut

89 1891 188 1943 quis
210 1890 252 1929 in
275 1890 423 1943 prunis
442 1889 707 1938 deambulet,
723 1895 766 1928 et
783 1889 956 1941 plantas
978 1889 1142 1941 pedum
1165 1903 1253 1929 non
1276 1888 1552 1929 CO1nburat?''

90 1963 180 2005 Sed
222 1977 321 2003 cum
365 1964 507 2003 omnis
549 1963 820 2003 consuetudo
858 1962 1088 2002 mulierum
1125 1963 1306 2003 vitanda
1343 1969 1420 2012 est,
1458 1968 1552 2002 tum

86 2037 406 2091 spiritualium;
455 2038 567 2089 quia,
607 2042 654 2076 ut
696 2037 757 2076 ait
800 2036 845 2075 B.
863 2036 1151 2089 Augustinus,
1187 2051 1274 2089 quo
1315 2038 1553 2077 sanctiores

86 2110 271 2160 suerunt,
310 2125 362 2151 eo
412 2111 553 2163 magis
603 2110 811 2159 alliciunt,
846 2110 1033 2162 ideoque
1074 2109 1167 2150 vult
1209 2125 1308 2152 cum
1350 2111 1553 2151 omnibus

85 2185 262 2225 brevem
314 2198 365 2225 ac
407 2185 597 2237 rigidum
640 2183 791 2223 haberi
833 2197 1092 2233 sermonem,
1132 2198 1211 2225 nec
1253 2192 1413 2233 tamen,
1451 2185 1554 2238 quia

85 2250 324 2299 sanctiores
355 2258 524 2307 fuerint,
548 2257 647 2298 ideo
678 2258 821 2297 minus
851 2271 924 2297 eas
951 2258 1178 2298 cavendas.
1244 2259 1341 2298 Imo
1364 2259 1554 2299 affirmat

86 2345 134 2372 se
163 2332 323 2371 vidisse
360 2333 441 2371 sub
480 2331 562 2371 hac
598 2332 756 2385 specie,
789 2333 941 2372 cedros
980 2332 1151 2382 Libani,
1184 2332 1228 2372 id
1266 2339 1331 2372 est
1369 2344 1552 2385 magnos

88 2405 282 2445 ecclesiae
304 2406 524 2445 antistites
546 2406 762 2445 cecidisse.
822 2405 990 2445 Idcirco
1013 2419 1237 2458 nunquam
1262 2407 1353 2459 ipse
1376 2420 1430 2445 ne
1452 2418 1552 2446 cum

87 2468 232 2518 sorore
264 2479 444 2531 quidem
477 2493 633 2532 passus
665 2485 730 2518 est
762 2479 971 2528 habitare,
997 2486 1045 2520 ut
1076 2487 1223 2520 narrat
1256 2480 1478 2520 Possidius
1510 2479 1553 2518 in

87 2551 202 2591 Vita.
267 2552 480 2604 Idemque
513 2552 722 2592 admonet
754 2551 1090 2593 Bonaventura.1

174 2624 428 2677 Fugiendus
461 2631 526 2665 est
559 2626 692 2666 etiam
724 2640 983 2679 congressus
1011 2633 1359 2680 conspectusque
1381 2626 1552 2667 adoles-

87 2697 372 2748 centulorum,
395 2699 507 2751 quia,
540 2705 587 2739 ut
621 2699 807 2740 Basilius
840 2701 911 2749 ait,
936 2700 1105 2754 “Saepe
1138 2701 1186 2741 fit
1219 2707 1266 2740 ut
1300 2700 1552 2740 adolescen-

85 2771 270 2814 tioribus
302 2772 554 2824 corporibus
588 2786 665 2825 per
699 2779 878 2814 aetatem
916 2774 1019 2814 insit
1052 2774 1206 2814 florida
1240 2773 1434 2814 colorum
1467 2772 1551 2813 ele-

549 2860 562 2879 1
587 2862 640 2893 De
660 2863 760 2894 Purit.
783 2863 954 2895 Conscien.
976 2873 1003 2894 c.
1028 2872 1074 2903 14.
