1903 3197
281 180 385 223 410
619 163 698 209 De
728 163 918 209 ratione
952 163 1144 210 vivendi
1177 163 1435 210 Societatz's.

280 296 545 337 obedientiae
580 295 816 349 flagremus
848 310 1023 347 amore;
1056 310 1154 349 quae
1187 297 1221 336 si
1254 310 1356 336 vera
1388 297 1454 346 sit,
1488 310 1749 349 quocunque

283 371 327 410 in
349 370 446 410 loco
473 384 551 410 nos
583 369 779 420 collocet,
801 376 1014 423 tanquam
1047 372 1207 411 mortui
1240 385 1292 410 eo
1325 384 1404 410 nos
1436 384 1523 410 non
1556 385 1750 411 commo-

281 444 492 494 vebimus,
515 445 577 484 sic
609 444 724 484 enim
756 458 907 484 verum
934 445 1214 485 obedientem
1242 445 1359 496 apud
1394 445 1748 485 Bonaventuram

283 518 491 559 describit
533 518 695 558 Beatus
738 519 1004 558 Franciscus.
1080 519 1243 558 “Tolle
1280 532 1437 570 corpus
1470 519 1675 558 exanime
1707 525 1750 558 et

287 592 360 633 ubi
404 593 617 646 placuerit
659 606 785 645 pone,
818 593 988 633 videbis
1035 606 1123 633 non
1171 606 1414 645 repugnare
1447 598 1630 642 motum,
1663 606 1750 632 non

283 680 556 706 murmurare
617 667 761 716 situm,
807 681 894 707 non
948 667 1184 707 reclamare
1226 666 1493 715 dimissum,’'
1537 673 1580 707 et
1622 680 1750 706 mox:

288 740 376 780 Hic
414 747 480 780 est
512 754 639 780 verus
673 741 895 789 obediens,
927 742 1000 792 qui
1035 754 1110 780 cur
1143 747 1371 780 moveatur
1405 754 1492 780 non
1526 740 1749 792 dijudicat,

285 815 358 855 ubi
382 814 549 855 locetur
571 828 658 854 non
680 820 813 863 curat,
838 821 885 854 ut
908 820 1225 855 transmutetur
1247 829 1335 855 non
1358 816 1503 855 instat.
1562 815 1674 854 Haec
1695 814 1751 854 de

283 887 567 929 habitatione.

372 963 531 1001 Restat
572 961 760 1001 breviter
801 961 856 1000 de
902 961 1044 1001 officio
1086 974 1161 1000 seu
1205 962 1534 1010 exercitatione,
1578 963 1621 1001 in
1664 975 1750 1014 qua

282 1036 438 1076 eadem
467 1048 546 1087 pro
568 1035 734 1074 tuendo
764 1048 945 1087 corpore
977 1034 1227 1075 sollicitudo
1258 1042 1462 1074 versatur.
1528 1034 1750 1087 Quoniam

282 1114 432 1148 autem
456 1114 558 1148 sunt
575 1121 758 1148 munera
775 1108 981 1160 quaedam
1005 1122 1103 1160 quae
1127 1108 1182 1148 ad
1206 1108 1402 1148 literatos
1425 1115 1469 1148 et
1491 1108 1752 1157 sacerdotes,

285 1183 492 1235 quaedam
511 1196 610 1235 quae
633 1181 910 1234 coadjutores
928 1188 972 1222 et
994 1182 1153 1222 idiotas
1176 1182 1406 1234 pertinent,
1425 1182 1553 1222 officii
1577 1182 1755 1222 nomine

285 1255 558 1296 literatorum
597 1261 641 1296 et
676 1255 982 1306 sacerdotum3
1030 1256 1359 1295 exercitationis
1393 1262 1541 1296 autern
1576 1255 1755 1307 coadju-

285 1336 431 1371 torum
453 1329 658 1369 videntur
689 1343 870 1369 munera
897 1329 1130 1369 continere.
1195 1329 1385 1381 Utrique
1415 1330 1543 1378 enim,
1567 1343 1666 1368 cum
1699 1329 1754 1368 de

286 1404 477 1444 fovendo
510 1417 589 1443 suo
621 1416 802 1455 corpore
833 1409 935 1442 sunt
966 1403 1152 1451 solliciti,
1182 1416 1310 1442 suum
1344 1416 1502 1442 munus
1534 1409 1753 1452 accusant,

283 1477 345 1517 illi
378 1477 497 1530 quod
532 1476 817 1518 inbecillitate
847 1477 1002 1529 capitis
1027 1476 1096 1517 vel
1128 1477 1262 1516 etiam
1292 1477 1448 1516 virium
1471 1476 1754 1516 vehementer

286 1552 422 1603 obsit;
455 1551 511 1602 hi,
527 1551 646 1604 quod
669 1552 757 1591 suis
780 1550 886 1590 illud
904 1551 1068 1590 viribus
1085 1551 1371 1603 experiantur
1392 1550 1523 1604 longe
1546 1551 1752 1603 superius.

285 1626 405 1667 Nam
439 1626 512 1678 qui
546 1625 777 1666 audiendis
808 1624 1165 1674 confessionibus,
1194 1631 1270 1665 aut
1303 1625 1489 1664 docendi
1521 1625 1589 1664 vel
1623 1625 1754 1664 etiam

286 1699 577 1740 concionandi
619 1712 799 1738 munere
850 1704 1222 1751 occupanturhut
1272 1698 1367 1738 haec
1424 1699 1518 1751 ipsa
1576 1712 1756 1738 munera

280 1773 543 1823 detrectent,
592 1772 890 1812 valetudinem
948 1778 1176 1822 excusant,
1231 1785 1355 1811 suam
1408 1771 1755 1812 imbecillitatem

286 1848 468 1900 inquam
511 1847 686 1895 cerebri,
720 1846 875 1886 virium
920 1846 1187 1898 languorem,
1225 1845 1589 1897 defatigationem
1622 1845 1758 1885 totius

281 1922 490 1975 corporis.
556 1920 657 1973 Qua
688 1921 732 1960 in
754 1934 799 1960 re
828 1920 944 1960 fraus
976 1919 1235 1973 plerumque
1257 1919 1375 1969 latet,
1398 1933 1486 1960 non
1516 1920 1632 1959 enim
1655 1920 1759 1972 quia

287 1996 567 2045 laboriosum,
597 1996 675 2035 sed
706 1995 808 2047 quia
841 1994 1060 2034 interdum
1094 1995 1237 2033 minus
1270 1994 1528 2046 speciosum,
1560 1994 1758 2033 minusve

283 2069 530 2122 jucundum
574 2083 733 2109 munus
784 2069 965 2121 aliquod
1008 2074 1084 2119 est,
1136 2073 1369 2121 propterea
1415 2067 1757 2119 subterfugitur;

287 2145 465 2185 tametsi
527 2143 713 2183 honesta
774 2144 984 2195 quaeritur
1039 2142 1268 2182 deserendi
1331 2141 1522 2181 muneris
1577 2141 1756 2194 species,

288 2231 343 2257 ne
395 2223 471 2257 aut
523 2217 778 2257 ambitionis
820 2217 979 2269 cupidi,
1021 2222 1097 2256 aut
1138 2216 1377 2268 voluptatis
1429 2215 1575 2255 studio
1620 2214 1758 2254 dediti

288 2291 527 2330 videamur.
593 2290 883 2342 Coadjutores
915 2303 1017 2329 vero
1047 2295 1090 2329 et
1124 2290 1183 2328 rei
1212 2288 1467 2341 temporalis
1498 2288 1756 2335 administri,

291 2365 334 2404 in
365 2365 662 2404 detrectandis
693 2364 1000 2416 fugiendisque
1033 2363 1284 2403 muneribus
1314 2363 1412 2412 suis,
1443 2362 1616 2402 duabus
1647 2375 1758 2414 prae-

290 2439 417 2492 cipue
449 2439 504 2478 de
536 2438 678 2478 causis
709 2437 1006 2477 valetudinem
1036 2443 1112 2477 aut
1139 2438 1250 2477 vires
1283 2442 1499 2476 excusant
1529 2449 1656 2476 suas:
1688 2435 1756 2475 vel

291 2513 395 2565 quia
430 2512 665 2552 difficultas
696 2518 772 2552 aut
807 2512 940 2561 labor,
978 2512 1052 2563 qui
1090 2512 1133 2550 in
1167 2511 1228 2551 eis
1260 2510 1475 2551 obeundis
1511 2510 1756 2562 suscipitur,

287 2587 402 2626 vires
456 2585 683 2638 infringit;
733 2585 802 2625 vel
855 2585 957 2637 quia
999 2584 1237 2625 multitudo
1278 2584 1531 2634 officiorum,
1574 2596 1673 2636 quae
1714 2582 1757 2621 in

291 2660 534 2699 minoribus
596 2658 837 2711 aliquando
899 2658 1092 2711 collegiis
1143 2659 1273 2699 simul
1326 2658 1590 2711 exequenda
1644 2662 1758 2706 sunt,

290 2733 472 2773 minime
504 2732 683 2773 ferenda
714 2738 789 2772 est.

381 2807 548 2848 Contra
571 2813 779 2860 utrosque
808 2806 913 2846 facit
941 2806 1060 2859 quod
1088 2805 1275 2846 Basilius
1297 2806 1413 2854 dicit,
1437 2818 1537 2845 cum
1559 2803 1757 2857 praecipit

295 2894 385 2922 non
427 2881 555 2922 licere
599 2881 757 2934 cuique
803 2881 896 2931 sibi,
939 2880 1058 2933 quod
1099 2880 1215 2930 velit,
1258 2894 1371 2933 opus
1420 2879 1608 2932 eligere:
1661 2877 1759 2918 “Se
