1903 3197
617 179 684 225 [π
719 178 938 241 Regulas
972 178 1235 226 Modestiae.
1563 181 1658 241 675

194 319 239 353 et
261 318 567 353 ornamentum
588 326 597 362 ;
624 313 868 365 eademque
889 312 970 352 nisi
993 319 1121 353 caute
1142 311 1414 362 adhibeatur,
1434 319 1659 354 tonsorem

193 386 314 436 fallit,
339 394 382 427 et
404 387 577 427 aberrat
597 387 654 426 ad
675 386 844 427 vulnus.
909 386 981 428 Sic
1015 387 1166 440 lingua
1195 388 1453 427 detractoris
1480 401 1659 428 omnem

193 460 384 501 hominis
425 461 814 510 existimationem,
856 461 1078 514 decusque
1119 475 1206 502 uno
1247 462 1468 515 colloquio
1513 462 1660 503 subito

193 537 357 585 evertit,
381 536 624 589 eademque
652 535 842 575 tristitiae
864 535 1021 575 vulnus
1048 535 1215 588 infligit,
1239 542 1286 576 ut
1308 536 1382 575 diu
1405 536 1538 576 deleri
1571 550 1658 577 non

191 611 332 664 possit
353 611 471 651 bono
488 610 581 662 jam
604 609 947 650 existimationis
970 610 1142 649 amisso.
1194 609 1489 663 Compar-atur
1509 616 1657 651 autem

192 684 379 737 flagello,
413 690 458 725 et
488 684 649 737 linguae
682 683 815 737 plaga
847 683 1008 736 flagelli
1045 684 1187 737 plagis
1221 686 1514 738 anteponitur,
1540 685 1658 738 apud

192 758 325 799 Eccli.
360 759 440 799 28:
473 757 694 811 “Flagelli
727 757 895 811 plaga,”
928 759 1081 811 inquit,
1114 758 1330 798 “livorem
1360 758 1489 799 facit:
1527 759 1659 812 plaga

191 837 340 872 autem
372 832 534 886 linguae
560 832 831 872 comminuet
851 831 986 872 ossa.'’
1010 846 1049 885 q.
1068 832 1108 872 d.
1172 832 1417 885 Flagellum
1441 833 1657 873 extimam

191 912 366 947 tantum
428 913 575 947 cutem
627 906 845 947 tumidam
899 906 1052 955 reddit,
1105 913 1394 960 notatamque
1444 907 1658 948 vibicibus

191 980 367 1022 multis:
414 987 461 1021 at
488 981 638 1034 lingua
669 981 928 1021 detractoris
960 982 1148 1033 pectoris
1181 981 1337 1021 intima
1368 987 1579 1034 penetrat,
1613 988 1658 1022 et

192 1054 318 1095 fustis
354 1055 492 1095 instar
526 1068 628 1095 ossa
663 1054 932 1094 comminuit.
1016 1054 1192 1096 Scilicet
1229 1055 1331 1108 quia
1363 1062 1405 1095 et
1442 1056 1659 1108 turpiores

192 1135 322 1169 notas
338 1129 441 1169 vitae
464 1128 745 1180 moribusque
768 1128 907 1176 infert,
927 1141 1059 1180 quam
1083 1130 1277 1181 corporis
1300 1130 1387 1169 cuti
1411 1129 1657 1182 flagellum;

190 1208 236 1243 et
270 1202 369 1256 plus
405 1203 593 1242 tristitiae
631 1201 918 1254 moerorisque
955 1201 1083 1242 infert
1121 1203 1279 1251 animo,
1319 1217 1451 1256 quam
1494 1203 1657 1244 doloriS

191 1277 362 1330 corpori
384 1276 607 1329 flagellum
631 1276 787 1328 ipsum,

277 1350 344 1391 At
380 1363 516 1390 unum
552 1350 734 1390 verbum
772 1363 859 1389 non
898 1349 1047 1402 iniquo
1084 1350 1304 1403 prolatum
1342 1353 1501 1401 animo,
1540 1352 1656 1393 dicet

191 1423 359 1477 aliquis,
379 1437 455 1464 cur
474 1429 649 1464 tantum
673 1423 872 1462 moeroris
893 1423 1078 1463 afferat?
1113 1424 1372 1477 Respondet
1396 1426 1654 1476 Bernardus,

191 1497 282 1540 Ser.
308 1509 372 1551 29.
396 1498 439 1538 in
465 1497 590 1538 Cant.
654 1501 677 1518 “
692 1497 739 1538 Si
772 1497 937 1537 dixeris
970 1497 1091 1538 illum
1115 1512 1201 1538 non
1231 1505 1323 1539 tam
1355 1501 1546 1552 graviter
1577 1515 1656 1553 pro

189 1578 283 1612 tam
306 1572 388 1612 levi
411 1585 542 1612 causa
563 1572 768 1612 debuisse
789 1571 952 1611 turbari
971 1584 980 1620 ;
1015 1571 1294 1625 Respondeo,
1318 1572 1498 1626 Quanto
1522 1573 1657 1614 levior

189 1653 266 1695 est,
303 1653 431 1687 tanto
467 1660 492 1686 a
529 1653 572 1686 te
609 1646 745 1686 levius
788 1646 931 1698 potuit
969 1659 1056 1685 non
1093 1647 1337 1687 committi:
1384 1661 1655 1701 quamquam

191 1721 338 1760 nescio
375 1721 598 1773 quomodo
636 1720 729 1759 leve
771 1719 902 1768 dicas,
936 1720 1143 1772 quicquid
1181 1721 1369 1774 amplius
1407 1729 1483 1770 est,
1522 1737 1655 1776 quam

190 1795 343 1845 irasci;
375 1808 475 1835 cum
503 1794 572 1834 vel
608 1793 691 1834 hoc
720 1794 865 1847 ipsum
898 1794 1144 1834 obnoxium
1174 1809 1269 1835 esse
1296 1796 1462 1848 judicio
1492 1811 1549 1837 ex
1583 1811 1657 1838 ore

189 1870 325 1923 ipsius
361 1869 581 1922 acceperis
621 1868 800 1920 Judicis.
877 1867 995 1920 Quid
1038 1869 1174 1908 nam?
1217 1876 1321 1910 tune
1359 1870 1451 1911 leve
1493 1872 1657 1912 dixeris

189 1944 234 1983 in
266 1958 353 1997 quo
386 1943 623 1984 offenditur
655 1943 921 1984 Christus?'’

278 2018 381 2059 Plus
424 2019 498 2071 qui
541 2018 710 2071 accipit,
753 2031 886 2070 quam
929 2018 1002 2070 qui
1051 2018 1189 2067 infert,
1231 2019 1458 2060 verberum
1501 2020 1656 2074 plagas

188 2093 349 2144 sentit;
384 2093 483 2133 ideo
524 2093 682 2133 dicitur
719 2092 840 2132 Prov.
882 2093 941 2132 18.
981 2098 1024 2132 et
1062 2093 1141 2133 2-6:
1185 2094 1372 2134 “Verba
1408 2097 1655 2136 susurronis

188 2167 313 2220 quasi
351 2167 579 2220 simplicia,
613 2173 656 2207 et
698 2167 792 2219 ipsa
823 2167 1082 2219 perveniunt
1119 2168 1174 2207 ad
1218 2168 1423 2208 interiora
1454 2170 1653 2210 ventris.'’

188 2241 475 2295 Quamquam
530 2248 677 2282 autem
720 2241 942 2281 detractor
982 2241 1158 2281 alterius
1210 2242 1374 2282 famam
1424 2245 1655 2285 obscurare

185 2323 396 2357 conatur:
430 2323 592 2364 tamen,
624 2317 658 2355 si
689 2317 723 2355 is
753 2316 820 2355 cui
851 2316 1093 2356 detrahitur
1120 2318 1338 2369 patienter
1366 2318 1484 2364 ferat,
1508 2320 1654 2371 potius

186 2390 280 2443 ejus
312 2391 555 2431 illustratur
583 2391 701 2430 fama
731 2397 863 2443 atque
884 2391 1048 2440 virtus;
1081 2392 1183 2443 quia
1212 2392 1487 2433 defensorem
1521 2394 1654 2434 habet

187 2464 334 2505 Deum
371 2467 542 2519 ipsum:
579 2466 689 2505 sicut
726 2465 916 2518 MoyseS,
947 2466 1013 2505 cui
1046 2480 1167 2506 soror
1198 2468 1402 2513 detraxit,
1436 2476 1479 2508 et
1511 2468 1651 2509 frater.

188 2538 258 2579 De
299 2554 386 2593 qua
424 2555 468 2580 re
506 2540 683 2593 Origen.
714 2541 757 2579 in
796 2540 925 2579 Num.
967 2552 1043 2580 12:
1091 2541 1369 2594 “Nunquam
1408 2544 1650 2583 invenimus

187 2614 433 2654 Dominum
469 2621 642 2654 tantum
679 2614 879 2654 laudasse
918 2615 1118 2667 Moysen,
1152 2623 1364 2668 quantum
1402 2631 1516 2657 nunc
1550 2632 1648 2657 cum

186 2687 430 2728 detrahitur
461 2689 535 2728 ei.”
597 2688 712 2728 Vide
744 2689 846 2740 quid
881 2689 962 2728 sibi
995 2703 1138 2742 poense
1170 2691 1465 2731 obtrectantes
1498 2699 1649 2732 contu-

184 2761 323 2811 lerint,
348 2764 454 2815 quid
491 2763 549 2802 illi
587 2762 753 2802 laudis:
786 2763 866 2802 sibi
902 2765 1229 2816 turpitudinem,
1266 2765 1323 2803 illi
1357 2766 1648 2818 splendorem,

185 2836 264 2876 sibi
291 2836 470 2889 lepram,
496 2837 554 2876 illi
578 2837 772 2889 gloriam.

272 2919 326 2950 2⁰,
366 2911 509 2951 Lzedit
542 2912 771 2964 proximos
802 2912 1029 2961 detractor,
1056 2915 1154 2966 quia
1182 2916 1485 2955 comnmnitati
1517 2917 1650 2957 socie-
