1903 3197
243 171 339 218 590
564 156 643 202 De
676 155 864 202 ratione
901 155 1095 202 vivendi
1127 156 1389 203 Socz'etatz‘s.

239 297 353 340 sunt,
375 289 629 331 hominibus
662 296 768 330 nota
799 296 928 342 sunt3
967 291 1214 331 necessaria
1250 297 1316 331 est
1354 290 1487 343 igitur
1523 291 1715 332 exterior

240 365 408 418 species
443 370 577 416 atque
612 364 840 405 modestia.
904 364 1024 417 Quin
1053 366 1187 406 etiam
1218 365 1360 405 ausim
1390 364 1534 405 dicere
1555 365 1714 406 tolera·

240 439 442 480 biliorem
480 452 574 478 esse
607 452 925 491 nonnunquam
958 439 1210 480 simulatam
1244 438 1484 492 fictamque
1515 439 1572 479 ad
1602 445 1713 480 tem-

241 527 323 566 pus
355 512 735 565 compositionem,
770 527 903 566 quam
937 513 1182 566 simplicem
1215 514 1457 563 veritatem,
1497 526 1584 566 qua
1615 514 1714 566 quis

240 587 374 627 animi
427 587 492 626 sui
545 586 836 637 affectionem,
891 588 982 628 sive
1033 588 1150 628 bona
1201 588 1291 628 sive
1345 587 1461 627 mala
1514 587 1580 635 sit,
1626 600 1713 628 non

239 659 458 701 occultat:
491 660 611 701 nulla
648 662 766 700 enim
805 675 875 702 me
912 661 987 702 lex
1022 663 1141 714 cogit
1174 662 1369 702 veritatis
1404 675 1537 702 causa
1570 661 1712 714 qualis

237 735 323 774 sim
358 734 550 774 indicare
572 748 672 774 curn
695 734 937 775 offensione
970 741 1103 788 atque
1136 736 1420 775 incommodo
1453 735 1711 775 animorum.

241 809 334 849 Nec
358 808 545 848 dicenda
567 808 811 861 hypocrisis
838 815 903 848 est
936 809 981 858 si,
1005 815 1053 849 ut
1081 810 1386 862 proximorum
1416 809 1711 859 aedificati011i,

241 896 328 923 non
367 888 415 922 ut
451 882 603 935 gloriae
640 883 839 930 serviam,
871 897 922 923 ea
958 884 1014 923 de
1052 897 1122 923 me
1163 884 1380 924 occultem
1416 889 1549 936 atque
1586 884 1711 923 dissi-

240 956 404 996 mulem
428 970 526 1008 quae
550 956 778 995 offensioni
802 958 970 997 caeteris
993 971 1087 997 6556
1109 964 1320 1010 possunt;
1345 964 1392 998 ut
1414 958 1540 998 facile
1562 963 1710 1011 potest

240 1030 386 1082 colligi
410 1043 467 1069 ex
500 1029 551 1069 iis
584 1043 683 1082 quse
716 1031 846 1071 docet
869 1032 911 1073 S.
929 1031 1037 1071 Tho.
1059 1042 1094 1072 2.
1120 1043 1154 1072 2.
1180 1046 1218 1085 q.
1248 1043 1336 1071 111.
1363 1043 1397 1071 2.
1425 1042 1459 1082 3.
1525 1032 1709 1081 Deinde,

239 1105 343 1156 quia
375 1117 463 1143 non
496 1103 639 1143 solum
672 1103 728 1143 ad
762 1104 987 1145 ferendam
1020 1106 1177 1146 animis
1210 1119 1340 1159 opem
1369 1106 1513 1146 vocati
1546 1119 1709 1155 sumus,

238 1177 445 1218 habenda
467 1177 596 1217 nobis
619 1183 685 1217 est
707 1178 1011 1220 :edificationis
1035 1180 1172 1220 ratio:
1204 1179 1282 1220 sed
1312 1181 1446 1220 etiam
1476 1181 1580 1233 quia
1609 1193 1709 1220 cum

239 1252 294 1291 de
317 1250 482 1291 familia
506 1251 688 1291 Domini
722 1253 868 1302 simus,
893 1254 1102 1306 quicquid
1136 1254 1320 1294 facimus
1353 1255 1466 1294 inter
1496 1254 1708 1303 homines,

239 1326 322 1365 hoc
354 1325 501 1378 aliquo
535 1326 669 1365 modo
701 1326 919 1367 redundat
951 1328 1018 1367 vel
1052 1328 1094 1368 in
1127 1328 1304 1368 laudem
1339 1329 1533 1378 Domini,
1565 1329 1633 1369 vel
1667 1329 1709 1368 in

238 1405 555 1452 contemptum,
576 1405 623 1439 ut
641 1400 703 1440 ait
727 1401 1056 1442 Bonaventura:
1081 1402 1203 1454 cujus
1221 1402 1315 1442 hcec
1334 1402 1422 1442 fere
1445 1409 1547 1443 sunt
1563 1403 1708 1450 verba,

237 1474 293 1513 de
322 1473 452 1513 Infor.
479 1487 575 1514 nov.
601 1488 633 1514 6.
660 1476 724 1525 38.

327 1547 497 1600 Quarta
520 1548 641 1588 ratio.
693 1549 801 1588 Ideo
823 1550 1151 1590 conscribendae
1184 1551 1358 1590 fuerunt
1390 1557 1519 1590 certae
1547 1550 1709 1603 regulae

237 1628 458 1674 certaeque
481 1621 599 1673 leges
623 1621 678 1661 de
702 1623 930 1672 modestia,
949 1629 997 1663 ut
1020 1625 1172 1676 quanti
1197 1625 1252 1665 sit
1275 1625 1434 1665 nostris
1456 1624 1709 1664 hominibus

236 1695 437 1736 facienda
469 1696 580 1735 bene
614 1696 879 1749 morigerata
910 1711 960 1737 ac
983 1698 1120 1738 civilis
1152 1699 1384 1748 institutio,
1408 1713 1507 1751 quae
1530 1699 1573 1739 in
1596 1698 1708 1740 hanc

237 1771 445 1810 virtutem
498 1769 790 1820 includuntur,
834 1772 1143 1812 ostenderent:
1196 1772 1413 1825 simulque
1455 1772 1708 1826 politiorum

239 1857 409 1883 morum
442 1843 707 1897 elegantiam
740 1845 910 1897 spiritui
942 1846 1186 1898 pietatique
1229 1860 1316 1886 non
1359 1847 1589 1896 adversari,
1621 1848 1709 1887 imo

236 1918 391 1970 pietati
430 1923 590 1958 nostrae
630 1919 826 1959 maxime
864 1933 958 1959 esse
995 1927 1348 1961 consentaneam.
1414 1920 1529 1961 Sunt
1560 1927 1709 1961 autem

235 1992 434 2032 nonrmlli
478 1994 551 2045 qui
595 1993 874 2033 solidioribus
917 1994 1013 2034 freti
1055 1994 1299 2044 virtutibus,
1342 1995 1397 2035 616
1439 1995 1709 2035 exteriorum

233 2080 408 2106 morum
452 2067 673 2119 elegantia
717 2068 897 2108 minime
934 2068 1147 2118 laborant,
1187 2075 1418 2122 propterea
1456 2070 1574 2122 quod
1612 2083 1708 2123 per-

235 2141 361 2180 fectae
405 2142 652 2181 sanctitatis
695 2156 868 2182 summa
910 2156 996 2183 non
1039 2144 1081 2183 in
1124 2143 1191 2183 his
1223 2144 1306 2183 sita
1339 2149 1433 2192 est;
1472 2144 1708 2195 rusticique

234 2216 375 2255 videri
415 2215 596 2264 malunt,
635 2230 767 2269 quam
810 2217 936 2270 politi
974 2223 1107 2270 atque
1144 2217 1377 2270 elegantes.
1443 2216 1544 2269 Qua
1581 2218 1624 2257 in
1663 2231 1707 2257 re

234 2289 352 2329 haud
377 2291 509 2330 (lubic
531 2290 813 2330 vehementer
835 2298 988 2331 errant.
1054 2291 1170 2331 Nam
1198 2293 1231 2331 si
1260 2293 1302 2331 in
1336 2291 1453 2331 silvis
1484 2291 1705 2343 degerent,

234 2364 389 2415 suique
441 2369 613 2404 tantum
657 2378 805 2404 curam
848 2370 1039 2417 agerent,
1087 2365 1356 2417 parcendum
1400 2364 1580 2405 forsitan
1624 2365 1708 2405 illis

235 2443 360 2487 esset,
385 2438 419 2477 si
454 2438 647 2477 moribus
680 2439 928 2491 agrestibus
961 2440 1022 2479 uti
1055 2439 1242 2488 vellent;
1276 2452 1390 2478 nunc
1422 2445 1570 2479 autem
1603 2453 1702 2479 cum

235 2513 278 2551 in
321 2513 477 2553 mediis
519 2518 745 2553 versentur
785 2512 1048 2563 hominibus,
1092 2513 1410 2566 hominumque
1462 2514 1703 2566 piscatores

236 2587 333 2634 sint,
374 2601 450 2627 cur
491 2587 542 2627 iis
584 2593 762 2627 utantur
804 2588 1009 2636 moribus,
1049 2588 1122 2640 qui
1164 2587 1365 2627 homines
1407 2588 1526 2640 ipsos
1563 2601 1588 2627 a
1624 2601 1703 2627 sua

234 2662 444 2702 societate
463 2675 789 2714 congressuque
807 2662 1080 2702 deterreant?
1114 2661 1349 2702 abhorrent
1367 2662 1482 2701 enim
1501 2661 1706 2701 homines

235 2734 291 2774 ab
324 2735 374 2775 iis
407 2736 612 2786 moribus,
635 2737 710 2788 qui
746 2735 911 2776 liberali
947 2736 1227 2789 ingenuoque
1255 2735 1434 2776 homine
1464 2733 1585 2788 digni
1616 2749 1704 2774 non

234 2815 345 2849 sunt.
410 2810 530 2863 Ergo
562 2811 674 2850 sicut
705 2810 933 2850 studemus
965 2810 1119 2850 litteris
1147 2815 1279 2862 atque
1303 2810 1521 2858 doctrinis,
1545 2809 1703 2862 quibus

231 2882 431 2924 homines
455 2885 687 2937 capiuntur
708 2890 841 2937 atque
872 2884 1089 2936 juvantur,
1114 2885 1173 2925 ita
1197 2883 1463 2925 studendum
1488 2883 1613 2923 nobis
1636 2888 1702 2922 est
