1903 3197
483 170 563 215 De
594 169 853 216 obedientia
888 169 1088 224 medicis,
1116 176 1189 216 etc.
1477 183 1530 229 51
1544 184 1569 229 3

102 302 293 355 peraturi
345 301 654 351 valetudinem,
708 301 742 340 si
795 300 862 340 his
913 301 1184 341 naturalibus
1235 301 1297 341 uti
1354 301 1570 354 praesidiis

102 376 435 427 quodammodo
467 374 765 427 dedignemur.

190 448 280 489 Sed
319 448 590 501 explicemus
626 446 755 498 hujus
789 447 923 487 etiam
965 448 1217 499 posterioris
1254 449 1390 501 partis
1424 448 1568 499 verba,

102 528 146 563 et
197 523 437 571 videamus,
480 523 522 562 in
577 522 735 574 quibus
788 520 969 560 tandem
1026 521 1153 560 rebus
1208 521 1461 562 exhibenda
1515 523 1572 563 sit

103 597 284 637 medicis
347 595 644 648 corporalibus
696 601 739 634 et
790 593 1038 633 infirmariis
1095 594 1358 635 obedientia.
1458 596 1572 636 Sunt

100 676 249 711 autem
276 670 371 709 haec
402 669 740 710 Constitutionis
765 667 923 708 verba:
955 667 1083 709 “Sed
1113 681 1212 707 cum
1243 668 1398 707 eadem
1429 668 1571 708 humi-

100 745 224 785 litate
265 758 366 796 erga
409 743 602 784 medicos
643 741 890 795 corporales
937 747 980 782 et
1017 741 1289 789 infirmarios,
1327 747 1374 781 ut
1413 756 1570 795 corpus

99 818 192 869 ejus
234 816 423 870 regant*
487 816 639 857 “Cum
683 814 872 865 eadem,''
916 816 1069 868 inquit,
1110 814 1435 854 “humilitate''
1515 815 1567 856 In

98 891 239 944 priore
297 891 635 931 Constitutionis
690 896 814 944 parte
871 904 958 930 11011
1021 889 1221 929 meminit
1280 889 1321 928 P.
1366 889 1567 941 Ignatius

98 965 369 1012 humilitatis,
432 965 508 1005 sed
570 970 744 1005 tanturn
806 963 932 1011 dixit,
992 977 1154 1016 magna
1216 977 1315 1003 cum
1375 964 1567 1015 puritate

98 1039 395 1080 obedientiam
438 1053 542 1091 erga
578 1039 820 1092 superiores
862 1037 1108 1091 spirituales
1151 1051 1246 1077 esse
1288 1037 1562 1078 servandam.

99 1113 277 1161 Verum,
308 1126 407 1152 cum
438 1113 556 1152 dicat
586 1112 753 1160 eadem,
778 1111 995 1164 significat
1018 1111 1307 1164 proculdubio
1336 1110 1451 1150 idem
1485 1110 1569 1152 hoc

100 1200 194 1227 esse
216 1187 325 1234 loco,
350 1186 573 1226 humiliter
595 1186 785 1235 obedire,
808 1192 940 1238 atque
962 1199 1070 1238 pure
1093 1191 1135 1225 et
1161 1184 1354 1237 perfecte
1377 1184 1567 1225 obedire.

102 1260 369 1301 Obedientia
392 1260 520 1308 enim,
544 1273 631 1312 quo
661 1259 869 1299 humilior
891 1259 1029 1306 fuerit,
1054 1273 1105 1299 eo
1136 1264 1201 1298 est
1228 1258 1450 1298 censenda
1471 1271 1568 1311 per-

99 1333 261 1373 fectior.
332 1333 463 1381 Nam,
499 1339 547 1372 ut
582 1334 643 1372 ait
681 1333 945 1381 Dorotheus,
982 1332 1234 1372 obedientia
1268 1331 1567 1372 humilitatem

97 1406 383 1458 conjugatam
427 1406 508 1446 sibi
553 1406 781 1459 deposcit;
826 1407 915 1446 imo
947 1412 1041 1446 tota
1075 1407 1117 1445 in
1149 1405 1412 1445 humilitatis
1445 1419 1571 1446 exer·

97 1480 305 1521 citatione
328 1480 411 1520 sita
440 1486 517 1529 est,
542 1494 620 1520 nec
654 1480 743 1520 ulla
772 1480 866 1532 ejus
899 1487 964 1520 est
996 1481 1123 1529 actio,
1147 1493 1281 1532 quam
1315 1493 1402 1518 11011
1435 1479 1568 1518 comi-

97 1561 212 1595 tetur
246 1554 481 1594 humilitas.
559 1555 700 1594 Recte
730 1555 862 1607 igitur
893 1554 935 1594 P.
967 1554 1170 1607 Ignatius
1205 1557 1340 1594 “cum
1377 1553 1569 1603 eadem,’'

96 1630 250 1682 inquit,
291 1628 640 1678 “humilitate;”
677 1629 795 1682 quod
845 1635 948 1669 ante
992 1629 1179 1678 dixerat,
1228 1632 1427 1680 “magna
1469 1642 1568 1668 cum

97 1703 323 1756 puritate.'’

185 1777 346 1817 Maluit
377 1783 527 1817 tamen
559 1776 821 1817 humilitatis
860 1778 922 1817 uti
955 1776 1185 1825 vocabulo,
1218 1777 1321 1828 quia
1357 1775 1571 1815 inferioris

96 1853 301 1892 videntur
325 1851 489 1890 ordinis
517 1851 557 1899 ii,
590 1850 749 1903 quibus
780 1851 979 1903 praecipit
1009 1850 1435 1903 obtemperandum:
1467 1854 1570 1890 sunt

97 1926 213 1965 enim
241 1925 397 1965 medici
425 1924 673 1977 corporales
697 1930 740 1964 et
763 1924 1000 1973 infirmarii,
1026 1937 1112 1964 non
1146 1924 1389 1977 superiores
1422 1923 1571 1976 spirit·

98 1999 244 2049 uales;
298 2005 341 2039 et
392 2005 542 2052 posset
592 1998 750 2051 aliquis
793 1999 1048 2038 existimare
1090 2011 1177 2038 non
1220 2011 1347 2050 aeque
1389 1996 1570 2038 medicis

96 2073 376 2114 saecularibus
400 2072 694 2125 fratribusque
726 2071 974 2112 infirmariis
1002 2071 1402 2124 obtemperandum
1436 2077 1571 2124 atque

99 2147 393 2201 superioribus
431 2146 739 2199 spiritualibus.
825 2146 1022 2198 Ideoque
1065 2146 1325 2186 humilitatis
1363 2159 1466 2185 usus
1503 2152 1570 2186 est

94 2236 213 2271 voce,
247 2228 291 2261 et
324 2221 511 2261 eandem
548 2221 673 2261 addit
708 2234 801 2260 esse
836 2221 996 2261 debere
1031 2220 1326 2261 humilitatem
1365 2220 1408 2260 in
1445 2219 1570 2260 exhi·

97 2296 243 2336 benda
289 2296 485 2348 utrisque
536 2294 799 2335 obedientia.
884 2295 1019 2335 Tanti
1071 2295 1371 2335 obedientiam
1425 2294 1567 2347 ipsam

96 2369 210 2420 facit,
245 2384 344 2422 quae
379 2369 483 2422 ipsis
521 2382 698 2422 quoque
736 2369 918 2409 medicis
957 2374 1023 2408 est
1061 2369 1342 2422 p1·aesta11da;
1376 2382 1425 2408 ac
1463 2380 1570 2408 sane

99 2445 266 2493 merito,
304 2445 407 2496 quia
443 2443 559 2483 salus
602 2444 748 2496 agitur
788 2456 952 2492 eorum,
997 2444 1070 2496 qui
1114 2457 1159 2483 se
1202 2443 1302 2483 Deo
1339 2442 1570 2491 dederunt,

98 2518 378 2570 serviuntque
411 2517 562 2558 alienis
598 2518 731 2558 etiam
762 2517 930 2565 animis,
967 2531 1055 2557 non
1090 2517 1178 2557 suis
1210 2523 1393 2557 tantum.
1460 2516 1569 2556 Ideo

96 2592 296 2633 sanitatis
331 2593 374 2631 in
406 2592 457 2632 iis
491 2592 709 2632 restitutio
743 2592 865 2632 omni
901 2605 985 2645 ope
1020 2592 1255 2644 studioque
1293 2589 1569 2643 procuranda

97 2672 172 2706 est.

186 2739 306 2780 Dicit
337 2746 485 2781 autem
519 2754 621 2794 erga
653 2740 848 2781 medicos
879 2739 1127 2794 corporales
1150 2740 1192 2779 in
1215 2751 1398 2778 numero
1422 2735 1568 2777 multi-

97 2815 274 2864 tudinis,
297 2821 392 2855 tum
416 2815 520 2868 quia
548 2815 770 2856 interdum
800 2815 948 2869 plures
974 2814 1249 2863 adhibentur,
1272 2826 1371 2852 cum
1395 2810 1570 2864 gravior

99 2889 337 2930 necessitas
355 2889 519 2939 incidit,
541 2895 636 2929 tum
659 2890 762 2942 quia
783 2889 984 2942 chirurgi,
1008 2895 1050 2930 et
1073 2888 1146 2940 qui
1169 2900 1327 2928 venam
1350 2885 1567 2932 scindunt,

282 2965 357 2995 HH
