1903 3197
381 185 462 230 De
497 183 542 229 C
538 185 912 230 onstitulz'onum
948 184 1274 232 Auctorilale.
1512 201 1527 231 1
1541 199 1565 245 5

97 316 177 357 has
214 331 344 370 supra
384 316 720 369 appellabamus
762 316 988 364 humanas,
1026 322 1073 356 ut
1110 331 1207 368 quae
1247 317 1437 357 interiori
1480 317 1566 371 legi

99 391 251 432 Sancti
287 391 474 443 Spiritus
508 395 800 442 opponuntur,
837 395 986 430 tamen
1020 403 1119 429 cum
1155 403 1217 429 ese
1252 396 1329 439 tot,
1367 397 1415 431 ut
1448 391 1564 431 dixi-

99 477 206 513 mus,
237 463 560 517 precationibus
592 470 729 516 partae
764 469 896 515 atque
929 463 1194 514 excogitatae
1228 464 1327 511 sint,
1359 478 1438 504 nec
1470 465 1564 505 sine

98 537 383 578 Summorum
417 536 678 577 Pontificum
711 536 1030 589 approbatione
1058 535 1271 588 jussuque
1304 536 1446 586 editae,
1466 537 1563 589 jure

97 623 169 649 cas
204 624 230 650 a
267 610 363 649 Deo
397 615 515 649 ortas
549 623 599 650 ac
632 609 850 662 profectas
884 609 1139 649 existimare
1174 623 1254 662 par
1288 615 1364 650 est.
1430 608 1563 661 Quod

95 683 130 722 si
163 697 189 722 a
223 683 321 722 Deo
357 682 575 735 profectae,
607 683 703 735 quis
741 697 813 723 eas
850 683 1012 723 audeat
1050 683 1250 735 frangere
1288 697 1338 723 ac
1367 683 1562 723 violare?

94 761 170 795 aut
192 756 288 808 quis
317 756 372 796 ad
399 769 472 796 eas
494 757 730 796 servandas
760 770 846 796 non
880 757 1114 796 incitetur?
1179 756 1309 796 Certe
1338 756 1561 796 Pachomii

94 829 243 882 regula
284 830 327 869 in
370 843 443 870 eos
485 830 795 870 animadvertit
833 831 905 882 qui
951 831 1201 870 monasterii
1245 829 1429 882 regulas,
1462 843 1561 882 quae

95 903 179 942 Dei
208 910 429 956 praecepto
451 905 701 943 constitutae
734 910 846 951 sunt,
871 910 1113 956 spernunt;
1146 903 1258 943 hanc
1290 905 1405 943 enim
1437 905 1561 955 quasi

93 991 270 1017 causam
307 978 695 1018 animadversionis
738 977 892 1025 reddit,
929 978 1031 1029 quia
1073 977 1156 1016 Dei
1199 984 1423 1030 praecepto
1461 991 1565 1017 con-

95 1052 261 1091 stitutae
294 1058 405 1091 sunt.

184 1125 256 1163 Ex
307 1124 435 1164 tertia
486 1124 619 1164 etiam
672 1125 841 1164 ratione
895 1124 1274 1164 Constitutionum
1323 1125 1564 1165 auctoritas

94 1197 239 1250 colligi
272 1204 427 1250 potest,
452 1198 556 1237 dum
590 1198 695 1237 dicit
728 1204 876 1237 noster
910 1198 1048 1245 Pater,
1073 1204 1323 1237 sanctorum
1352 1198 1561 1251 exempla

96 1273 155 1311 ita
207 1272 363 1311 docere
414 1271 705 1311 necessarium
750 1285 843 1310 esse
883 1270 1233 1311 Constitutiones
1275 1272 1559 1312 conscribere.

96 1345 185 1385 Eos
236 1351 384 1384 autern
437 1351 612 1385 sanctos
669 1344 885 1397 intelligit,
941 1346 1014 1396 qui
1069 1345 1255 1385 familias
1307 1345 1561 1396 fundarunt,

93 1432 254 1470 casque
290 1419 575 1458 sanctissimis
612 1418 823 1458 institutis
861 1432 912 1457 ac
949 1417 1120 1470 legibus
1158 1424 1472 1470 temperarunt,
1513 1425 1562 1460 ut

93 1492 166 1544 qui
199 1505 375 1532 omnem
409 1506 557 1532 earum
592 1492 851 1544 religionum
890 1492 932 1531 in
968 1491 1347 1532 Constitutionum
1382 1506 1559 1533 suarum

91 1566 397 1606 observatione
419 1566 612 1619 positum
636 1580 730 1606 esse
753 1571 997 1612 censerunt,
1017 1579 1096 1605 nec
1118 1566 1211 1605 sine
1234 1566 1284 1606 iis
1308 1566 1559 1619 religiosam

92 1639 366 1692 disciplinam
400 1653 529 1692 posse
560 1646 770 1680 constare.
838 1639 896 1679 Et
932 1653 1034 1679 vere
1072 1639 1191 1678 nulla
1229 1653 1308 1679 nos
1340 1641 1402 1680 ita
1436 1654 1502 1680 res
1534 1654 1561 1680 a

91 1714 311 1752 communi
339 1713 566 1753 hominum
589 1715 679 1753 vita
702 1713 893 1766 sejungit
915 1720 1049 1765 atque
1071 1713 1316 1765 distinguit,
1342 1720 1389 1754 ut
1411 1714 1559 1754 obser-

91 1787 208 1826 vatio
251 1786 497 1839 regularum
540 1801 590 1827 ac
630 1787 1038 1835 Constitutionum;
1093 1801 1180 1827 non
1227 1788 1343 1827 enim
1382 1787 1559 1828 habitus

93 1866 358 1912 ornatusque
394 1861 429 1899 is
467 1874 546 1900 nos
583 1861 815 1913 distinguit
857 1862 1060 1909 exterior,
1084 1862 1187 1913 quia
1224 1861 1417 1914 corporis
1455 1875 1559 1901 con-

93 1934 243 1983 versio,
268 1940 315 1974 ut
345 1935 406 1974 ait
440 1933 717 1982 Bernardus,l
750 1934 783 1973 si
821 1934 915 1974 sola
952 1934 1093 1983 fuerit,
1128 1934 1246 1974 nulla
1283 1935 1372 1975 erit.
1438 1935 1558 1987 Ergo

92 2007 290 2047 custodia
342 2007 488 2060 legum
532 2022 582 2048 ac
623 2007 877 2061 disciplinae,
922 2021 1053 2060 quam
1097 2007 1366 2060 profitemur,
1410 2021 1489 2047 nos
1530 2022 1557 2048 a

92 2081 259 2120 caeteris
290 2081 481 2134 sejungit
522 2080 783 2129 hominibus,
818 2088 861 2121 et
897 2081 970 2133 qui
1001 2080 1119 2120 aliud
1163 2095 1296 2133 quam
1334 2082 1557 2134 professus

93 2160 158 2194 est
209 2154 322 2203 facit,
367 2162 414 2195 ut
455 2155 516 2195 ait
559 2155 604 2195 Β.
642 2153 884 2208 Ephrae1n‚2
925 2154 1115 2195 alienum
1167 2154 1368 2195 habitum
1411 2155 1555 2196 sumit.

95 2228 195 2268 Hoc
231 2229 363 2281 igitur
398 2230 432 2268 si
468 2229 563 2281 quis
597 2242 744 2269 secum
781 2234 950 2269 attente
988 2234 1170 2281 reputet,
1204 2242 1368 2281 magno
1406 2229 1553 2269 studio

92 2303 349 2343 exardescet
391 2304 446 2343 ad
489 2303 734 2344 custodiam
778 2303 925 2356 legum
966 2317 1018 2343 ac
1060 2302 1319 2355 regularum.
1402 2303 1556 2356 Atque

91 2376 184 2417 haec
207 2378 261 2418 de
283 2378 554 2427 auctoritate,
578 2377 766 2418 utilitate
789 2384 833 2418 et
860 2377 1122 2418 necessitate
1147 2376 1540 2418 Constitutionum.

199 2491 210 2511 ¹
237 2494 340 2526 Serm.
356 2494 387 2525 ii.
404 2494 437 2524 in
454 2494 562 2535 capita
575 2493 676 2535 jejun.
828 2492 840 2512 ²¹
867 2495 971 2526 Serm.
988 2493 1044 2525 ubi
1061 2503 1119 2525 sua
1135 2498 1270 2535 peccata
1285 2493 1446 2535 deplorat.
