<?xml version="1.0" encoding="UTF-8"?>
<!DOCTYPE html PUBLIC "-//W3C//DTD XHTML 1.0 Transitional//EN"
    "http://www.w3.org/TR/xhtml1/DTD/xhtml1-transitional.dtd">
<html xmlns="http://www.w3.org/1999/xhtml" xml:lang="en" lang="en">
 <head>
  <title>
</title>
<meta http-equiv="Content-Type" content="text/html;charset=utf-8" />
  <meta name='ocr-system' content='tesseract 3.04.00' />
  <meta name='ocr-capabilities' content='ocr_page ocr_carea ocr_par ocr_line ocrx_word'/>
</head>
<body>
  <div class='ocr_page' id='page_1' title='image "./nicolaiorlandini00orla/nicolaiorlandini00orla_0699.png"; bbox 0 0 1903 3197; ppageno 0'>
   <div class='ocr_carea' id='block_1_1' title="bbox 635 198 1678 260">
    <p class='ocr_par' dir='ltr' id='par_1_1' title="bbox 635 198 1678 260">
     <span class='ocr_line' id='line_1_1' title="bbox 635 198 1678 260; baseline 0.001 -16"><span class='ocrx_word' id='word_1_1' title='bbox 635 198 697 245; x_wconf 85' lang='lat' dir='ltr'>In</span> <span class='ocrx_word' id='word_1_2' title='bbox 731 198 948 260; x_wconf 66' lang='lat' dir='ltr'>Regulus</span> <span class='ocrx_word' id='word_1_3' title='bbox 981 198 1242 245; x_wconf 72' lang='lat' dir='ltr'>Modestz&#39;ae.</span> <span class='ocrx_word' id='word_1_4' title='bbox 1582 201 1678 260; x_wconf 83' lang='lat'>679</span> 
     </span>
    </p>
   </div>
   <div class='ocr_carea' id='block_1_2' title="bbox 211 330 1683 2979">
    <p class='ocr_par' dir='ltr' id='par_1_2' title="bbox 212 330 1681 682">
     <span class='ocr_line' id='line_1_2' title="bbox 214 330 1678 385; baseline 0.001 -13"><span class='ocrx_word' id='word_1_5' title='bbox 214 330 346 372; x_wconf 86' lang='lat' dir='ltr'>Eccli.</span> <span class='ocrx_word' id='word_1_6' title='bbox 373 333 435 372; x_wconf 86' lang='lat'>28.</span> <span class='ocrx_word' id='word_1_7' title='bbox 471 331 528 372; x_wconf 89' lang='lat' dir='ltr'>ab</span> <span class='ocrx_word' id='word_1_8' title='bbox 550 336 608 372; x_wconf 74' lang='lat' dir='ltr'>‘eo</span> <span class='ocrx_word' id='word_1_9' title='bbox 640 331 767 372; x_wconf 90' lang='lat' dir='ltr'>loco:</span> <span class='ocrx_word' id='word_1_10' title='bbox 811 332 1024 385; x_wconf 88' lang='lat' dir='ltr'>“Lingua</span> <span class='ocrx_word' id='word_1_11' title='bbox 1055 333 1185 372; x_wconf 89' lang='lat' dir='ltr'>tertia</span> <span class='ocrx_word' id='word_1_12' title='bbox 1216 332 1379 373; x_wconf 90' lang='lat' dir='ltr'>multos</span> <span class='ocrx_word' id='word_1_13' title='bbox 1403 332 1678 382; x_wconf 84' lang='lat' dir='ltr'>commovit,&#39;&#39;</span> 
     </span>
     <span class='ocr_line' id='line_1_3' title="bbox 213 405 1679 459; baseline 0 -13"><span class='ocrx_word' id='word_1_14' title='bbox 213 412 264 446; x_wconf 90' lang='lat' dir='ltr'>ut</span> <span class='ocrx_word' id='word_1_15' title='bbox 299 406 420 446; x_wconf 88' lang='lat' dir='ltr'>infra.</span> <span class='ocrx_word' id='word_1_16' title='bbox 485 406 544 446; x_wconf 85' lang='lat' dir='ltr'>Et</span> <span class='ocrx_word' id='word_1_17' title='bbox 582 405 814 455; x_wconf 88' lang='lat' dir='ltr'>Climacus,</span> <span class='ocrx_word' id='word_1_18' title='bbox 852 420 911 459; x_wconf 89' lang='lat' dir='ltr'>gr.</span> <span class='ocrx_word' id='word_1_19' title='bbox 937 407 991 446; x_wconf 94' lang='lat' dir='ltr'>de</span> <span class='ocrx_word' id='word_1_20' title='bbox 1030 407 1343 447; x_wconf 88' lang='lat' dir='ltr'>Detractione:</span> <span class='ocrx_word' id='word_1_21' title='bbox 1375 406 1679 455; x_wconf 87' lang='lat' dir='ltr'>“Detractio‚”</span> 
     </span>
     <span class='ocr_line' id='line_1_4' title="bbox 212 479 1681 533; baseline 0.001 -14"><span class='ocrx_word' id='word_1_22' title='bbox 212 480 365 533; x_wconf 91' lang='lat' dir='ltr'>inquit,</span> <span class='ocrx_word' id='word_1_23' title='bbox 390 483 492 521; x_wconf 88' lang='lat' dir='ltr'>“est</span> <span class='ocrx_word' id='word_1_24' title='bbox 522 479 667 533; x_wconf 90' lang='lat' dir='ltr'>proles</span> <span class='ocrx_word' id='word_1_25' title='bbox 690 481 789 529; x_wconf 90' lang='lat' dir='ltr'>odii,</span> <span class='ocrx_word' id='word_1_26' title='bbox 823 481 965 520; x_wconf 86' lang='lat' dir='ltr'>tenuis</span> <span class='ocrx_word' id='word_1_27' title='bbox 998 480 1194 533; x_wconf 79' lang='lat' dir='ltr'>languor,</span> <span class='ocrx_word' id='word_1_28' title='bbox 1223 481 1400 533; x_wconf 86' lang='lat' dir='ltr'>pinguis</span> <span class='ocrx_word' id='word_1_29' title='bbox 1433 486 1476 521; x_wconf 89' lang='lat' dir='ltr'>et</span> <span class='ocrx_word' id='word_1_30' title='bbox 1508 480 1681 521; x_wconf 87' lang='lat' dir='ltr'>occulta</span> 
     </span>
     <span class='ocr_line' id='line_1_5' title="bbox 212 554 1681 608; baseline 0.001 -13"><span class='ocrx_word' id='word_1_31' title='bbox 212 568 264 595; x_wconf 89' lang='lat' dir='ltr'>ac</span> <span class='ocrx_word' id='word_1_32' title='bbox 295 554 437 595; x_wconf 89' lang='lat' dir='ltr'>latens</span> <span class='ocrx_word' id='word_1_33' title='bbox 469 554 746 608; x_wconf 75' lang='lat' dir='ltr'>sanguisuga,</span> <span class='ocrx_word' id='word_1_34' title='bbox 771 569 870 608; x_wconf 83' lang='lat' dir='ltr'>quae</span> <span class='ocrx_word' id='word_1_35' title='bbox 903 554 1128 595; x_wconf 83' lang='lat' dir='ltr'>charitatis</span> <span class='ocrx_word' id='word_1_36' title='bbox 1160 568 1339 595; x_wconf 89' lang='lat' dir='ltr'>omnem</span> <span class='ocrx_word' id='word_1_37' title='bbox 1372 556 1592 596; x_wconf 80' lang='lat' dir='ltr'>consumit</span> <span class='ocrx_word' id='word_1_38' title='bbox 1629 569 1681 596; x_wconf 90' lang='lat' dir='ltr'>ac</span> 
     </span>
     <span class='ocr_line' id='line_1_6' title="bbox 212 627 778 682; baseline -0.002 -13"><span class='ocrx_word' id='word_1_39' title='bbox 212 628 448 669; x_wconf 82' lang='lat' dir='ltr'>demolitur</span> <span class='ocrx_word' id='word_1_40' title='bbox 479 627 778 682; x_wconf 89' lang='lat' dir='ltr'>sanguinem.”</span> 
     </span>
    </p>

    <p class='ocr_par' dir='ltr' id='par_1_3' title="bbox 211 703 1683 1202">
     <span class='ocr_line' id='line_1_7' title="bbox 300 703 1680 757; baseline 0.001 -14"><span class='ocrx_word' id='word_1_41' title='bbox 300 703 434 743; x_wconf 87' lang='lat' dir='ltr'>Adde</span> <span class='ocrx_word' id='word_1_42' title='bbox 461 703 540 751; x_wconf 87' lang='lat' dir='ltr'>his,</span> <span class='ocrx_word' id='word_1_43' title='bbox 564 704 598 743; x_wconf 90' lang='lat' dir='ltr'>si</span> <span class='ocrx_word' id='word_1_44' title='bbox 627 703 783 756; x_wconf 88' lang='lat' dir='ltr'>placet,</span> <span class='ocrx_word' id='word_1_45' title='bbox 807 703 1162 756; x_wconf 75' lang='lat' dir='ltr'>implorationem</span> <span class='ocrx_word' id='word_1_46' title='bbox 1193 704 1327 743; x_wconf 90' lang='lat' dir='ltr'>divini</span> <span class='ocrx_word' id='word_1_47' title='bbox 1359 705 1562 757; x_wconf 84' lang='lat' dir='ltr'>praesidii,</span> <span class='ocrx_word' id='word_1_48' title='bbox 1587 705 1680 744; x_wconf 87' lang='lat' dir='ltr'>sine</span> 
     </span>
     <span class='ocr_line' id='line_1_8' title="bbox 213 777 1681 831; baseline 0.001 -14"><span class='ocrx_word' id='word_1_49' title='bbox 213 791 301 830; x_wconf 91' lang='lat' dir='ltr'>quo</span> <span class='ocrx_word' id='word_1_50' title='bbox 342 777 502 830; x_wconf 60' lang='lat' dir='ltr'>linguae</span> <span class='ocrx_word' id='word_1_51' title='bbox 533 777 730 818; x_wconf 76' lang='lat' dir='ltr'>habenas</span> <span class='ocrx_word' id='word_1_52' title='bbox 767 778 989 818; x_wconf 89' lang='lat' dir='ltr'>continere</span> <span class='ocrx_word' id='word_1_53' title='bbox 1027 792 1115 817; x_wconf 91' lang='lat' dir='ltr'>non</span> <span class='ocrx_word' id='word_1_54' title='bbox 1149 791 1413 831; x_wconf 87' lang='lat' dir='ltr'>possumus;</span> <span class='ocrx_word' id='word_1_55' title='bbox 1447 784 1681 831; x_wconf 90' lang='lat' dir='ltr'>propterea</span> 
     </span>
     <span class='ocr_line' id='line_1_9' title="bbox 213 851 1680 902; baseline 0.001 -11"><span class='ocrx_word' id='word_1_56' title='bbox 213 851 330 891; x_wconf 90' lang='lat' dir='ltr'>enim</span> <span class='ocrx_word' id='word_1_57' title='bbox 363 851 538 892; x_wconf 88' lang='lat' dir='ltr'>dicebat</span> <span class='ocrx_word' id='word_1_58' title='bbox 572 852 746 892; x_wconf 90' lang='lat' dir='ltr'>David:</span> <span class='ocrx_word' id='word_1_59' title='bbox 782 854 801 871; x_wconf 89' lang='lat'><strong>“</strong></span> <span class='ocrx_word' id='word_1_60' title='bbox 821 852 949 900; x_wconf 90' lang='lat' dir='ltr'>Pone,</span> <span class='ocrx_word' id='word_1_61' title='bbox 974 852 1180 902; x_wconf 78' lang='lat' dir='ltr'>Domine,</span> <span class='ocrx_word' id='word_1_62' title='bbox 1203 852 1450 892; x_wconf 73' lang='lat' dir='ltr'>custodiam</span> <span class='ocrx_word' id='word_1_63' title='bbox 1479 853 1540 892; x_wconf 90' lang='lat' dir='ltr'>ori</span> <span class='ocrx_word' id='word_1_64' title='bbox 1568 865 1680 901; x_wconf 89' lang='lat' dir='ltr'>meo,</span> 
     </span>
     <span class='ocr_line' id='line_1_10' title="bbox 212 926 1682 969; baseline 0.001 -3"><span class='ocrx_word' id='word_1_65' title='bbox 212 931 258 966; x_wconf 87' lang='lat' dir='ltr'>et</span> <span class='ocrx_word' id='word_1_66' title='bbox 285 926 446 969; x_wconf 87' lang='lat' dir='ltr'>ostium</span> <span class='ocrx_word' id='word_1_67' title='bbox 476 927 815 967; x_wconf 61' lang='lat' dir='ltr'>circumstantia:</span> <span class='ocrx_word' id='word_1_68' title='bbox 850 926 977 966; x_wconf 91' lang='lat' dir='ltr'>labiis</span> <span class='ocrx_word' id='word_1_69' title='bbox 1000 926 1145 966; x_wconf 86' lang='lat' dir='ltr'>meis.’‘</span> <span class='ocrx_word' id='word_1_70' title='bbox 1209 927 1268 967; x_wconf 86' lang='lat' dir='ltr'>Et</span> <span class='ocrx_word' id='word_1_71' title='bbox 1302 926 1433 967; x_wconf 90' lang='lat' dir='ltr'>Eccli.</span> <span class='ocrx_word' id='word_1_72' title='bbox 1459 927 1522 967; x_wconf 82' lang='lat'>28.</span> <span class='ocrx_word' id='word_1_73' title='bbox 1547 927 1682 968; x_wconf 90' lang='lat' dir='ltr'>dicit:</span> 
     </span>
     <span class='ocr_line' id='line_1_11' title="bbox 213 999 1683 1054; baseline 0.001 -13"><span class='ocrx_word' id='word_1_74' title='bbox 213 999 341 1053; x_wconf 80' lang='lat' dir='ltr'>“Qui</span> <span class='ocrx_word' id='word_1_75' title='bbox 383 1001 635 1054; x_wconf 90' lang='lat' dir='ltr'>relinquunt</span> <span class='ocrx_word' id='word_1_76' title='bbox 686 1001 942 1051; x_wconf 86' lang='lat' dir='ltr'>Dominum,</span> <span class='ocrx_word' id='word_1_77' title='bbox 987 1001 1181 1042; x_wconf 88' lang='lat' dir='ltr'>incident</span> <span class='ocrx_word' id='word_1_78' title='bbox 1222 1001 1266 1041; x_wconf 92' lang='lat' dir='ltr'>in</span> <span class='ocrx_word' id='word_1_79' title='bbox 1310 1001 1466 1050; x_wconf 89' lang='lat' dir='ltr'>illam,”</span> <span class='ocrx_word' id='word_1_80' title='bbox 1516 1002 1683 1042; x_wconf 89' lang='lat' dir='ltr'>scilicet</span> 
     </span>
     <span class='ocr_line' id='line_1_12' title="bbox 211 1074 1681 1128; baseline 0.002 -14"><span class='ocrx_word' id='word_1_81' title='bbox 211 1074 407 1128; x_wconf 82' lang='lat' dir='ltr'>linguam</span> <span class='ocrx_word' id='word_1_82' title='bbox 451 1089 652 1128; x_wconf 81' lang='lat' dir='ltr'>nequam.</span> <span class='ocrx_word' id='word_1_83' title='bbox 746 1075 835 1116; x_wconf 90' lang='lat' dir='ltr'>Ubi</span> <span class='ocrx_word' id='word_1_84' title='bbox 872 1075 1133 1127; x_wconf 88' lang='lat' dir='ltr'>Jansenium</span> <span class='ocrx_word' id='word_1_85' title='bbox 1177 1075 1297 1128; x_wconf 89' lang='lat' dir='ltr'>legas</span> <span class='ocrx_word' id='word_1_86' title='bbox 1339 1076 1450 1125; x_wconf 87' lang='lat' dir='ltr'>licet,</span> <span class='ocrx_word' id='word_1_87' title='bbox 1495 1077 1538 1116; x_wconf 88' lang='lat' dir='ltr'>in</span> <span class='ocrx_word' id='word_1_88' title='bbox 1585 1076 1681 1117; x_wconf 81' lang='lat' dir='ltr'>haec</span> 
     </span>
     <span class='ocr_line' id='line_1_13' title="bbox 211 1149 854 1202; baseline 0 -13"><span class='ocrx_word' id='word_1_89' title='bbox 211 1149 357 1199; x_wconf 88' lang='lat' dir='ltr'>verba,</span> <span class='ocrx_word' id='word_1_90' title='bbox 379 1163 417 1202; x_wconf 90' lang='lat' dir='ltr'>p.</span> <span class='ocrx_word' id='word_1_91' title='bbox 441 1162 538 1201; x_wconf 84' lang='lat'>444,</span> <span class='ocrx_word' id='word_1_92' title='bbox 560 1150 638 1190; x_wconf 90' lang='lat' dir='ltr'>col.</span> <span class='ocrx_word' id='word_1_93' title='bbox 664 1161 698 1190; x_wconf 84' lang='lat'>2.</span> <span class='ocrx_word' id='word_1_94' title='bbox 725 1164 763 1189; x_wconf 90' lang='lat' dir='ltr'>n.</span> <span class='ocrx_word' id='word_1_95' title='bbox 791 1149 854 1189; x_wconf 81' lang='lat'>26.</span> 
     </span>
    </p>

    <p class='ocr_par' dir='ltr' id='par_1_4' title="bbox 212 1223 1682 1796">
     <span class='ocr_line' id='line_1_14' title="bbox 302 1223 1682 1276; baseline 0.001 -12"><span class='ocrx_word' id='word_1_96' title='bbox 302 1223 461 1276; x_wconf 74' lang='lat' dir='ltr'>Quoad</span> <span class='ocrx_word' id='word_1_97' title='bbox 504 1225 689 1264; x_wconf 88' lang='lat' dir='ltr'>tertium.</span> <span class='ocrx_word' id='word_1_98' title='bbox 773 1224 841 1264; x_wconf 90' lang='lat' dir='ltr'>De</span> <span class='ocrx_word' id='word_1_99' title='bbox 892 1237 980 1263; x_wconf 90' lang='lat' dir='ltr'>non</span> <span class='ocrx_word' id='word_1_100' title='bbox 1033 1224 1262 1264; x_wconf 89' lang='lat' dir='ltr'>audiendis</span> <span class='ocrx_word' id='word_1_101' title='bbox 1315 1238 1393 1264; x_wconf 90' lang='lat' dir='ltr'>nec</span> <span class='ocrx_word' id='word_1_102' title='bbox 1445 1225 1682 1265; x_wconf 82' lang='lat' dir='ltr'>referendis</span> 
     </span>
     <span class='ocr_line' id='line_1_15' title="bbox 213 1298 1681 1340; baseline 0.001 -2"><span class='ocrx_word' id='word_1_103' title='bbox 213 1298 559 1338; x_wconf 85' lang='lat' dir='ltr'>detractionibus</span> <span class='ocrx_word' id='word_1_104' title='bbox 581 1298 776 1339; x_wconf 89' lang='lat' dir='ltr'>aliorum.</span> <span class='ocrx_word' id='word_1_105' title='bbox 830 1298 933 1338; x_wconf 90' lang='lat' dir='ltr'>Non</span> <span class='ocrx_word' id='word_1_106' title='bbox 957 1304 1060 1338; x_wconf 88' lang='lat' dir='ltr'>sunt</span> <span class='ocrx_word' id='word_1_107' title='bbox 1083 1304 1228 1338; x_wconf 80' lang='lat' dir='ltr'>autem</span> <span class='ocrx_word' id='word_1_108' title='bbox 1253 1299 1486 1339; x_wconf 78' lang='lat' dir='ltr'>audiendae</span> <span class='ocrx_word' id='word_1_109' title='bbox 1509 1300 1681 1340; x_wconf 88' lang='lat' dir='ltr'>detrac-</span> 
     </span>
     <span class='ocr_line' id='line_1_16' title="bbox 212 1372 1680 1426; baseline 0.001 -14"><span class='ocrx_word' id='word_1_110' title='bbox 212 1373 357 1412; x_wconf 88' lang='lat' dir='ltr'>tiones</span> <span class='ocrx_word' id='word_1_111' title='bbox 379 1373 575 1422; x_wconf 90' lang='lat' dir='ltr'>aliorum,</span> <span class='ocrx_word' id='word_1_112' title='bbox 595 1373 728 1426; x_wconf 82' lang='lat' dir='ltr'>juxta</span> <span class='ocrx_word' id='word_1_113' title='bbox 751 1372 882 1412; x_wconf 88' lang='lat' dir='ltr'>Eccli.</span> <span class='ocrx_word' id='word_1_114' title='bbox 907 1378 1191 1425; x_wconf 61' lang='lat' dir='ltr'>praeceptum,</span> <span class='ocrx_word' id='word_1_115' title='bbox 1215 1387 1248 1414; x_wconf 90' lang='lat' dir='ltr'>c.</span> <span class='ocrx_word' id='word_1_116' title='bbox 1274 1374 1325 1412; x_wconf 83' lang='lat'>28</span> <span class='ocrx_word' id='word_1_117' title='bbox 1345 1388 1352 1413; x_wconf 91' lang='lat'>:</span> <span class='ocrx_word' id='word_1_118' title='bbox 1388 1377 1408 1392; x_wconf 89' lang='lat'>“</span> <span class='ocrx_word' id='word_1_119' title='bbox 1428 1373 1531 1426; x_wconf 80' lang='lat' dir='ltr'>Sepi</span> <span class='ocrx_word' id='word_1_120' title='bbox 1555 1388 1680 1414; x_wconf 89' lang='lat' dir='ltr'>aures</span> 
     </span>
     <span class='ocr_line' id='line_1_17' title="bbox 212 1446 1681 1500; baseline 0.001 -14"><span class='ocrx_word' id='word_1_121' title='bbox 212 1452 312 1486; x_wconf 91' lang='lat' dir='ltr'>tuas</span> <span class='ocrx_word' id='word_1_122' title='bbox 349 1447 497 1499; x_wconf 84' lang='lat' dir='ltr'>spinis,</span> <span class='ocrx_word' id='word_1_123' title='bbox 533 1453 576 1487; x_wconf 89' lang='lat' dir='ltr'>et</span> <span class='ocrx_word' id='word_1_124' title='bbox 613 1447 808 1500; x_wconf 83' lang='lat' dir='ltr'>linguam</span> <span class='ocrx_word' id='word_1_125' title='bbox 846 1459 1037 1499; x_wconf 84' lang='lat' dir='ltr'>nequam</span> <span class='ocrx_word' id='word_1_126' title='bbox 1076 1446 1163 1486; x_wconf 91' lang='lat' dir='ltr'>noli</span> <span class='ocrx_word' id='word_1_127' title='bbox 1206 1447 1392 1487; x_wconf 86' lang='lat' dir='ltr'>audire.”</span> <span class='ocrx_word' id='word_1_128' title='bbox 1456 1448 1514 1487; x_wconf 81' lang='lat' dir='ltr'>Et</span> <span class='ocrx_word' id='word_1_129' title='bbox 1548 1448 1681 1500; x_wconf 79' lang='lat' dir='ltr'>juxta</span> 
     </span>
     <span class='ocr_line' id='line_1_18' title="bbox 214 1520 1681 1574; baseline 0.001 -13"><span class='ocrx_word' id='word_1_130' title='bbox 214 1520 496 1561; x_wconf 87' lang='lat' dir='ltr'>Proverbium</span> <span class='ocrx_word' id='word_1_131' title='bbox 537 1521 770 1574; x_wconf 86' lang='lat' dir='ltr'>Sapientis,</span> <span class='ocrx_word' id='word_1_132' title='bbox 810 1535 842 1560; x_wconf 94' lang='lat' dir='ltr'>c.</span> <span class='ocrx_word' id='word_1_133' title='bbox 883 1531 962 1571; x_wconf 82' lang='lat'>24:</span> <span class='ocrx_word' id='word_1_134' title='bbox 1002 1521 1099 1560; x_wconf 86' lang='lat' dir='ltr'>“Et</span> <span class='ocrx_word' id='word_1_135' title='bbox 1133 1534 1233 1560; x_wconf 89' lang='lat' dir='ltr'>cum</span> <span class='ocrx_word' id='word_1_136' title='bbox 1270 1521 1591 1562; x_wconf 87' lang='lat' dir='ltr'>detractoribus</span> <span class='ocrx_word' id='word_1_137' title='bbox 1627 1536 1681 1563; x_wconf 90' lang='lat' dir='ltr'>ne</span> 
     </span>
     <span class='ocr_line' id='line_1_19' title="bbox 214 1595 1682 1646; baseline 0.001 -11"><span class='ocrx_word' id='word_1_138' title='bbox 214 1595 599 1646; x_wconf 87' lang='lat' dir='ltr'>commiscearis;”</span> <span class='ocrx_word' id='word_1_139' title='bbox 625 1595 777 1645; x_wconf 86' lang='lat' dir='ltr'>Gloss.‚</span> <span class='ocrx_word' id='word_1_140' title='bbox 814 1595 980 1635; x_wconf 87' lang='lat' dir='ltr'>Eorum</span> <span class='ocrx_word' id='word_1_141' title='bbox 1013 1595 1309 1636; x_wconf 88' lang='lat' dir='ltr'>detractiones</span> <span class='ocrx_word' id='word_1_142' title='bbox 1341 1595 1528 1637; x_wconf 88' lang='lat' dir='ltr'>libenter</span> <span class='ocrx_word' id='word_1_143' title='bbox 1559 1597 1682 1637; x_wconf 90' lang='lat' dir='ltr'>audi-</span> 
     </span>
     <span class='ocr_line' id='line_1_20' title="bbox 215 1669 1681 1711; baseline 0.001 -2"><span class='ocrx_word' id='word_1_144' title='bbox 215 1670 341 1710; x_wconf 92' lang='lat' dir='ltr'>endo.</span> <span class='ocrx_word' id='word_1_145' title='bbox 423 1670 568 1710; x_wconf 89' lang='lat' dir='ltr'>Multa</span> <span class='ocrx_word' id='word_1_146' title='bbox 602 1670 718 1710; x_wconf 89' lang='lat' dir='ltr'>enim</span> <span class='ocrx_word' id='word_1_147' title='bbox 754 1683 811 1709; x_wconf 77' lang='lat' dir='ltr'>ex</span> <span class='ocrx_word' id='word_1_148' title='bbox 850 1669 1034 1709; x_wconf 88' lang='lat' dir='ltr'>aliorum</span> <span class='ocrx_word' id='word_1_149' title='bbox 1069 1669 1416 1710; x_wconf 87' lang='lat' dir='ltr'>detractionibus</span> <span class='ocrx_word' id='word_1_150' title='bbox 1451 1671 1681 1711; x_wconf 89' lang='lat' dir='ltr'>audiendis</span> 
     </span>
     <span class='ocr_line' id='line_1_21' title="bbox 216 1739 1288 1796; baseline 0 -13"><span class='ocrx_word' id='word_1_151' title='bbox 216 1739 334 1783; x_wconf 76' lang='lat' dir='ltr'>mala</span> <span class='ocrx_word' id='word_1_152' title='bbox 355 1750 708 1796; x_wconf 85' lang='lat' dir='ltr'>consequuntur;</span> <span class='ocrx_word' id='word_1_153' title='bbox 742 1744 820 1783; x_wconf 88' lang='lat' dir='ltr'>sed</span> <span class='ocrx_word' id='word_1_154' title='bbox 843 1743 1063 1796; x_wconf 65' lang='lat' dir='ltr'>praecipue</span> <span class='ocrx_word' id='word_1_155' title='bbox 1085 1743 1288 1796; x_wconf 90' lang='lat' dir='ltr'>quinque.</span> 
     </span>
    </p>

    <p class='ocr_par' dir='ltr' id='par_1_5' title="bbox 216 1818 1681 2092">
     <span class='ocr_line' id='line_1_22' title="bbox 309 1818 1679 1871; baseline 0.003 -15"><span class='ocrx_word' id='word_1_156' title='bbox 309 1824 361 1858; x_wconf 93' lang='lat'>10.</span> <span class='ocrx_word' id='word_1_157' title='bbox 396 1818 527 1858; x_wconf 89' lang='lat' dir='ltr'>Enim</span> <span class='ocrx_word' id='word_1_158' title='bbox 560 1818 677 1858; x_wconf 90' lang='lat' dir='ltr'>bona</span> <span class='ocrx_word' id='word_1_159' title='bbox 709 1818 763 1857; x_wconf 88' lang='lat' dir='ltr'>de</span> <span class='ocrx_word' id='word_1_160' title='bbox 794 1818 1010 1871; x_wconf 80' lang='lat' dir='ltr'>proximis</span> <span class='ocrx_word' id='word_1_161' title='bbox 1044 1818 1191 1870; x_wconf 90' lang='lat' dir='ltr'>opinio</span> <span class='ocrx_word' id='word_1_162' title='bbox 1224 1818 1420 1858; x_wconf 87' lang='lat' dir='ltr'>funditus</span> <span class='ocrx_word' id='word_1_163' title='bbox 1452 1819 1679 1868; x_wconf 87' lang='lat' dir='ltr'>amittitur,</span> 
     </span>
     <span class='ocr_line' id='line_1_23' title="bbox 216 1891 1681 1947; baseline 0.002 -16"><span class='ocrx_word' id='word_1_164' title='bbox 216 1891 568 1945; x_wconf 87' lang='lat' dir='ltr'>imprimiturque</span> <span class='ocrx_word' id='word_1_165' title='bbox 594 1892 730 1932; x_wconf 86' lang='lat' dir='ltr'>menti</span> <span class='ocrx_word' id='word_1_166' title='bbox 761 1898 922 1932; x_wconf 83' lang='lat' dir='ltr'>nostrae</span> <span class='ocrx_word' id='word_1_167' title='bbox 945 1892 1164 1931; x_wconf 88' lang='lat' dir='ltr'>contraria</span> <span class='ocrx_word' id='word_1_168' title='bbox 1185 1897 1277 1932; x_wconf 90' lang='lat' dir='ltr'>tam</span> <span class='ocrx_word' id='word_1_169' title='bbox 1301 1892 1389 1932; x_wconf 90' lang='lat' dir='ltr'>alte</span> <span class='ocrx_word' id='word_1_170' title='bbox 1410 1892 1681 1947; x_wconf 89' lang='lat' dir='ltr'>firmiterque</span> 
     </span>
     <span class='ocr_line' id='line_1_24' title="bbox 217 1964 1679 2019; baseline 0.002 -14"><span class='ocrx_word' id='word_1_171' title='bbox 217 1971 266 2006; x_wconf 90' lang='lat' dir='ltr'>ut</span> <span class='ocrx_word' id='word_1_172' title='bbox 296 1965 471 2006; x_wconf 85' lang='lat' dir='ltr'>difficile</span> <span class='ocrx_word' id='word_1_173' title='bbox 507 1972 664 2019; x_wconf 90' lang='lat' dir='ltr'>postea</span> <span class='ocrx_word' id='word_1_174' title='bbox 700 1966 862 2018; x_wconf 85' lang='lat' dir='ltr'>deponi</span> <span class='ocrx_word' id='word_1_175' title='bbox 900 1966 1065 2018; x_wconf 86' lang='lat' dir='ltr'>possit:</span> <span class='ocrx_word' id='word_1_176' title='bbox 1111 1964 1196 2006; x_wconf 91' lang='lat' dir='ltr'>hoc</span> <span class='ocrx_word' id='word_1_177' title='bbox 1232 1972 1381 2006; x_wconf 88' lang='lat' dir='ltr'>autem</span> <span class='ocrx_word' id='word_1_178' title='bbox 1419 1966 1679 2008; x_wconf 87' lang='lat' dir='ltr'>charitatem</span> 
     </span>
     <span class='ocr_line' id='line_1_25' title="bbox 217 2039 858 2092; baseline -0.002 -13"><span class='ocrx_word' id='word_1_179' title='bbox 217 2046 294 2080; x_wconf 89' lang='lat' dir='ltr'>aut</span> <span class='ocrx_word' id='word_1_180' title='bbox 324 2040 493 2088; x_wconf 87' lang='lat' dir='ltr'>minuit,</span> <span class='ocrx_word' id='word_1_181' title='bbox 518 2045 594 2080; x_wconf 84' lang='lat' dir='ltr'>aut</span> <span class='ocrx_word' id='word_1_182' title='bbox 625 2039 858 2092; x_wconf 78' lang='lat' dir='ltr'>extinguit.</span> 
     </span>
    </p>

    <p class='ocr_par' dir='ltr' id='par_1_6' title="bbox 216 2113 1682 2315">
     <span class='ocr_line' id='line_1_26' title="bbox 306 2113 1682 2168; baseline 0.002 -15"><span class='ocrx_word' id='word_1_183' title='bbox 306 2114 542 2166; x_wconf 86' lang='lat' dir='ltr'>Propterea</span> <span class='ocrx_word' id='word_1_184' title='bbox 578 2113 776 2162; x_wconf 87' lang='lat' dir='ltr'>Basilius,</span> <span class='ocrx_word' id='word_1_185' title='bbox 802 2113 910 2165; x_wconf 85' lang='lat' dir='ltr'>Reg.</span> <span class='ocrx_word' id='word_1_186' title='bbox 943 2113 1123 2153; x_wconf 87' lang='lat' dir='ltr'>brevior.</span> <span class='ocrx_word' id='word_1_187' title='bbox 1158 2126 1242 2165; x_wconf 89' lang='lat' dir='ltr'>reg.</span> <span class='ocrx_word' id='word_1_188' title='bbox 1276 2113 1330 2153; x_wconf 84' lang='lat'>26</span> <span class='ocrx_word' id='word_1_189' title='bbox 1362 2114 1449 2154; x_wconf 88' lang='lat' dir='ltr'>ait:</span> <span class='ocrx_word' id='word_1_190' title='bbox 1483 2114 1579 2155; x_wconf 87' lang='lat' dir='ltr'>“Et</span> <span class='ocrx_word' id='word_1_191' title='bbox 1608 2116 1682 2168; x_wconf 91' lang='lat' dir='ltr'>qui</span> 
     </span>
     <span class='ocr_line' id='line_1_27' title="bbox 216 2186 1682 2237; baseline 0.001 -9"><span class='ocrx_word' id='word_1_192' title='bbox 216 2186 395 2228; x_wconf 85' lang='lat' dir='ltr'>fratrem</span> <span class='ocrx_word' id='word_1_193' title='bbox 432 2187 634 2236; x_wconf 83' lang='lat' dir='ltr'>detrahit,</span> <span class='ocrx_word' id='word_1_194' title='bbox 662 2193 704 2227; x_wconf 90' lang='lat' dir='ltr'>et</span> <span class='ocrx_word' id='word_1_195' title='bbox 736 2187 1042 2227; x_wconf 87' lang='lat' dir='ltr'>detrahentem</span> <span class='ocrx_word' id='word_1_196' title='bbox 1079 2187 1309 2237; x_wconf 87' lang='lat' dir='ltr'>auscultat,</span> <span class='ocrx_word' id='word_1_197' title='bbox 1342 2189 1497 2228; x_wconf 89' lang='lat' dir='ltr'>ambos</span> <span class='ocrx_word' id='word_1_198' title='bbox 1529 2204 1555 2229; x_wconf 92' lang='lat' dir='ltr'>a</span> <span class='ocrx_word' id='word_1_199' title='bbox 1586 2190 1682 2230; x_wconf 90' lang='lat' dir='ltr'>reli-</span> 
     </span>
     <span class='ocr_line' id='line_1_28' title="bbox 217 2259 1201 2315; baseline -0.002 -13"><span class='ocrx_word' id='word_1_200' title='bbox 217 2275 403 2315; x_wconf 88' lang='lat' dir='ltr'>quorum</span> <span class='ocrx_word' id='word_1_201' title='bbox 437 2262 646 2302; x_wconf 87' lang='lat' dir='ltr'>societate</span> <span class='ocrx_word' id='word_1_202' title='bbox 678 2261 1040 2301; x_wconf 83' lang='lat' dir='ltr'>exterminandos</span> <span class='ocrx_word' id='word_1_203' title='bbox 1073 2259 1201 2301; x_wconf 88' lang='lat' dir='ltr'>esse.”</span> 
     </span>
    </p>

    <p class='ocr_par' dir='ltr' id='par_1_7' title="bbox 216 2334 1681 2684">
     <span class='ocr_line' id='line_1_29' title="bbox 306 2334 1681 2389; baseline 0.001 -13"><span class='ocrx_word' id='word_1_204' title='bbox 306 2342 362 2376; x_wconf 85' lang='lat'>20.</span> <span class='ocrx_word' id='word_1_205' title='bbox 399 2335 527 2389; x_wconf 78' lang='lat' dir='ltr'>Saepe</span> <span class='ocrx_word' id='word_1_206' title='bbox 559 2349 617 2375; x_wconf 81' lang='lat' dir='ltr'>ex</span> <span class='ocrx_word' id='word_1_207' title='bbox 649 2334 833 2375; x_wconf 90' lang='lat' dir='ltr'>aliorum</span> <span class='ocrx_word' id='word_1_208' title='bbox 867 2335 1012 2374; x_wconf 85' lang='lat' dir='ltr'>minus</span> <span class='ocrx_word' id='word_1_209' title='bbox 1045 2341 1159 2374; x_wconf 85' lang='lat' dir='ltr'>recte</span> <span class='ocrx_word' id='word_1_210' title='bbox 1191 2334 1317 2374; x_wconf 85' lang='lat' dir='ltr'>sactis</span> <span class='ocrx_word' id='word_1_211' title='bbox 1340 2335 1555 2389; x_wconf 89' lang='lat' dir='ltr'>dictisque</span> <span class='ocrx_word' id='word_1_212' title='bbox 1577 2351 1681 2378; x_wconf 88' lang='lat' dir='ltr'>aure</span> 
     </span>
     <span class='ocr_line' id='line_1_30' title="bbox 216 2409 1681 2464; baseline 0.001 -14"><span class='ocrx_word' id='word_1_213' title='bbox 216 2411 434 2464; x_wconf 88' lang='lat' dir='ltr'>perceptis</span> <span class='ocrx_word' id='word_1_214' title='bbox 466 2410 775 2462; x_wconf 88' lang='lat' dir='ltr'>anteponimus</span> <span class='ocrx_word' id='word_1_215' title='bbox 813 2422 891 2448; x_wconf 90' lang='lat' dir='ltr'>nos</span> <span class='ocrx_word' id='word_1_216' title='bbox 930 2409 1047 2462; x_wconf 91' lang='lat' dir='ltr'>ipsos</span> <span class='ocrx_word' id='word_1_217' title='bbox 1080 2409 1212 2449; x_wconf 90' lang='lat' dir='ltr'>tacite</span> <span class='ocrx_word' id='word_1_218' title='bbox 1243 2410 1459 2463; x_wconf 78' lang='lat' dir='ltr'>proximis</span> <span class='ocrx_word' id='word_1_219' title='bbox 1492 2413 1681 2463; x_wconf 90' lang='lat' dir='ltr'>nostris;</span> 
     </span>
     <span class='ocr_line' id='line_1_31' title="bbox 217 2483 1681 2536; baseline 0.001 -11"><span class='ocrx_word' id='word_1_220' title='bbox 217 2490 262 2525; x_wconf 90' lang='lat' dir='ltr'>et</span> <span class='ocrx_word' id='word_1_221' title='bbox 292 2484 492 2524; x_wconf 87' lang='lat' dir='ltr'>meliores</span> <span class='ocrx_word' id='word_1_222' title='bbox 524 2497 615 2532; x_wconf 89' lang='lat' dir='ltr'>nos,</span> <span class='ocrx_word' id='word_1_223' title='bbox 639 2490 715 2523; x_wconf 89' lang='lat' dir='ltr'>aut</span> <span class='ocrx_word' id='word_1_224' title='bbox 747 2483 1043 2536; x_wconf 62' lang='lat' dir='ltr'>sapientiores</span> <span class='ocrx_word' id='word_1_225' title='bbox 1071 2489 1147 2523; x_wconf 88' lang='lat' dir='ltr'>aut</span> <span class='ocrx_word' id='word_1_226' title='bbox 1180 2483 1319 2536; x_wconf 89' lang='lat' dir='ltr'>magis</span> <span class='ocrx_word' id='word_1_227' title='bbox 1351 2490 1552 2525; x_wconf 86' lang='lat' dir='ltr'>strenuos</span> <span class='ocrx_word' id='word_1_228' title='bbox 1584 2499 1681 2527; x_wconf 85' lang='lat' dir='ltr'>esse</span> 
     </span>
     <span class='ocr_line' id='line_1_32' title="bbox 217 2557 1679 2610; baseline 0.002 -12"><span class='ocrx_word' id='word_1_229' title='bbox 217 2559 524 2598; x_wconf 87' lang='lat' dir='ltr'>existimamus</span> <span class='ocrx_word' id='word_1_230' title='bbox 551 2574 559 2598; x_wconf 74' lang='grc' dir='ltr'>ε</span> <span class='ocrx_word' id='word_1_231' title='bbox 610 2558 870 2610; x_wconf 87' lang='lat' dir='ltr'>sensimque,</span> <span class='ocrx_word' id='word_1_232' title='bbox 921 2557 1028 2596; x_wconf 86' lang='lat' dir='ltr'>dum</span> <span class='ocrx_word' id='word_1_233' title='bbox 1071 2558 1252 2597; x_wconf 90' lang='lat' dir='ltr'>minime</span> <span class='ocrx_word' id='word_1_234' title='bbox 1305 2558 1545 2599; x_wconf 87' lang='lat' dir='ltr'>sentientes</span> <span class='ocrx_word' id='word_1_235' title='bbox 1599 2574 1679 2601; x_wconf 87' lang='lat' dir='ltr'>nos</span> 
     </span>
     <span class='ocr_line' id='line_1_33' title="bbox 217 2630 923 2684; baseline -0.003 -13"><span class='ocrx_word' id='word_1_236' title='bbox 217 2631 431 2681; x_wconf 87' lang='lat' dir='ltr'>inflamur,</span> <span class='ocrx_word' id='word_1_237' title='bbox 466 2631 715 2684; x_wconf 89' lang='lat' dir='ltr'>superbiam</span> <span class='ocrx_word' id='word_1_238' title='bbox 758 2630 923 2670; x_wconf 88' lang='lat' dir='ltr'>alimus.</span> 
     </span>
    </p>

    <p class='ocr_par' dir='ltr' id='par_1_8' title="bbox 217 2703 1682 2979">
     <span class='ocr_line' id='line_1_34' title="bbox 307 2703 1680 2758; baseline 0.003 -14"><span class='ocrx_word' id='word_1_239' title='bbox 307 2711 362 2756; x_wconf 87' lang='lat'>30.</span> <span class='ocrx_word' id='word_1_240' title='bbox 398 2704 527 2758; x_wconf 82' lang='lat' dir='ltr'>Saepe</span> <span class='ocrx_word' id='word_1_241' title='bbox 568 2704 702 2744; x_wconf 90' lang='lat' dir='ltr'>etiam</span> <span class='ocrx_word' id='word_1_242' title='bbox 745 2703 802 2752; x_wconf 90' lang='lat' dir='ltr'>fit,</span> <span class='ocrx_word' id='word_1_243' title='bbox 846 2710 893 2743; x_wconf 90' lang='lat' dir='ltr'>ut</span> <span class='ocrx_word' id='word_1_244' title='bbox 935 2704 1254 2744; x_wconf 87' lang='lat' dir='ltr'>detractoribus</span> <span class='ocrx_word' id='word_1_245' title='bbox 1296 2705 1596 2756; x_wconf 89' lang='lat' dir='ltr'>assentiamur,</span> <span class='ocrx_word' id='word_1_246' title='bbox 1636 2714 1680 2748; x_wconf 90' lang='lat' dir='ltr'>et</span> 
     </span>
     <span class='ocr_line' id='line_1_35' title="bbox 218 2777 1677 2830; baseline 0.003 -12"><span class='ocrx_word' id='word_1_247' title='bbox 218 2779 275 2819; x_wconf 87' lang='lat' dir='ltr'>ad</span> <span class='ocrx_word' id='word_1_248' title='bbox 321 2778 642 2818; x_wconf 89' lang='lat' dir='ltr'>detrahendum</span> <span class='ocrx_word' id='word_1_249' title='bbox 695 2791 774 2817; x_wconf 89' lang='lat' dir='ltr'>nos</span> <span class='ocrx_word' id='word_1_250' title='bbox 820 2791 994 2830; x_wconf 87' lang='lat' dir='ltr'>quoque</span> <span class='ocrx_word' id='word_1_251' title='bbox 1042 2778 1122 2830; x_wconf 91' lang='lat' dir='ltr'>ipsi</span> <span class='ocrx_word' id='word_1_252' title='bbox 1169 2777 1491 2819; x_wconf 89' lang='lat' dir='ltr'>descendamus</span> <span class='ocrx_word' id='word_1_253' title='bbox 1543 2781 1677 2822; x_wconf 87' lang='lat' dir='ltr'>inviti.</span> 
     </span>
     <span class='ocr_line' id='line_1_36' title="bbox 218 2851 1676 2905; baseline 0.001 -12"><span class='ocrx_word' id='word_1_254' title='bbox 218 2853 348 2901; x_wconf 89' lang='lat' dir='ltr'>Nam,</span> <span class='ocrx_word' id='word_1_255' title='bbox 372 2858 420 2892; x_wconf 89' lang='lat' dir='ltr'>ut</span> <span class='ocrx_word' id='word_1_256' title='bbox 452 2852 647 2891; x_wconf 87' lang='lat' dir='ltr'>Isidorus</span> <span class='ocrx_word' id='word_1_257' title='bbox 680 2852 766 2892; x_wconf 86' lang='lat' dir='ltr'>ait:</span> <span class='ocrx_word' id='word_1_258' title='bbox 790 2851 979 2891; x_wconf 89' lang='lat' dir='ltr'>“Vanus</span> <span class='ocrx_word' id='word_1_259' title='bbox 1001 2865 1145 2891; x_wconf 82' lang='lat' dir='ltr'>sermo</span> <span class='ocrx_word' id='word_1_260' title='bbox 1175 2852 1262 2892; x_wconf 90' lang='lat' dir='ltr'>cito</span> <span class='ocrx_word' id='word_1_261' title='bbox 1291 2852 1448 2905; x_wconf 89' lang='lat' dir='ltr'>polluit</span> <span class='ocrx_word' id='word_1_262' title='bbox 1471 2861 1676 2905; x_wconf 86' lang='lat' dir='ltr'>mentem,</span> 
     </span>
     <span class='ocr_line' id='line_1_37' title="bbox 217 2925 1682 2979; baseline 0.002 -12"><span class='ocrx_word' id='word_1_263' title='bbox 217 2933 260 2967; x_wconf 92' lang='lat' dir='ltr'>et</span> <span class='ocrx_word' id='word_1_264' title='bbox 296 2926 422 2967; x_wconf 90' lang='lat' dir='ltr'>facile</span> <span class='ocrx_word' id='word_1_265' title='bbox 460 2926 604 2979; x_wconf 89' lang='lat' dir='ltr'>agitur</span> <span class='ocrx_word' id='word_1_266' title='bbox 641 2926 759 2978; x_wconf 93' lang='lat' dir='ltr'>quod</span> <span class='ocrx_word' id='word_1_267' title='bbox 803 2925 988 2966; x_wconf 90' lang='lat' dir='ltr'>libenter</span> <span class='ocrx_word' id='word_1_268' title='bbox 1023 2926 1209 2966; x_wconf 85' lang='lat' dir='ltr'>auditur.</span> <span class='ocrx_word' id='word_1_269' title='bbox 1283 2926 1391 2967; x_wconf 88' lang='lat' dir='ltr'>Ideo</span> <span class='ocrx_word' id='word_1_270' title='bbox 1428 2941 1682 2970; x_wconf 85' lang='lat' dir='ltr'>assuescen-</span> 
     </span>
    </p>
   </div>
  </div>
 </body>
</html>
