1903 3197
315 147 405 204 136
634 145 714 190 De
747 146 938 191 ratione
973 146 1165 193 vivendi
1198 147 1458 195 Socz'elatz's.

309 277 569 317 exercitatio
602 278 640 316 ei
674 283 739 318 est
769 278 955 328 inimica,
980 293 1079 319 curn
1112 280 1205 332 ipse
1238 280 1293 320 sit
1324 281 1569 333 superbus;
1607 282 1776 332 iterum,

308 350 412 403 quia
430 351 503 403 qui
527 364 706 403 poenam
730 366 755 392 a
780 352 1022 406 Praeposito
1041 354 1250 394 inflictam
1269 354 1421 394 sedate
1440 354 1533 403 fert,
1553 355 1779 408 subjicitur

309 425 452 465 libens
486 426 710 478 potestati,
749 428 958 479 potestati
1004 429 1182 480 inquam
1226 428 1435 480 legitimae
1478 436 1521 469 et
1563 430 1778 472 ordinatae

309 511 409 551 quae
447 513 472 539 a
516 499 614 540 Deo
652 506 728 549 est,
773 501 862 541 imo
905 515 1003 553 quae
1046 502 1180 554 ipsius
1223 502 1307 541 Dei
1352 508 1427 552 est,
1467 504 1534 542 cui
1577 503 1780 544 diabolus

309 573 463 626 subjici
488 574 627 614 noluit
645 580 825 627 propter
842 574 1057 627 insignem
1082 575 1494 629 intolerandamque
1517 578 1779 630 superbiam,

307 646 528 700 velletque
562 661 716 687 omnes
748 648 949 688 homines
981 650 1045 689 sui
1079 650 1242 689 similes
1276 664 1379 690 esse.
1445 650 1510 691 Ut
1534 658 1681 692 autem
1705 653 1779 705 qui

308 721 522 761 ordinatae
572 722 782 774 potestati
837 723 1008 771 resistit,
1054 723 1152 763 Deo
1195 725 1366 774 resistit,
1421 725 1481 764 ita
1518 725 1591 777 qui
1644 726 1682 766 ei
1735 740 1781 766 se

306 794 496 835 libenter
530 796 716 847 subjicit,
757 796 793 835 ei
833 810 878 836 se
922 796 1124 849 subjicit:
1163 798 1316 849 subjici
1354 804 1503 839 autem
1543 799 1641 840 Deo
1678 814 1780 841 vera

309 867 535 909 humilitas
568 875 644 919 est,
669 884 767 922 quae
801 876 866 910 est
899 870 1100 911 hostibus
1131 871 1389 919 adversaria,
1415 878 1458 912 et
1487 887 1636 913 eorum
1668 875 1780 914 vires

308 942 505 994 infringit
527 949 661 995 atque
685 950 871 983 enervat.

399 1016 531 1069 Quod
562 1022 712 1056 autem
743 1030 875 1069 poena
899 1016 955 1056 ad
986 1018 1342 1057 emendationem
1376 1019 1583 1072 imposita
1605 1020 1783 1062 diabolo

307 1090 364 1129 sit
398 1090 587 1137 inimica,
622 1090 851 1129 declarant
884 1090 1092 1142 exempla
1126 1090 1403 1132 Sanctorum.
1468 1093 1630 1134 Scribit
1662 1095 1779 1135 enim

311 1163 549 1215 Gregorius
602 1164 646 1203 in
690 1162 922 1216 Dialogis,1
967 1164 1011 1203 B.
1051 1164 1341 1205 Benedictum
1384 1168 1505 1218 virga
1556 1181 1682 1207 usum
1736 1168 1780 1208 in

307 1237 575 1278 monachum
618 1251 794 1290 vagum,
850 1238 923 1290 qui
976 1238 1190 1278 suadente
1243 1239 1420 1280 diabolo
1472 1241 1528 1281 ab
1581 1242 1779 1283 oratione

306 1311 576 1361 discedebat,
621 1312 795 1364 nigrum
840 1325 896 1351 ex
935 1325 987 1351 eo
1028 1312 1229 1365 abegisse
1271 1314 1514 1366 puerulum,
1553 1315 1587 1355 is
1629 1322 1778 1356 autem

308 1397 500 1437 nequam
554 1385 732 1437 spiritus
775 1391 878 1434 erat,
917 1400 967 1425 ac
1010 1386 1217 1439 deinceps
1260 1388 1526 1429 monachum
1569 1389 1691 1430 illum
1735 1391 1778 1430 in

307 1459 461 1499 orandi
494 1459 637 1499 officio
660 1459 953 1499 confirmasse.
1020 1460 1093 1500 Sic
1126 1462 1332 1514 antiquus
1365 1462 1513 1512 hostis,
1539 1470 1587 1504 ut
1610 1463 1778 1517 Grego-

308 1533 396 1572 rius
429 1534 500 1582 ait,
527 1547 613 1573 non
648 1540 713 1574 est
740 1548 871 1574 ausus
905 1535 947 1573 in
981 1534 1074 1587 ejus
1107 1536 1374 1588 cogitatione
1404 1537 1632 1587 dominari,
1657 1552 1707 1579 ac
1740 1539 1774 1579 si

307 1607 401 1659 ipse
445 1621 676 1660 percussus
720 1607 872 1647 fuisset
914 1622 971 1647 cx
1014 1608 1202 1649 verbere.
1268 1609 1394 1649 Idem
1442 1617 1598 1660 narrat,
1642 1612 1776 1652 alium

306 1680 573 1720 monachum
607 1686 825 1721 vexatum
858 1695 883 1721 a
916 1681 1032 1721 malo
1065 1681 1278 1731 daemone,
1314 1683 1442 1736 alapa
1474 1698 1500 1724 a
1533 1685 1775 1726 Benedicto

306 1767 482 1804 caesum,
521 1755 821 1807 continuoque
856 1769 881 1794 a
919 1754 1113 1807 maligno
1149 1762 1191 1795 et
1229 1756 1430 1808 improbo
1473 1759 1625 1811 spiritu
1669 1759 1778 1799 libe-

305 1833 460 1867 ratum.
547 1826 794 1868 Cli1nacu52
846 1829 980 1867 ctiam
1033 1829 1183 1869 scribit
1235 1830 1499 1871 monachum
1552 1832 1775 1885 quendam

306 1902 429 1954 gravi
473 1902 720 1942 tentatione
759 1901 990 1954 jactatum,
1034 1916 1133 1941 cum
1178 1916 1275 1942 eam
1318 1904 1552 1946 indicasset
1593 1906 1776 1957 Abbati,

306 1975 391 2015 levi
421 1976 478 2016 ab
513 1990 565 2016 eo
600 1976 731 2029 alapa
759 1976 1001 2016 liberatum.
1067 1978 1112 2016 B.
1138 1991 1313 2029 quoque
1342 1979 1644 2032 Reginaldus,3
1665 1994 1777 2022 unus

307 2063 365 2089 ex
397 2051 551 2103 primis
576 2050 800 2090 Dominici
824 2050 1060 2102 discipulis,
1085 2050 1332 2091 daemonem
1365 2052 1496 2104 virgis
1528 2053 1777 2107 profligavit

307 2138 365 2163 ex
389 2123 532 2173 fratre,
568 2125 641 2176 qui
669 2125 863 2176 graviter
894 2137 992 2163 cum
1026 2123 1197 2164 tulisset
1231 2125 1585 2178 increpationem,
1619 2127 1774 2168 nudari

307 2211 408 2238 eum
452 2198 509 2237 ad
554 2197 765 2237 humeros
802 2197 945 2249 jussit,
981 2197 1201 2250 virgisque
1243 2213 1416 2247 cresum,
1452 2201 1675 2253 oculisque
1717 2202 1774 2242 ad

307 2271 553 2311 orationem
578 2272 770 2320 intentis,
795 2272 1014 2311 revocavit
1036 2271 1092 2311 ad
1119 2271 1298 2324 frugem.
1364 2273 1490 2313 Idem
1515 2274 1775 2326 Novitium‚4

307 2344 459 2398 fugam
484 2346 790 2395 adornantem,
814 2345 983 2385 tamdiu
1016 2345 1145 2385 nudis
1175 2345 1365 2386 humeris
1387 2349 1642 2399 verberavit,
1665 2349 1772 2389 dum

307 2419 378 2459 ille
401 2419 577 2473 pulsum
601 2434 626 2460 a
649 2434 695 2460 se
719 2420 969 2460 daemonem
995 2421 1141 2469 sensit,
1167 2427 1210 2461 et
1232 2428 1380 2461 mente
1401 2423 1606 2463 constitit.

394 2493 562 2546 Quinta
586 2494 751 2534 utilitas
785 2494 1005 2547 imposita:
1035 2508 1179 2547 poenae
1204 2495 1344 2547 major
1374 2496 1506 2535 etiam
1541 2502 1607 2536 est
1638 2510 1772 2550 quam

305 2566 419 2607 ultro
452 2574 681 2621 susceptae,
708 2568 810 2620 quia
847 2569 988 2621 magis
1023 2582 1103 2608 nos
1136 2583 1162 2609 a
1195 2570 1387 2622 peccatis
1425 2570 1643 2623 noxisque
1677 2585 1773 2624 per—

302 2647 474 2694 purgat.
539 2641 703 2694 Purgat
728 2647 878 2682 autem
901 2642 1142 2695 expiatque
1169 2655 1259 2689 nos,
1284 2656 1383 2682 cum
1407 2657 1431 2683 a
1458 2643 1597 2697 culpa,
1621 2650 1716 2684 tum
1745 2659 1772 2685 a

301 2728 437 2768 poena
470 2715 643 2768 (loquor
671 2721 819 2755 autem
852 2715 907 2755 de
940 2716 1002 2766 iis,
1035 2729 1134 2768 quae
1168 2717 1412 2756 necessario
1445 2724 1770 2759 sacramentum

303 2789 580 2841 poenitentiae
613 2802 702 2829 non
735 2789 950 2842 exigunt).
1030 2789 1187 2829 Insunt
1223 2790 1266 2828 in
1303 2791 1423 2830 omni
1455 2796 1639 2844 peccato
1669 2790 1769 2832 duo.

374 2876 386 2896 1
412 2879 450 2911 L.
471 2887 500 2912 2.
524 2879 656 2919 Dialog.
677 2890 704 2911 c.
725 2889 754 2920 4.
893 2877 906 2896 2
930 2879 1031 2911 Grad.
1051 2889 1083 2918 4.
1219 2878 1232 2898 ³⁵
1257 2880 1295 2910 In
1315 2880 1438 2912 Chron.
1573 2880 1588 2899 ⁴
1612 2880 1699 2912 Ibid.
