1903 3197
506 212 574 257 In
612 209 831 272 Regulas
863 208 1125 255 spsodestz'ce.
1454 209 1483 253 6
1492 220 1517 266 3
1528 221 1547 254 1

84 362 179 389 esse
210 347 413 388 intimum
447 343 608 385 coelum
640 343 812 392 mentis,
834 342 1048 383 versutias
1078 341 1331 382 daemonum
1361 341 1550 381 floccifa-

85 423 212 471 ciens,
237 427 281 462 et
301 433 380 474 pro
402 418 590 459 ludibrio
608 416 701 469 jam
724 416 961 456 aestimans.
1019 415 1151 456 Grad.
1177 426 1240 467 29.

302 558 548 600 QUOMODO
580 556 873 589 OBTINENDA
905 555 1175 586 HILARITAS
1207 554 1330 586 ORIS.

175 642 336 696 Quoad
372 639 621 682 secundum.
703 638 816 678 Haec
852 638 937 678 oris
974 637 1170 677 hilaritas
1212 636 1338 677 facile
1379 636 1551 677 obtine-

86 718 214 766 bitur,
247 718 281 757 si
318 716 437 769 prius
473 714 626 754 laetitia
662 718 835 753 curetur
871 712 1074 761 interior3
1108 725 1165 751 ex
1202 711 1287 750 hac
1324 711 1439 750 enim
1478 710 1552 751 illa

87 792 288 840 nascitur,
331 802 474 842 neque
521 789 756 841 quisquam
798 786 924 827 facile
977 786 1091 826 celat
1140 779 1352 838 gaudium
1405 791 1554 825 mente

88 871 363 918 conceptum.
441 862 558 903 Eccl.
608 873 686 913 13:
747 861 875 902 “Cor
914 860 1105 901 hominis
1148 860 1355 899 immutat
1396 858 1553 899 faciem

85 939 236 981 illius.”
270 939 418 993 Quare
440 937 690 978 docendum
712 936 860 989 potius
883 941 948 975 est
972 934 1351 988 quemadmodum
1375 934 1554 973 interior

85 1014 273 1055 obtineri
333 1011 472 1066 possit
533 1010 741 1057 hilaritas,
794 1015 842 1049 ut
900 1009 1120 1049 discamus
1171 1007 1550 1061 quemadmodum

87 1092 368 1141 comparetur
404 1085 621 1134 exterior3
668 1084 772 1136 quia
804 1097 904 1123 vere
941 1097 998 1123 ex
1034 1082 1370 1122 Ecclesiastico:
1411 1082 1555 1122 “Ves—

89 1163 246 1216 tigium
279 1161 421 1202 cordis
452 1160 567 1208 boni,
603 1165 647 1199 et
678 1158 833 1198 faciem
865 1158 1027 1197 bonam
1060 1156 1235 1197 difficile
1271 1157 1476 1205 invenies,
1511 1162 1555 1197 et

91 1250 191 1277 cum
213 1235 361 1275 labore
381 1233 424 1274 :'’
458 1247 508 1273 ac
530 1238 762 1286 propterea
783 1231 884 1271 huic
906 1231 1103 1270 maxime
1125 1231 1393 1271 studendum
1416 1237 1492 1270 est.

174 1309 361 1349 Interior
396 1307 527 1360 igitur
560 1305 755 1346 hilaritas
797 1319 848 1345 ac
883 1305 1177 1357 tranquillitas
1215 1311 1403 1358 quatuor
1443 1318 1554 1357 prze-

91 1385 218 1436 cipue
239 1383 320 1422 viis
342 1381 587 1433 comparari
610 1385 767 1433 potest.

158 1522 401 1564 QUATUOR
432 1521 529 1552 VIIS
563 1520 806 1551 INTERIOR
838 1519 1180 1550 COMPARATUR
1214 1519 1494 1551 HILARITAS.

184 1611 235 1644 10.
257 1603 532 1644 Edomandis
550 1601 873 1654 cupiditatibus,
890 1600 1113 1652 animique
1130 1600 1555 1652 perturbationibus:

93 1681 196 1733 quia
218 1679 302 1718 illae
326 1684 427 1718 sunt
445 1691 543 1730 quae
567 1690 646 1716 nos
664 1682 881 1723 exercent,
899 1689 949 1714 ac
965 1680 1158 1724 vexant,
1193 1674 1276 1714 111ae
1301 1688 1381 1714 nos
1404 1675 1556 1727 exagi-

91 1760 189 1795 tant
220 1760 353 1806 atque
384 1752 518 1792 animi
550 1764 703 1803 pacem
734 1749 961 1798 auferunt;
995 1763 1093 1801 quae
1126 1749 1306 1788 domitae
1339 1749 1558 1801 victaeque

92 1829 128 1868 si
150 1828 320 1876 fuerint,
343 1825 586 1866 necessario
609 1837 770 1876 magna
793 1824 836 1863 in
860 1823 986 1862 nobis
1008 1836 1099 1875 pax
1123 1829 1424 1874 consequetur.

182 1902 360 1942 Habere
394 1906 542 1940 autem
574 1899 800 1951 passiones
831 1897 1268 1950 perturbationesque
1302 1897 1435 1936 animi
1468 1897 1557 1937 vim

92 1977 216 2025 hanc,
240 1982 288 2015 ut
310 1974 519 2027 quamdiu
542 1973 735 2013 subactae
758 1973 1025 2024 domitaeque
1059 1985 1144 2011 nou
1167 1978 1278 2020 sunt,
1303 1972 1558 2011 excrucient

94 2052 303 2099 animum,
325 2063 376 2089 ac
397 2054 641 2100 torqueant,
666 2054 959 2100 praeterquam
990 2046 1108 2098 quod
1141 2060 1243 2085 usus
1274 2046 1557 2098 quotidianus

93 2140 174 2166 nos
205 2126 426 2169 admonet,
464 2123 593 2162 docet
625 2122 757 2161 etiam
796 2120 1060 2170 Dorotheus,
1092 2120 1180 2161 Ser.
1217 2131 1281 2160 21.
1315 2121 1387 2160 ubi
1422 2121 1555 2161 dicit:

92 2199 180 2241 “Si
213 2200 309 2252 quis
338 2198 406 2238 vel
438 2211 570 2237 unam
594 2203 766 2236 tantum
799 2197 1048 2248 passionem
1082 2197 1125 2235 111
1157 2196 1356 2236 habitum
1380 2209 1558 2236 conver-

94 2290 188 2317 sam
249 2275 421 2322 habeat,
475 2272 624 2312 multis
685 2284 784 2311 eum
846 2271 999 2323 poenis,
1054 2276 1096 2310 et
1148 2271 1411 2310 cruciatibus
1463 2284 1558 2310 esse

93 2348 374 2391 obnoxium.”
439 2348 498 2387 Et
532 2346 619 2387 Ser.
650 2357 710 2386 12.
734 2346 865 2386 dicit:
900 2345 1040 2385 “Post
1072 2352 1257 2385 mortem
1282 2345 1382 2394 fore,
1406 2351 1453 2385 ut
1482 2345 1557 2398 qui

93 2424 444 2478 perturbationes
495 2421 629 2462 animi
681 2421 724 2460 in
776 2421 857 2460 hac
899 2421 990 2460 vita
1042 2434 1129 2460 non
1172 2420 1354 2469 domuit,
1397 2420 1452 2459 ab
1505 2421 1556 2459 iis

91 2500 289 2539 maxime
318 2498 540 2545 crucietur,
574 2495 713 2535 multo
743 2497 876 2535 etiam
910 2495 1052 2546 magis
1086 2508 1218 2547 quam
1250 2495 1292 2533 in
1321 2494 1402 2534 hac
1430 2494 1556 2534 vita.’'

95 2573 431 2615 Seneca-etiam
473 2576 633 2623 praeter
669 2583 720 2609 ea
757 2583 854 2621 quae
899 2570 941 2608 in
976 2569 1088 2608 hanc
1126 2569 1390 2608 sententiam
1431 2568 1558 2608 affert

93 2648 165 2688 lib.
196 2647 251 2687 de
282 2645 521 2697 Tranquill.
558 2645 703 2692 animi,
739 2644 819 2696 Ep.
856 2652 917 2695 59.
955 2645 1026 2692 ait,
1056 2644 1278 2683 Gaudium
1314 2656 1400 2682 non
1438 2643 1558 2682 nasci

94 2723 176 2763 nisi
208 2735 266 2761 ex
288 2721 497 2760 virtutum
520 2719 799 2759 conscientia.
864 2718 954 2758 Ubi
987 2718 1118 2757 etiam
1151 2717 1283 2757 dicit:
1318 2717 1557 2769 Sapientiae

95 2798 300 2838 effectum
324 2808 418 2835 esse
439 2794 587 2846 gaudii
611 2793 921 2845 aequalitatem.

180 2878 239 2912 20·
286 2869 534 2911 Pendendis
576 2882 654 2908 suo
708 2874 935 2907 momento
987 2867 1114 2906 rebus
1165 2867 1368 2906 omnibus
1420 2872 1560 2907 trans-

93 2947 308 2990 euntibus.
373 2944 421 2986 Si
463 2944 561 2997 quis
596 2943 711 2983 enim
752 2956 803 2982 ea
837 2956 935 2994 quce
972 2947 1198 2981 momento
1240 2941 1560 2994 praetervolant,
