1903 3197
255 180 351 224 344
577 166 658 211 De
689 166 880 213 aratione
913 166 1106 214 vivendi
1139 168 1398 216 Socz'etatz's.

252 298 454 349 quamvis
510 297 661 338 crebro
712 304 951 340 tractemus
1011 301 1106 342 haec
1166 308 1444 342 sacrosancta
1495 304 1720 356 mysteria,

249 378 399 412 tamen
430 372 562 412 iidem
585 387 759 427 semper
780 375 926 425 simus,
951 390 1177 429 nunquam
1208 377 1356 417 animo
1378 383 1713 428 commutemur,

251 447 355 498 quia
377 448 706 488 consuetudinis
736 455 868 489 aestus
897 463 976 490 nos
1009 451 1226 499 absorbet,
1250 451 1306 490 de
1337 450 1413 490 illo
1443 465 1558 504 pane
1589 453 1720 493 eden-

250 528 327 571 tes,
365 522 509 575 deque
550 522 624 562 illo
667 523 800 563 calice
848 524 1051 565 bibentes
1094 539 1182 564 non
1224 524 1518 576 dijudicantes
1560 540 1718 579 corpus

252 597 444 637 Domini.
500 597 565 638 Ut
594 598 752 638 mirum
780 598 916 638 videri
951 613 1039 639 non
1070 599 1242 647 debeat,
1267 600 1301 639 si
1333 605 1482 639 contra
1513 601 1727 641 tentatio-⁷

252 685 356 711 num
399 672 612 725 procellas
654 672 749 712 haec
790 687 912 713 arma
953 680 1188 722 sumentes,
1226 675 1529 714 concutiamur
1568 681 1718 715 tamen

250 746 482 796 interdum,
513 754 556 788 et
583 747 676 799 jam
710 748 894 800 jamque
929 762 1085 788 manus
1117 749 1284 798 demus,
1315 749 1418 801 quia
1450 763 1502 789 ea
1533 755 1729 791 tractare⁴

252 834 339 861 non
381 822 593 870 novimus,
633 828 675 861 et
718 836 816 874 quae
860 822 955 862 aliis
997 823 1053 862 ad
1097 822 1398 863 defensionem
1441 824 1719 873 adhibentur,

253 895 377 935 nobis
410 903 511 935 sunt
543 896 788 935 offensioni.

340 970 538 1008 Tertium
576 970 848 1009 castimoniae
883 971 1150 1022 praesidium,
1182 976 1226 1010 et
1260 971 1439 1023 quidem
1473 975 1722 1024 praesentis-

252 1044 424 1091 simum,
459 1043 683 1083 humilitas
726 1050 800 1083 cst.
879 1043 949 1083 Ac
988 1043 1210 1084 Climacus
1248 1045 1440 1096 quidem,
1484 1060 1535 1086 eo
1574 1047 1720 1087 Gradu

252 1131 383 1170 quem
422 1117 477 1157 de
519 1118 722 1158 castitate
765 1119 1041 1170 praescripsit,
1081 1119 1186 1158 dum
1228 1120 1347 1159 varia
1388 1120 1483 1172 ejus
1524 1134 1732 1174 compar*

251 1193 379 1233 andae
422 1192 812 1244 custodiendaeque
854 1193 1109 1245 suppeditat
1156 1194 1459 1242 instrumenta,
1501 1194 1723 1235 humilita-

251 1274 342 1307 tem
406 1281 493 1307 uon
560 1267 734 1307 dubitat
798 1273 1076 1319 anteponere.
1173 1268 1290 1307 Nam
1354 1269 1534 1320 periculi
1588 1276 1721 1322 atque

251 1341 524 1381 imminentis
561 1342 696 1380 ruina:
729 1347 940 1393 tempore,
970 1355 1205 1389 summum,
1243 1342 1395 1394 inquit,
1435 1343 1561 1383 nobis
1599 1344 1724 1395 adju-

251 1417 413 1457 torium
465 1416 695 1469 praestabit
751 1415 939 1455 cilicium
1002 1421 1046 1456 et
1099 1417 1218 1464 ciniS,
1274 1417 1467 1469 totisque
1521 1418 1723 1458 noctibus

252 1491 490 1530 immobilis
524 1491 649 1542 panis
683 1490 960 1539 desiderium,
994 1490 1293 1542 sepulcrorum
1328 1491 1555 1541 habitatio,
1591 1498 1724 1544 atque

252 1571 354 1605 ante
388 1565 536 1604 omnia
569 1563 794 1603 humilitas
831 1564 983 1603 cordis.
1049 1564 1108 1603 Et
1141 1565 1183 1603 in
1219 1571 1420 1604 extremo
1454 1565 1616 1613 Gradu,
1648 1566 1721 1605 ubi

253 1639 507 1691 loquentem
551 1637 653 1677 facit
695 1638 1095 1690 concupiscentiam
1139 1638 1291 1687 carnis,
1328 1644 1429 1691 post
1466 1638 1552 1678 alia
1593 1641 1722 1679 casti—

252 1714 355 1753 tatis
380 1713 583 1765 praesidia
606 1726 704 1764 quae
723 1712 815 1763 jam
838 1712 996 1760 attulit,
1022 1712 1082 1752 ita
1104 1711 1353 1752 concludit:
1390 1713 1466 1752 “Si
1494 1713 1730 1765 possideas

252 1787 559 1833 humilitatem,
584 1786 824 1838 amputasti
859 1792 991 1838 caput
1027 1785 1210 1826 meum.'’
1276 1786 1511 1826 Cassianus
1546 1800 1722 1839 quoque

252 1875 370 1914 saepe
403 1861 446 1900 id
476 1860 624 1900 attulit
657 1860 849 1908 remedii,
875 1860 963 1899 imo
992 1873 1049 1899 ex
1080 1860 1214 1899 animi
1246 1860 1434 1900 elatione
1463 1860 1732 1914 plerumque

253 1936 394 1976 carnis
437 1935 759 1975 contumaciam
802 1934 993 1974 affirmat
1030 1933 1249 1974 cxistere.1

1327 1935 1542 1987 Idemque
1584 1937 1721 1975 sancti

242 2011 406 2050 'Patres
437 2023 523 2049 uno
556 2022 709 2049 omnes
741 2022 814 2048 ore
847 2009 1136 2057 confirmant;
1172 2023 1294 2061 quos,
1318 2009 1420 2061 quia
1450 2010 1493 2048 in
1515 2015 1722 2062 promptu

253 2090 365 2133 sunt,
420 2090 463 2123 ct
517 2097 773 2122 enumerare
823 2082 1004 2135 longum
1058 2089 1183 2130 esset,
1238 2083 1439 2122 consulto
1495 2089 1720 2135 praetereo.

255 2159 491 2198 Rationem
525 2162 675 2196 tamen
714 2172 770 2196 ex
809 2157 913 2209 ipsis
942 2157 1096 2197 afferre
1128 2157 1245 2205 libet,
1280 2171 1355 2197 cur
1386 2157 1440 2196 ad
1474 2157 1721 2197 custodiam

253 2231 468 2271 castitatis
511 2232 707 2270 maxime
748 2231 886 2282 prosit
927 2230 1177 2278 humilitas,
1230 2244 1369 2282 caque
1409 2231 1586 2283 gemina
1628 2245 1723 2271 esse

253 2310 411 2358 potest,
458 2304 543 2343 alia
597 2303 806 2356 Gregorii,
860 2303 996 2343 altera
1048 2303 1299 2356 Augustini.
1393 2305 1555 2344 Beatus
1607 2305 1723 2344 enim

256 2378 492 2430 Gregorius
517 2381 536 2397 ⁴‘
555 2378 600 2418 Si
630 2376 897 2430 vigilanter,''
926 2378 1078 2429 inquit,
1100 2378 1377 2418 “intenditur
1408 2384 1456 2418 ut
1488 2384 1532 2418 et
1564 2379 1723 2418 mentis

252 2452 478 2492 humilitas
530 2457 573 2491 et
624 2452 765 2491 carnis
822 2451 1082 2491 castimonia
1133 2457 1344 2501 teneatur,
1397 2452 1484 2492 cito
1538 2466 1722 2505 cognos-

253 2527 391 2565 cimus
428 2526 546 2578 quod
589 2525 774 2564 alterum
813 2525 1057 2565 custoditur
1094 2539 1151 2565 ex
1193 2525 1340 2566 altero.
1417 2525 1534 2565 Nam
1572 2526 1732 2566 multis«

255 2613 373 2652 saepe
422 2599 626 2651 superbia
675 2599 860 2638 luxuriae
903 2599 1186 2639 seminarium
1230 2599 1321 2648 fuit,
1355 2600 1458 2651 quia
1499 2599 1606 2639 dum
1649 2613 1732 2640 eos>

253 2674 431 2726 spiritus
473 2673 596 2725 quasi
638 2673 682 2712 in
724 2673 862 2713 altum
906 2673 1057 2722 erexit,
1097 2688 1197 2714 caro
1240 2675 1282 2713 in
1321 2673 1484 2713 infimis
1535 2673 1721 2715 mersit.''

254 2747 376 2800 Lege
417 2753 561 2787 totum
604 2752 746 2799 caput,
779 2747 897 2799 quod
941 2747 995 2786 de
1036 2747 1120 2787 hoc
1163 2761 1207 2787 re
1249 2753 1340 2797 est;
1384 2748 1456 2787 ubi
1499 2747 1721 2788 concludit

253 2821 309 2861 ad
367 2827 646 2861 extremum:
711 2821 944 2861 “Proinde
1005 2835 1083 2874 per
1152 2821 1414 2862 humilitatis
1475 2821 1729 2862 custodiam

836 2909 848 2928 ³
875 2911 958 2942 Coll.
979 2920 1009 2951 4.
1032 2922 1057 2943 c.
1084 2918 1132 2952 15.
