1903 3197
680 201 759 246 De
794 200 838 246 C
835 201 1036 247 astz'late.
1494 215 1518 258 3
1529 212 1551 258 5
1562 212 1586 259 5

128 337 456 387 multarumque
497 333 744 374 castitatem
792 331 958 371 lucrum
1001 337 1125 371 tuum
1167 331 1318 382 facies;
1367 331 1592 384 Scriptura

130 412 330 451 dicente:
355 409 442 448 “In
466 406 689 447 desideriis
707 411 772 445 est
789 406 931 444 omnis
949 405 1096 444 anima
1113 404 1278 444 otiosi.'’
1313 405 1407 445 Nec
1430 405 1589 445 idcirco

129 485 187 525 ab
210 496 340 536 opere
363 481 621 522 cessandum
645 485 721 527 est,
741 478 843 530 quia
866 478 963 517 Deo
986 478 1174 530 propitio
1198 477 1315 517 nulla
1340 492 1384 517 re
1407 479 1588 531 indiges,

127 559 205 598 sed
240 557 337 596 ideo
369 568 467 595 cum
490 553 694 593 omnibus
726 551 1016 591 laborandum
1041 557 1116 598 est,
1141 564 1191 590 ac
1214 564 1291 603 per
1312 552 1587 590 occasionem

131 632 274 685 operis
310 628 415 669 nihil
453 627 571 668 aliud
608 627 783 678 cogites,
818 625 898 664 nisi
936 624 1055 676 quod
1093 624 1148 663 ad
1183 624 1364 663 Domini
1403 624 1590 675 pertinet

129 706 393 746 servitutem.
448 703 507 742 Et
528 700 826 753 Augustinus:
851 698 1079 739 “Omnem
1103 696 1409 744 otiositatem,''
1435 697 1588 748 inquit,

127 778 384 831 “expellite,
427 788 600 828 semper
640 774 813 826 aliquid·
857 773 960 812 boni
1004 772 1142 820 facite,
1187 777 1230 811 et
1281 784 1411 823 quem
1454 770 1590 810 taedet

129 865 250 892 orare
272 850 339 891 vel
363 849 556 902 psallere,
581 848 784 887 manibus
806 847 975 898 operari
998 859 1085 885 non
1107 845 1281 884 differat
1301 859 1309 894 ;
1344 844 1590 896 cogitantes

127 926 245 979 quod
268 924 478 977 quamdiu
503 922 649 962 David
683 920 879 961 exercuit
901 933 946 959 se
978 920 1021 959 in
1055 918 1221 968 militia,
1245 932 1332 958 non
1366 917 1589 958 insultavit

129 1000 167 1039 ei
199 999 381 1039 luxuria.
458 996 680 1045 Salomon,
704 1008 802 1034 cum
835 999 1074 1046 occupatus
1107 993 1189 1032 fuit
1220 993 1263 1031 in
1296 991 1588 1031 aedificatione

128 1073 293 1125 templi,
319 1085 405 1111 non
435 1070 569 1110 sensit
598 1066 877 1108 luxuriam.”1
922 1068 1023 1106 Huc
1053 1066 1243 1106 revocari
1276 1071 1423 1118 potest
1446 1066 1588 1105 omnis

127 1146 213 1186 alia
255 1146 413 1185 mentis
454 1143 681 1191 aberratio,
708 1143 797 1182 sive
839 1147 995 1194 sponte
1036 1146 1249 1192 suscepta,
1274 1139 1363 1179 sive
1400 1139 1456 1178 ab
1492 1139 1588 1179 aliis

129 1225 248 1270 orta;
302 1224 350 1258 ut
395 1217 603 1270 exemplo
645 1229 738 1256 esse
780 1222 925 1267 potest
977 1214 1231 1254 adolescens
1273 1213 1356 1252 illis
1398 1213 1441 1252 in
1473 1213 1588 1252 Vitis

130 1295 319 1341 Patrum‚
371 1292 444 1344 qui
502 1291 656 1342 jurgiis
713 1295 756 1329 et
807 1289 1011 1329 conviciis
1072 1288 1128 1327 ab
1186 1300 1339 1339 aspero
1391 1286 1586 1339 quodam

127 1368 323 1419 duroque
382 1365 522 1413 fratre,
576 1364 747 1404 abbatis
801 1363 936 1415 jussu,
979 1368 1177 1409 vexatus,
1231 1360 1414 1400 liberum
1467 1374 1513 1400 se
1564 1372 1590 1401 a

123 1441 327 1481 diuturna
379 1440 520 1479 carnis
562 1437 763 1477 molestia
814 1450 864 1476 ac
906 1435 1156 1475 titillatione
1206 1434 1430 1486 persensit.
1514 1433 1584 1473 De

124 1528 210 1567 quo
245 1514 377 1554 etiam
416 1512 717 1563 Hieronymus
752 1509 807 1550 ad
845 1509 1075 1549 Rusticum
1110 1507 1385 1548 monachum.

210 1588 335 1640 Fuga
375 1586 666 1639 periculorum
709 1590 752 1624 et
794 1583 1073 1623 occasionum
1116 1582 1252 1622 tribus
1304 1581 1409 1620 item
1458 1581 1585 1621 rebus

122 1662 399 1715 potissimum
442 1660 700 1708 continetur,
739 1671 897 1710 nempe
939 1657 1077 1696 tribus
1118 1655 1412 1709 periculorum
1453 1668 1585 1707 gene-

123 1735 239 1776 ribus
291 1733 571 1774 declinandis.
665 1732 810 1772 Prima
861 1737 963 1771 sunt
1014 1744 1065 1770 ea
1124 1743 1222 1782 quae
1275 1734 1477 1768 creantur
1528 1742 1584 1768 ex

120 1808 330 1849 sensibus.
425 1807 637 1855 Secunda,
690 1819 788 1858 quae
840 1819 898 1845 ex
951 1804 1107 1856 injuria
1158 1803 1330 1852 mentis,
1383 1801 1586 1853 maleque

120 1881 422 1923 custodiendis
453 1879 794 1932 cogitationibus
823 1879 922 1918 suis.
974 1878 1136 1925 Tertia,
1161 1890 1260 1928 quae
1290 1890 1348 1916 ex
1377 1875 1583 1926 locorum,

123 1962 383 2009 temporum,
407 1960 450 1994 et
483 1966 768 2006 personarum
806 1951 1210 2006 opportunitatibus
1247 1950 1453 1990 oriuntur.

215 2035 266 2070 10.
314 2029 366 2068 In
418 2027 615 2067 sensibus
667 2026 783 2066 enim
834 2025 1070 2065 vehemens
1119 2024 1325 2076 quaedam
1367 2022 1582 2072 illecebra,

123 2115 421 2156 magnumque
452 2101 670 2141 violandae
707 2100 919 2140 castitatis
952 2099 1184 2139 discrimen
1216 2099 1340 2146 inest,
1374 2098 1456 2137 nisi
1489 2110 1584 2138 cus-

121 2177 372 2226 todiantur;
426 2189 543 2215 mors
585 2175 748 2227 quippe
789 2174 921 2213 intrat
962 2186 1040 2225 per
1081 2173 1302 2212 fenestras.
1388 2171 1583 2223 Ideoque

122 2251 149 2291 ii
178 2251 399 2304 praecipue
429 2263 581 2289 sensus
610 2247 885 2288 custodiendi
916 2252 1045 2287 sunt:
1080 2246 1205 2295 oculi,
1232 2258 1400 2295 manus,
1424 2244 1584 2297 lingua,

122 2339 196 2366 seu
235 2325 367 2364 etiam
403 2337 538 2363 aures.
604 2322 732 2363 Oculi
765 2322 969 2374 quidem:
1005 2320 1145 2361 “Noli
1178 2320 1507 2373 circumspicere
1539 2319 1582 2359 in

120 2398 225 2439 vicis
267 2398 466 2448 civitatis,
506 2411 584 2437 nec
626 2396 894 2436 oberraveris
937 2396 979 2435 in
1021 2394 1177 2448 plateis
1220 2394 1344 2434 illius.
1415 2393 1583 2433 Averte

123 2472 277 2513 faciem
328 2478 451 2512 tuam
502 2485 528 2512 a
586 2471 767 2511 muliere
818 2476 1006 2523 compta,
1059 2475 1103 2510 et
1153 2482 1208 2509 ne
1258 2468 1583 2521 circumspicias

121 2546 311 2599 speciem
354 2545 570 2595 alienam;
617 2550 796 2598 propter
836 2544 1026 2598 speciem
1070 2544 1260 2583 mulieris
1302 2543 1428 2583 multi
1469 2543 1582 2596 peri-

120 2617 305 2659 erunt.”2
382 2619 550 2659 Idcirco
601 2619 748 2659 David
799 2617 967 2668 cecidit,
1011 2623 1058 2658 ut
1104 2631 1235 2658 nemo
1286 2618 1435 2665 nescit,
1479 2616 1582 2669 quia

123 2691 383 2732 Bethsabeae
420 2698 572 2745 captus
610 2698 676 2732 est
711 2692 936 2743 nuditate;
979 2693 1034 2733 de
1066 2706 1154 2745 quo
1185 2692 1246 2732 sic
1276 2690 1581 2744 Augustinus:

118 2767 415 2819 “Proponunt
436 2766 517 2806 sibi
540 2779 716 2806 causam
746 2766 891 2806 David
915 2766 1070 2820 <sancti
1092 2765 1185 2818 viri)
1210 2771 1253 2806 et
1275 2765 1330 2805 ad
1352 2764 1435 2804 hoc
1457 2763 1579 2803 illum

123 2853 334 2894 magnum
367 2840 574 2880 cecidisse
597 2839 759 2889 vident,
784 2845 831 2880 ut
854 2841 973 2894 parvi
1005 2840 1144 2880 nolint
1165 2840 1312 2879 videre
1334 2838 1450 2878 unde
1481 2850 1581 2890 pos-

464 2919 476 2938 ¹
500 2921 558 2952 Ad
583 2921 722 2953 Fratres.
745 2921 813 2954 Ser.
839 2927 887 2961 17.
1053 2919 1066 2939 2
1091 2920 1179 2952 Eeel.
1196 2906 1230 2959 ⁶9.

295 2991 327 3021 X
360 2992 384 3021 2
