1903 3197
372 179 451 225 De
483 179 746 226 necessz'late
778 178 1014 225 moderati
1044 178 1234 226 laboris.
1433 194 1531 239 429

73 314 128 354 ab
169 314 247 362 his,
282 327 380 365 quse
421 317 649 365 patrantur
690 313 733 350 in
775 324 964 363 corpore,
1001 311 1283 363 sequiturque
1331 310 1532 351 habitum

74 387 289 439 corporis:
332 386 457 426 aliter
498 385 612 424 enim
646 399 682 424 v.
718 397 756 436 g.
792 384 977 423 afficitur
1018 385 1164 424 anima
1207 384 1445 424 insedentis
1489 385 1532 425 in

74 461 206 509 asino,
230 460 355 499 aliter
381 459 571 499 sedentis
599 459 641 497 in
670 457 857 507 throno;
896 457 1020 497 aliter
1051 458 1230 510 optimis
1259 458 1532 498 vestimentis

74 532 226 581 induti,
260 532 384 573 aliter
414 532 598 585 pannosi
635 545 685 571 ac
717 531 831 570 male
861 530 1041 571 vestiti.”
1111 531 1432 583 Concluditque
1464 531 1532 572 his

74 606 161 646 sere
210 607 386 647 verbis:
440 606 623 645 “Labor
668 606 798 658 igitur
848 604 1049 645 humiliat
1090 618 1258 657 corpus,
1301 604 1536 645 humiliato

73 686 221 720 autem
263 693 453 732 corpore,
487 679 740 718 humiliatur
771 679 931 731 pariter
962 684 1004 717 et
1036 677 1243 718 animus.”

162 753 418 794 Consimilia
449 753 578 792 docet
611 752 842 799 Climacus‚
867 753 909 791 in
937 751 1085 792 Gradu
1119 751 1175 791 de
1205 751 1466 800 humilitate,
1490 757 1535 792 et

76 827 313 869 Salvatoris
350 827 475 866 affert:
507 825 791 879 exemplum:
831 829 850 844 “
870 824 1055 874 Sciens,”
1089 825 1240 877 inquit,
1273 824 1535 864 “Dominus

74 900 278 941 exteriori
310 900 461 940 habitu
494 900 667 953 figurari
697 900 855 939 animae
887 900 1104 947 virtutem,
1139 905 1316 952 sumpto
1349 898 1531 939 linteolo

73 974 330 1014 humilitatis
368 974 495 1014 nobis
532 973 842 1026 compendium
875 974 1078 1013 ostendit.
1157 973 1325 1014 Studiis
1361 973 1532 1012 assimi-

74 1048 188 1088 latur
220 1048 377 1095 anima,
408 1053 450 1087 et
485 1048 541 1087 ad
580 1061 641 1095 ea,
675 1060 773 1099 quae
810 1047 932 1098 gerit,
967 1045 1189 1094 formatur,
1220 1052 1352 1098 atque
1386 1046 1442 1085 ad
1481 1059 1532 1086 ea

76 1120 318 1174 figuratur.''
382 1120 440 1160 Et
481 1133 614 1160 mox:
648 1119 827 1159 “Aliter
869 1119 1051 1159 affectus
1095 1125 1171 1167 est,
1205 1119 1278 1172 qui
1324 1120 1366 1158 in
1411 1119 1531 1168 solio,

75 1196 201 1235 aliter
222 1196 295 1248 qui
325 1196 367 1234 in
391 1194 662 1246 sterquilinio
684 1194 807 1234 sedet
826 1208 832 1233 :
865 1200 998 1246 atque
1021 1194 1120 1234 ideo
1143 1193 1324 1234 fortasse
1348 1207 1536 1246 magnus

75 1269 146 1308 ille
174 1268 317 1320 justus
349 1274 475 1307 extra
507 1268 728 1308 civitatem
762 1267 945 1307 sedebat
978 1268 1020 1306 in
1053 1266 1277 1307 stercore.’'

164 1341 334 1380 Eadem
362 1341 681 1393 propemodum
710 1340 895 1380 Basilius
917 1341 1057 1389 docet,
1080 1339 1281 1392 quamvis
1303 1340 1357 1379 de
1386 1339 1536 1380 labore

77 1415 182 1454 nihil
214 1415 356 1454 dicat:
391 1413 627 1461 “Animass'
658 1415 810 1466 inquit,
842 1414 1036 1453 “studiis
1058 1419 1101 1453 et
1131 1414 1350 1453 exercitiis
1382 1414 1535 1453 similis

77 1489 233 1537 evadit,
276 1494 318 1528 et
360 1488 414 1527 ad
467 1502 528 1536 ea,
572 1501 670 1539 quae
712 1486 824 1535 facit,
868 1486 1121 1526 efformatur
1166 1500 1216 1525 ac
1268 1484 1537 1538 figuratur.”¹

79 1561 324 1602 Bernardus
361 1561 491 1602 aliam
529 1562 742 1601 rationem
779 1560 931 1608 innuit,
963 1573 1038 1600 cur
1071 1574 1128 1599 ex
1163 1559 1311 1599 labore
1345 1559 1541 1611 corporis

78 1637 241 1676 oriatur
280 1634 532 1675 humilitas:
568 1633 836 1681 “Causam,''
871 1634 1022 1685 inquit,
1057 1633 1253 1673 “laboris
1289 1633 1452 1685 cogitet
1494 1633 1537 1673 in

80 1709 239 1758 labore,
272 1715 319 1748 ut
356 1709 450 1761 ipsa
492 1709 529 1747 ei
571 1721 705 1760 poena
750 1721 883 1759 quam
926 1707 1099 1760 patitur,
1139 1712 1449 1759 repraesentet;
1496 1712 1540 1746 et

81 1783 186 1823 dum
217 1781 337 1822 videt
367 1781 594 1821 vulnerum
627 1780 872 1833 ligaturam,
906 1781 999 1832 ipsa
1041 1780 1121 1820 sub
1163 1780 1319 1832 pannis
1360 1778 1538 1819 vulnera

83 1856 326 1895 meditetur.
406 1854 674 1905 Hujusmodi
712 1853 927 1905 siquidem
960 1854 1227 1906 cogitatione
1258 1852 1542 1893 humiliamur

82 1930 162 1969 sub
205 1928 374 1981 potenti
412 1941 542 1967 manu
589 1928 684 1975 Dei,
733 1933 775 1966 et
821 1926 935 1967 dulci
980 1927 1172 1978 quadam
1214 1926 1380 1978 pietate
1416 1939 1541 1966 mens

83 2002 211 2055 plena
242 2001 485 2041 mirabilem
515 2014 561 2040 se
588 2000 769 2040 exhibet
802 2000 843 2039 in
876 1999 1011 2040 oculis
1044 1997 1194 2051 ejus.’'2

172 2075 437 2127 Quanquam
480 2080 627 2114 autem
675 2073 798 2113 labor
838 2073 1039 2126 corporiS‚
1072 2073 1146 2125 qui
1197 2075 1329 2113 etiam
1373 2073 1434 2122 iis,
1467 2074 1540 2126 qui

85 2151 324 2190 litterarum
367 2148 521 2188 studiis
563 2154 639 2187 aut
675 2147 972 2200 spiritualibus
1013 2146 1164 2186 officiis
1206 2160 1385 2199 operam
1423 2147 1543 2195 dant,

84 2223 386 2277 praescribitur,
420 2236 507 2262 non
543 2227 608 2261 est
637 2221 878 2261 admodum
911 2221 1064 2273 gravis.
1140 2220 1235 2259 Nec
1269 2220 1384 2259 enim
1419 2220 1544 2272 opifi-

85 2310 183 2337 cum
208 2310 328 2336 more
357 2296 558 2335 manibus
586 2294 751 2347 aliquid
782 2294 1018 2342 elaborant,
1043 2300 1090 2333 ut
1112 2294 1240 2346 prisci
1273 2293 1333 2333 illi
1367 2294 1543 2334 Patres:

86 2370 191 2410 levis
223 2375 371 2409 tamen
403 2368 475 2408 ille
507 2369 580 2421 qui
609 2368 914 2421 praescribitur,
944 2373 992 2407 ut
1025 2380 1193 2407 verrere
1229 2366 1544 2419 pavimentum,

89 2444 330 2483 ministrare
352 2443 524 2491 mensis
548 2443 692 2482 lances
714 2449 954 2494 extergere,
977 2447 1020 2481 et
1042 2440 1085 2480 id
1108 2454 1246 2492 genus
1273 2440 1343 2480 alii
1373 2440 1545 2480 labores

88 2522 221 2568 atque
257 2516 593 2556 exercitationes
629 2515 921 2555 humilitatem
958 2520 1107 2554 tamen
1145 2514 1380 2561 continent,
1414 2520 1457 2554 et
1489 2513 1543 2553 ad

90 2590 383 2630 humilitatem
405 2591 520 2630 viam
549 2590 777 2639 muniunt;
811 2603 950 2641 eoque
979 2588 1163 2628 alacrius
1192 2588 1350 2640 suscipi
1374 2588 1546 2633 debent,

90 2677 177 2716 quo
206 2663 387 2703 leviores
416 2670 527 2711 sunt,
553 2669 595 2703 et
616 2677 641 2703 a
667 2664 828 2703 sanctis
850 2662 950 2703 viris
978 2667 1136 2714 sponte
1164 2662 1364 2713 suscepti.
1428 2661 1545 2700 Nam

91 2738 367 2779 Constantini
410 2751 617 2789 generum
657 2736 931 2776 Gallicanum
965 2737 1104 2776 virum
1147 2749 1251 2775 sane
1288 2747 1465 2786 gravem
1503 2739 1546 2773 e‘c

89 2812 372 2860 consularem,
388 2824 486 2851 cum
506 2810 746 2850 monachus
764 2809 903 2850 factus
919 2815 1042 2859 esset,
1057 2810 1112 2849 ad
1131 2822 1306 2848 omnem
1325 2821 1544 2848 servorum

339 2899 351 2919 ¹
376 2901 445 2932 Ser.
466 2900 507 2931 de
532 2900 659 2931 Humil.
805 2899 817 2917 ²
843 2900 897 2930 Ad
923 2900 1051 2930 Fratres
1077 2899 1146 2931 Ser.
1166 2907 1196 2937 4.
1218 2902 1239 2929 t.
1264 2906 1291 2928 1.
