1903 3197
329 169 409 215 De
442 166 789 214 ministrorum
823 181 940 227 erga
973 169 1172 226 (egrotos
1205 178 1336 209 cura.
1479 168 1571 218 537

98 308 282 343 ventura
317 302 373 341 de
423 301 539 340 bono
578 298 764 339 Praelato
801 298 873 346 ait,
912 310 1012 336 eum
1050 296 1225 348 zegrotis
1269 295 1420 341 facere,
1457 292 1568 331 sicut

98 375 229 415 vellet
252 374 332 414 sibi
355 374 457 423 fieri,
479 374 515 413 si
538 371 736 412 similiter
756 368 1001 421 indigeret.1
1044 368 1134 409 Sed
1158 368 1362 408 nimirum
1385 366 1566 419 quidam

97 448 333 488 condolere
355 447 554 486 nesciunt
575 449 838 497 aegrotorum
861 442 1013 490 vicem,
1034 455 1112 481 nee
1136 441 1223 481 ullo
1245 441 1367 494 tangi
1392 439 1567 479 misera-

102 521 234 562 tionis
267 521 455 569 affeetu;
488 518 590 572 quia
620 518 709 557 vim
742 515 881 556 morbi
915 514 1110 555 nondum
1144 515 1316 567 experti
1348 519 1460 561 sunt,
1488 525 1566 552 nec

100 595 294 635 sentiunt
337 593 456 646 quod
499 591 631 632 sentit
673 603 797 642 aeger.
876 588 946 628 Ac
988 593 1219 640 propterea
1262 587 1379 626 idem
1424 586 1566 625 Bona—

99 675 292 716 ventura,
321 681 421 707 cum
456 666 511 706 de
549 664 735 704 Praelato
768 663 970 716 loquitur,
1004 662 1059 701 ad
1090 667 1340 701 extremum
1374 660 1434 699 ita
1465 672 1567 698 con-

97 742 262 783 cludit:
295 739 533 793 “Expedit
555 752 659 791 ergo
690 737 924 777 Praelatum
948 734 1214 788 quandoque
1237 733 1427 786 experiri
1451 731 1566 771 infir-

101 816 279 855 mitates
316 819 585 861 caeterorum,
623 817 672 851 ut
709 811 850 851 discat
892 809 1085 862 compati
1123 807 1256 860 juxta
1297 806 1434 846 illud:
1481 818 1567 844 non

99 888 313 929 habemus
338 886 607 935 Pontificem,
632 885 705 938 qui
729 897 816 924 non
846 883 983 937 possit
1012 881 1207 935 compati
1237 878 1567 921 infirmitatibus

101 960 295 1002 nostris.''
361 961 487 1001 Idem
525 973 629 1012 ergo
665 959 721 999 de
758 957 965 997 ministris
1001 956 1085 996 dici
1118 961 1273 1008 potest.
1339 953 1428 995 Sed
1461 953 1566 993 dum

101 1035 206 1075 nihil
238 1035 325 1075 tale
358 1034 652 1087 experiuntur,
687 1032 820 1072 fidem
865 1031 1020 1071 saltem
1059 1029 1252 1082 expertis
1286 1028 1490 1075 habeant,
1523 1033 1568 1067 et

101 1109 287 1149 induant
313 1109 478 1148 viscera
510 1106 818 1146 misericordiae
851 1111 1078 1157 tamquam
1112 1103 1237 1143 electi
1271 1101 1356 1142 Dei
1389 1108 1432 1141 et
1465 1101 1567 1140 boni

103 1183 269 1232 fratres,
307 1188 349 1222 et
388 1181 579 1234 idipsum
623 1193 726 1232 erga
767 1185 948 1219 caeteros
991 1177 1154 1218 faciant
1196 1176 1314 1228 quod
1357 1175 1438 1215 sibi
1479 1174 1569 1214 fieri

102 1256 275 1304 vellent,
310 1257 344 1294 si
378 1259 651 1307 aegrotarent.

189 1329 313 1369 Foris
344 1334 492 1368 autem
525 1326 825 1367 ostendendus
855 1331 920 1365 est
953 1325 1023 1365 hic
1053 1324 1245 1373 affectus,
1278 1329 1327 1362 ut
1358 1327 1569 1375 appareat

100 1417 186 1453 eos,
224 1403 297 1455 qui
335 1401 595 1449 ministrant,
635 1414 721 1440 non
760 1414 817 1440 ex
860 1399 1119 1439 necessitate
1161 1403 1236 1438 aut
1278 1411 1335 1436 ex
1382 1396 1569 1444 tristitia,

101 1476 284 1517 hilarem
327 1476 442 1515 enim
480 1476 679 1515 datorem
717 1473 860 1525 diligit
898 1473 1049 1521 Deus;
1097 1472 1173 1511 sed
1212 1484 1291 1510 sua
1331 1469 1570 1518 voluntate,

99 1557 146 1592 et
191 1557 322 1604 prout
356 1550 632 1589 destinarunt
664 1548 706 1587 in
739 1546 870 1586 corde
903 1559 993 1594 suo,
1027 1546 1155 1598 :egris
1187 1543 1390 1584 fratribus
1424 1542 1571 1582 minis-

102 1631 227 1665 trare.
292 1624 530 1676 Propterea
559 1620 869 1674 significabunt
896 1619 1012 1659 hunc
1042 1618 1176 1658 animi
1198 1617 1405 1658 affectum
1429 1615 1571 1656 fronte

104 1699 295 1752 primum
329 1711 379 1737 ac
410 1696 565 1746 vultu;
598 1701 657 1744 ut,
684 1708 794 1747 quos
825 1699 989 1741 curant,
1022 1692 1125 1745 aegri
1159 1692 1253 1744 ipso
1285 1691 1371 1730 oris
1404 1689 1572 1730 exhila-

103 1778 253 1813 rentur
288 1777 479 1824 aspectu.
545 1769 718 1809 Deinde
753 1767 927 1807 blandis
962 1766 1104 1806 verbis
1141 1772 1275 1818 atque
1313 1763 1571 1804 affabilitate

105 1847 328 1895 sermonis,
370 1859 469 1897 quae
507 1844 562 1883 ad
600 1841 916 1883 consolandum
953 1840 1070 1880 valet
1106 1840 1373 1892 plurimum;
1406 1851 1493 1890 quo
1528 1838 1571 1877 in

99 1934 262 1974 genere
286 1918 610 1973 perstudiosum
634 1916 765 1955 fuisse
789 1915 833 1954 B.
855 1913 1085 1954 Nicolaum
1110 1912 1451 1960 Tolentinatem,
1470 1925 1570 1951 cum

107 1995 324 2035 invisebat
346 1998 547 2046 aegrotos,
569 1990 792 2044 proditum
815 1994 890 2028 est.

196 2069 424 2108 Postremo
457 2065 583 2117 aegris
606 2063 709 2116 ipsis
741 2062 1054 2110 intervisendis,
1079 2061 1229 2101 crebro
1252 2060 1416 2100 scilicet
1442 2065 1486 2100 et
1514 2059 1571 2100 ad

109 2156 184 2182 eos
224 2139 503 2188 advocandis,
534 2153 559 2178 a
587 2137 746 2190 quibus
776 2136 939 2176 blande
970 2134 1250 2187 hilariterque
1282 2134 1572 2174 detineantur.

111 2216 223 2256 Haec
261 2215 378 2255 enim
417 2212 566 2254 onmia
602 2218 646 2251 et
682 2211 725 2250 id
762 2223 901 2262 genus
937 2208 1034 2258 alia,
1058 2222 1156 2261 quae
1194 2208 1296 2248 foris
1326 2213 1572 2255 cernuntur,

106 2290 268 2330 indicia
307 2294 410 2329 sunt
446 2286 661 2327 interioris
697 2284 909 2333 affectus;
951 2297 1039 2336 quo
1078 2282 1217 2323 multo
1255 2283 1395 2335 magis
1432 2281 1573 2322 delec-

107 2370 257 2406 tantur
279 2377 328 2403 ac
352 2367 600 2403 recreantur
621 2359 787 2412 aegroti,
811 2371 945 2411 quam
968 2363 1044 2397 aut
1070 2357 1327 2397 suavissimo
1358 2361 1572 2410 apparatu

108 2439 317 2488 ciborum,
340 2443 416 2477 aut
437 2435 691 2489 praestantia
714 2433 1146 2473 medicamentorum.

199 2511 289 2552 Sed
335 2510 492 2563 quibus
537 2509 718 2549 tandem
770 2507 850 2547 viis
900 2506 1016 2547 hunc
1067 2505 1291 2547 charitatis
1342 2505 1574 2546 induemus

110 2585 331 2635 affectum,
380 2597 480 2624 cum
530 2583 827 2622 ministramus
879 2580 1087 2634 aegrotis?
1167 2580 1267 2632 Jam
1320 2580 1435 2619 enirn
1491 2578 1575 2618 hoc

108 2665 176 2713 est
213 2659 401 2700 alterum
438 2657 557 2710 quod
600 2655 873 2709 propositum
916 2661 1019 2704 erat,
1056 2654 1111 2693 de
1153 2667 1240 2706 quo
1283 2653 1469 2693 breviter
1509 2656 1577 2691 est

110 2733 355 2774 dicendum.

661 2800 672 2818 ¹
701 2802 753 2833 De
769 2812 824 2833 sex
844 2802 914 2840 alis,
935 2812 961 2833 c.
981 2810 1013 2840 4.
