1903 3197
343 176 406 222 34
809 160 889 206 De
922 159 966 206 S
963 159 1170 207 ocz‘etatis
1204 159 1260 206 F
1254 160 1340 207 ine.

340 292 609 347 praestantia,
652 297 729 332 aut
769 292 857 332 suis
898 293 1063 332 viribus
1104 292 1397 345 humanisque
1448 293 1662 346 praesidiis
1704 307 1804 334 eum

340 380 387 407 se
419 366 591 419 assequi
627 379 758 419 posse
789 365 1008 406 confidat:
1043 366 1203 406 divinae
1235 367 1352 406 enim
1385 367 1539 418 gratiae
1577 367 1804 418 negotium

338 440 423 480 hoc
452 446 528 490 est,
551 452 639 480 non
668 439 960 480 humanarum
982 440 1170 490 virium3
1203 446 1247 480 et
1279 440 1438 480 idcirco
1472 440 1514 479 in
1547 439 1642 492 ipso
1671 441 1804 481 etiam

340 513 718 554 Constitutionum
741 513 958 566 prooemio
981 513 1191 554 admonet
1213 519 1363 553 noster
1392 514 1532 563 Pater,
1557 513 1803 554 bonitatem

341 587 425 627 Dei
458 601 562 637 esse,
587 601 686 639 quae
708 592 1017 627 conservatura
1047 601 1097 627 ac
1125 593 1381 640 promotura
1405 588 1460 627 sit
1483 588 1525 626 in
1549 601 1627 627 suo
1651 593 1804 628 sancto

339 662 514 702 servitio
538 662 807 702 Societatem
831 666 1036 700 nostram.

429 734 576 787 Quare
598 735 796 787 quisquis
827 734 1031 787 progredi
1064 734 1120 774 ad
1153 734 1467 786 perfectionem
1500 735 1660 784 studet,
1694 735 1728 775 is
1763 735 1805 774 in

340 809 490 862 primis
524 809 604 848 sibi
636 809 901 860 persuadeat
923 821 1101 848 necesse
1126 813 1202 857 est,
1227 822 1404 848 omnem
1438 822 1564 848 suum
1595 815 1803 849 conatum

340 883 508 923 irritum
539 882 630 923 fore
661 888 793 936 atque
825 883 1010 931 inanem,
1035 883 1115 922 nisi
1149 883 1296 922 divina
1329 883 1624 923 misericordia
1656 896 1805 923 comes

341 957 467 1006 adsit,
484 957 587 1009 quia
605 957 741 997 “Non
760 962 825 996 est
841 956 1027 996 volentis
1045 970 1187 1008 neque
1204 956 1450 1004 currentis,”
1470 962 1517 996 ut
1536 957 1696 997 Paulus
1713 956 1805 1005 ait,¹

340 1031 449 1070 “sed
473 1031 718 1070 miserentis
741 1036 807 1069 est
831 1029 950 1069 Dei.’'
988 1029 1193 1069 Volentis
1216 1029 1330 1068 dixit
1353 1035 1532 1081 propter
1553 1030 1804 1070 interiorem

340 1104 580 1145 voluntatis
612 1110 772 1152 actum,
797 1103 1009 1143 currentis
1038 1108 1216 1156 propter
1248 1109 1502 1153 externum;
1537 1104 1660 1156 quasi
1688 1104 1808 1144 dicat

341 1191 429 1218 non
461 1178 567 1217 satis
599 1183 701 1217 sunt
733 1178 911 1216 incensa
943 1176 1161 1216 desideria
1192 1183 1342 1217 nostra
1374 1182 1508 1229 atque
1539 1177 1696 1227 studia,
1727 1191 1807 1217 nec

340 1252 513 1292 labores
545 1265 597 1291 ac
628 1252 933 1292 contentiones
966 1256 1175 1300 externae,
1209 1251 1290 1290 nisi
1324 1251 1471 1290 adsint
1503 1251 1807 1291 miserationes

343 1326 437 1365 Dei.
504 1326 626 1365 Deus
661 1325 775 1364 enim
813 1331 888 1373 est,
921 1331 968 1365 ut
1004 1325 1065 1364 ait
1100 1324 1258 1364 Abbas
1298 1323 1547 1364 Cheremon
1585 1325 1627 1364 in
1663 1324 1808 1365 Colla-

337 1399 532 1439 tionibus
571 1396 782 1447 Patrum,2
814 1397 937 1450 “Qui
976 1398 1101 1438 nobis
1136 1403 1180 1438 et
1210 1398 1333 1438 initia
1368 1404 1533 1438 sanctae
1566 1398 1808 1438 voluntatis

340 1473 536 1525 inspirat,
574 1478 617 1512 et
650 1472 858 1511 virtutem
903 1478 1036 1524 atque
1080 1472 1457 1524 opportunitatem
1501 1485 1663 1521 eorum,
1708 1485 1807 1524 quae

339 1552 455 1586 recte
508 1546 719 1598 cupimus,
763 1545 915 1585 tribuit
956 1545 1234 1598 peragendi.''
1301 1546 1359 1585 Et
1403 1545 1448 1584 B.
1486 1545 1722 1598 Gregorius
1764 1545 1807 1585 in

342 1618 635 1659 Moralibus:3
679 1619 953 1659 “Neminem
1006 1632 1101 1659 esse
1145 1619 1261 1667 dicit,
1307 1620 1380 1671 qui
1425 1625 1602 1660 tantum
1636 1620 1807 1660 virtutis

339 1692 656 1745 apprehendat,
713 1698 928 1745 quantum
983 1693 1217 1741 desiderat,
1274 1693 1378 1744 quia
1434 1693 1628 1745 optimus
1683 1693 1806 1733 Deus

341 1766 548 1806 interiora
583 1766 834 1806 discernens
866 1767 958 1819 ipse
992 1765 1291 1819 spiritualibus
1322 1766 1592 1818 profectibus
1621 1767 1805 1807 modum

340 1841 476 1893 ponit,
502 1846 550 1879 ut
573 1854 630 1879 ex
660 1839 743 1880 hoc
773 1839 906 1879 homo
934 1841 1052 1892 quod
1087 1838 1417 1892 apprehendere
1447 1846 1630 1879 conatur
1652 1846 1695 1880 et
1718 1853 1806 1880 non

340 1913 467 1962 valet,
492 1914 536 1953 in
564 1913 648 1953 illis
671 1927 716 1953 se
739 1927 827 1953 non
850 1913 1001 1963 elevet,
1027 1927 1125 1965 quae
1148 1913 1275 1953 valet.
1342 1912 1626 1965 Quamquam
1658 1919 1804 1954 autem

342 1987 522 2039 requirit
564 1993 608 2027 et
667 1987 790 2027 Deus
834 1988 1031 2027 studium
1084 1993 1295 2035 nostrum,
1339 1993 1387 2026 ut
1440 2000 1547 2026 mox
1599 1988 1807 2037 dicemus,

339 2067 489 2100 tamen
527 2059 610 2100 hoc
644 2060 776 2112 plane
816 2060 1088 2100 intellectum
1122 2060 1249 2099 nobis
1283 2073 1376 2099 esse
1410 2059 1554 2109 debet,
1586 2060 1807 2112 profectus

341 2134 476 2173 nostri
519 2146 739 2173 summam
784 2134 827 2172 in
870 2133 1030 2173 divinae
1077 2134 1230 2185 gratiae
1288 2133 1502 2185 praesidiis
1552 2135 1805 2186 ponendam

338 2220 443 2246 esse.
515 2206 701 2259 Semper
736 2207 851 2246 enim
889 2207 1015 2255 actio,
1049 2213 1096 2246 ut
1129 2207 1250 2246 aiunt
1285 2206 1545 2259 philosophi,
1576 2208 1806 2261 principali

338 2280 488 2333 agenti
506 2280 723 2329 tribuitur,
740 2286 788 2320 ut
811 2294 910 2320 cum
929 2280 1051 2320 faber
1073 2280 1274 2320 adhibita
1298 2281 1435 2320 securi
1454 2294 1600 2321 arcam
1619 2281 1805 2330 conficit,

338 2367 451 2406 opus
474 2354 618 2406 ipsum
642 2354 778 2403 fabro,
804 2368 889 2394 non
913 2355 1050 2395 securi
1075 2355 1289 2395 tribuitur.
1345 2355 1415 2394 Ita
1437 2356 1481 2394 in
1503 2354 1805 2408 progressibus

340 2428 510 2477 nostris,
560 2429 761 2480 quamvis
813 2442 946 2481 opera
998 2435 1148 2469 nostra
1201 2428 1485 2481 studiumque
1537 2429 1805 2481 requiratur:

340 2507 490 2541 tamen
524 2502 734 2554 quoniam
769 2503 862 2542 sine
899 2503 982 2542 Dei
1016 2504 1169 2555 gratia,
1204 2503 1321 2555 quod
1358 2508 1423 2542 est
1457 2502 1726 2555 praecipuum
1763 2510 1805 2542 et

338 2575 590 2628 principale,
629 2589 679 2615 ea
717 2582 863 2615 essent
902 2576 1082 2627 inania;
1133 2576 1295 2616 idcirco
1331 2577 1474 2616 omnis
1516 2582 1666 2616 nostra
1707 2590 1805 2630 pro—

339 2649 506 2702 gressio
547 2649 848 2702 perfectioque
888 2651 1055 2690 auctori
1100 2650 1198 2689 Deo
1241 2650 1531 2690 adscribenda
1572 2651 1615 2690 in
1656 2651 1807 2703 primis

337 2729 416 2773 est,
465 2729 509 2764 et
554 2724 612 2764 ab
662 2737 714 2764 eo
763 2724 984 2777 speranda
1026 2723 1316 2777 potissimum.
1402 2723 1475 2763 Ex
1521 2738 1608 2776 quo
1650 2724 1807 2777 colligo

336 2797 381 2838 id
424 2798 543 2851 quod
595 2803 699 2838 ante
751 2798 1021 2848 dicebamus,
1065 2811 1143 2838 nec
1188 2797 1483 2850 dejiciendum
1538 2799 1664 2839 nobis
1716 2813 1810 2839 esse

516 2886 528 2906 ¹
554 2888 652 2921 Rom.
676 2896 706 2928 9.
843 2886 857 2906 ⁹
882 2888 967 2920 Con.
995 2895 1040 2928 13,
1061 2898 1087 2920 c.
1109 2896 1138 2928 3.
1277 2886 1290 2906 ³
1316 2889 1357 2919 L.
1381 2896 1417 2919 12
1444 2889 1528 2921 Mor.
1551 2899 1576 2922 c.
1595 2897 1625 2921 2.
