<?xml version="1.0" encoding="UTF-8"?>
<!DOCTYPE html PUBLIC "-//W3C//DTD XHTML 1.0 Transitional//EN"
    "http://www.w3.org/TR/xhtml1/DTD/xhtml1-transitional.dtd">
<html xmlns="http://www.w3.org/1999/xhtml" xml:lang="en" lang="en">
 <head>
  <title>
</title>
<meta http-equiv="Content-Type" content="text/html;charset=utf-8" />
  <meta name='ocr-system' content='tesseract 3.04.00' />
  <meta name='ocr-capabilities' content='ocr_page ocr_carea ocr_par ocr_line ocrx_word'/>
</head>
<body>
  <div class='ocr_page' id='page_1' title='image "./nicolaiorlandini00orla_0436.png"; bbox 0 0 1903 3197; ppageno 0'>
   <div class='ocr_carea' id='block_1_1' title="bbox 272 133 1419 199">
    <p class='ocr_par' dir='ltr' id='par_1_1' title="bbox 272 133 1419 199">
     <span class='ocr_line' id='line_1_1' title="bbox 272 133 1419 199; baseline -0.007 -13"><span class='ocrx_word' id='word_1_1' title='bbox 272 143 367 199; x_wconf 78' lang='lat'>416</span> <span class='ocrx_word' id='word_1_2' title='bbox 599 138 679 183; x_wconf 73' lang='lat' dir='ltr'>De</span> <span class='ocrx_word' id='word_1_3' title='bbox 711 137 901 183; x_wconf 67' lang='lat' dir='ltr'>ratione</span> <span class='ocrx_word' id='word_1_4' title='bbox 935 134 1128 181; x_wconf 73' lang='lat' dir='ltr'>vivendi</span> <span class='ocrx_word' id='word_1_5' title='bbox 1160 133 1419 181; x_wconf 73' lang='lat' dir='ltr'>Socz&#39;elatz&#39;s.</span> 
     </span>
    </p>
   </div>
   <div class='ocr_carea' id='block_1_2' title="bbox 271 265 1736 466">
    <p class='ocr_par' dir='ltr' id='par_1_2' title="bbox 271 265 1736 466">
     <span class='ocr_line' id='line_1_2' title="bbox 271 265 1736 324; baseline -0.006 -12"><span class='ocrx_word' id='word_1_6' title='bbox 271 278 319 313; x_wconf 87' lang='lat' dir='ltr'>ut</span> <span class='ocrx_word' id='word_1_7' title='bbox 350 272 424 324; x_wconf 92' lang='lat' dir='ltr'>qui</span> <span class='ocrx_word' id='word_1_8' title='bbox 458 284 559 311; x_wconf 90' lang='lat' dir='ltr'>suas</span> <span class='ocrx_word' id='word_1_9' title='bbox 591 269 874 309; x_wconf 78' lang='lat' dir='ltr'>necessitates</span> <span class='ocrx_word' id='word_1_10' title='bbox 906 268 1111 316; x_wconf 86' lang='lat' dir='ltr'>indicant,</span> <span class='ocrx_word' id='word_1_11' title='bbox 1150 281 1229 306; x_wconf 90' lang='lat' dir='ltr'>usu</span> <span class='ocrx_word' id='word_1_12' title='bbox 1263 271 1367 306; x_wconf 88' lang='lat' dir='ltr'>ante</span> <span class='ocrx_word' id='word_1_13' title='bbox 1398 271 1532 318; x_wconf 91' lang='lat' dir='ltr'>atque</span> <span class='ocrx_word' id='word_1_14' title='bbox 1564 265 1736 317; x_wconf 81' lang='lat' dir='ltr'>experi-</span> 
     </span>
     <span class='ocr_line' id='line_1_3' title="bbox 273 338 1735 395; baseline -0.006 -9"><span class='ocrx_word' id='word_1_15' title='bbox 273 351 423 387; x_wconf 90' lang='lat' dir='ltr'>mento</span> <span class='ocrx_word' id='word_1_16' title='bbox 445 344 678 384; x_wconf 80' lang='lat' dir='ltr'>didicerint</span> <span class='ocrx_word' id='word_1_17' title='bbox 709 343 753 383; x_wconf 93' lang='lat' dir='ltr'>id</span> <span class='ocrx_word' id='word_1_18' title='bbox 786 343 904 395; x_wconf 89' lang='lat' dir='ltr'>quod</span> <span class='ocrx_word' id='word_1_19' title='bbox 927 342 994 382; x_wconf 90' lang='lat' dir='ltr'>vel</span> <span class='ocrx_word' id='word_1_20' title='bbox 1021 341 1313 382; x_wconf 89' lang='lat' dir='ltr'>necessarium</span> <span class='ocrx_word' id='word_1_21' title='bbox 1337 353 1442 387; x_wconf 90' lang='lat' dir='ltr'>esse,</span> <span class='ocrx_word' id='word_1_22' title='bbox 1460 338 1528 379; x_wconf 91' lang='lat' dir='ltr'>vel</span> <span class='ocrx_word' id='word_1_23' title='bbox 1550 338 1735 379; x_wconf 83' lang='lat' dir='ltr'>noxium</span> 
     </span>
     <span class='ocr_line' id='line_1_4' title="bbox 272 412 1736 466; baseline -0.005 -7"><span class='ocrx_word' id='word_1_24' title='bbox 272 418 512 460; x_wconf 91' lang='lat' dir='ltr'>valetudini</span> <span class='ocrx_word' id='word_1_25' title='bbox 543 417 754 465; x_wconf 86' lang='lat' dir='ltr'>videatur,</span> <span class='ocrx_word' id='word_1_26' title='bbox 778 423 822 457; x_wconf 93' lang='lat' dir='ltr'>et</span> <span class='ocrx_word' id='word_1_27' title='bbox 851 415 935 456; x_wconf 94' lang='lat' dir='ltr'>hoc</span> <span class='ocrx_word' id='word_1_28' title='bbox 966 416 1109 455; x_wconf 90' lang='lat' dir='ltr'>verbis</span> <span class='ocrx_word' id='word_1_29' title='bbox 1142 414 1223 454; x_wconf 87' lang='lat' dir='ltr'>illis</span> <span class='ocrx_word' id='word_1_30' title='bbox 1256 412 1552 466; x_wconf 85' lang='lat' dir='ltr'>significatur:</span> <span class='ocrx_word' id='word_1_31' title='bbox 1586 412 1736 452; x_wconf 90' lang='lat' dir='ltr'>“Cum</span> 
     </span>
    </p>
   </div>
   <div class='ocr_carea' id='block_1_3' title="bbox 1416 486 1423 501">
    <p class='ocr_par' dir='ltr' id='par_1_3' title="bbox 1416 486 1423 501">
     <span class='ocr_line' id='line_1_5' title="bbox 1416 486 1423 501; baseline 0 0"><span class='ocrx_word' id='word_1_32' title='bbox 1416 486 1423 501; x_wconf 65' lang='grc' dir='ltr'><em>ἲ</em></span> 
     </span>
    </p>
   </div>
   <div class='ocr_carea' id='block_1_4' title="bbox 274 485 1797 2757">
    <p class='ocr_par' dir='ltr' id='par_1_4' title="bbox 274 485 1797 2239">
     <span class='ocr_line' id='line_1_6' title="bbox 276 485 1739 540; baseline -0.005 -7"><span class='ocrx_word' id='word_1_33' title='bbox 276 492 666 533; x_wconf 81' lang='lat' dir='ltr'>animadverterint</span> <span class='ocrx_word' id='word_1_34' title='bbox 692 504 859 540; x_wconf 88' lang='lat' dir='ltr'>nocere;</span> <span class='ocrx_word' id='word_1_35' title='bbox 881 489 949 530; x_wconf 88' lang='lat' dir='ltr'>vel</span> <span class='ocrx_word' id='word_1_36' title='bbox 977 489 1269 529; x_wconf 87' lang='lat' dir='ltr'>necessarium</span> <span class='ocrx_word' id='word_1_37' title='bbox 1294 486 1411 527; x_wconf 85' lang='lat' dir='ltr'>esse.’</span> <span class='ocrx_word' id='word_1_38' title='bbox 1487 485 1602 527; x_wconf 85' lang='lat' dir='ltr'>Sunt</span> <span class='ocrx_word' id='word_1_39' title='bbox 1624 486 1739 525; x_wconf 91' lang='lat' dir='ltr'>enim</span> 
     </span>
     <span class='ocr_line' id='line_1_7' title="bbox 274 560 1740 619; baseline -0.007 -12"><span class='ocrx_word' id='word_1_40' title='bbox 274 566 408 619; x_wconf 82' lang='lat' dir='ltr'>aliqui</span> <span class='ocrx_word' id='word_1_41' title='bbox 451 566 494 606; x_wconf 87' lang='lat' dir='ltr'>in</span> <span class='ocrx_word' id='word_1_42' title='bbox 535 565 603 605; x_wconf 92' lang='lat' dir='ltr'>his</span> <span class='ocrx_word' id='word_1_43' title='bbox 644 579 744 618; x_wconf 63' lang='lat' dir='ltr'>quse</span> <span class='ocrx_word' id='word_1_44' title='bbox 785 564 842 605; x_wconf 91' lang='lat' dir='ltr'>ad</span> <span class='ocrx_word' id='word_1_45' title='bbox 875 563 1173 604; x_wconf 87' lang='lat' dir='ltr'>valetudinem</span> <span class='ocrx_word' id='word_1_46' title='bbox 1215 562 1436 615; x_wconf 82' lang='lat' dir='ltr'>pertinent</span> <span class='ocrx_word' id='word_1_47' title='bbox 1477 560 1606 599; x_wconf 87' lang='lat' dir='ltr'>nimis</span> <span class='ocrx_word' id='word_1_48' title='bbox 1648 573 1740 599; x_wconf 90' lang='lat' dir='ltr'>sus-</span> 
     </span>
     <span class='ocr_line' id='line_1_8' title="bbox 274 634 1740 694; baseline -0.007 -13"><span class='ocrx_word' id='word_1_49' title='bbox 274 640 439 694; x_wconf 90' lang='lat' dir='ltr'>piciosi,</span> <span class='ocrx_word' id='word_1_50' title='bbox 473 646 517 680; x_wconf 90' lang='lat' dir='ltr'>et</span> <span class='ocrx_word' id='word_1_51' title='bbox 553 638 747 692; x_wconf 89' lang='lat' dir='ltr'>quadam</span> <span class='ocrx_word' id='word_1_52' title='bbox 784 638 907 691; x_wconf 90' lang='lat' dir='ltr'>quasi</span> <span class='ocrx_word' id='word_1_53' title='bbox 951 636 1266 689; x_wconf 79' lang='lat' dir='ltr'>imaginatione</span> <span class='ocrx_word' id='word_1_54' title='bbox 1308 648 1358 675; x_wconf 93' lang='lat' dir='ltr'>ac</span> <span class='ocrx_word' id='word_1_55' title='bbox 1402 634 1562 672; x_wconf 87' lang='lat' dir='ltr'>mentis</span> <span class='ocrx_word' id='word_1_56' title='bbox 1599 645 1740 672; x_wconf 90' lang='lat' dir='ltr'>errore</span> 
     </span>
     <span class='ocr_line' id='line_1_9' title="bbox 276 707 1739 767; baseline -0.006 -12"><span class='ocrx_word' id='word_1_57' title='bbox 276 713 497 754; x_wconf 87' lang='lat' dir='ltr'>ducuntur</span> <span class='ocrx_word' id='word_1_58' title='bbox 523 713 671 767; x_wconf 90' lang='lat' dir='ltr'>potius</span> <span class='ocrx_word' id='word_1_59' title='bbox 694 726 827 765; x_wconf 91' lang='lat' dir='ltr'>quam</span> <span class='ocrx_word' id='word_1_60' title='bbox 860 726 904 752; x_wconf 91' lang='lat' dir='ltr'>re</span> <span class='ocrx_word' id='word_1_61' title='bbox 931 717 975 751; x_wconf 91' lang='lat' dir='ltr'>et</span> <span class='ocrx_word' id='word_1_62' title='bbox 996 711 1189 759; x_wconf 88' lang='lat' dir='ltr'>veritate,</span> <span class='ocrx_word' id='word_1_63' title='bbox 1214 710 1362 749; x_wconf 90' lang='lat' dir='ltr'>omnia</span> <span class='ocrx_word' id='word_1_64' title='bbox 1395 707 1739 754; x_wconf 82' lang='lat' dir='ltr'>reformidantes,</span> 
     </span>
     <span class='ocr_line' id='line_1_10' title="bbox 277 782 1742 838; baseline -0.007 -9"><span class='ocrx_word' id='word_1_65' title='bbox 277 787 333 828; x_wconf 89' lang='lat' dir='ltr'>ab</span> <span class='ocrx_word' id='word_1_66' title='bbox 363 788 568 828; x_wconf 89' lang='lat' dir='ltr'>omnibus</span> <span class='ocrx_word' id='word_1_67' title='bbox 596 793 825 838; x_wconf 85' lang='lat' dir='ltr'>tamquam</span> <span class='ocrx_word' id='word_1_68' title='bbox 858 784 1003 824; x_wconf 83' lang='lat' dir='ltr'>noxiis</span> <span class='ocrx_word' id='word_1_69' title='bbox 1036 783 1309 836; x_wconf 80' lang='lat' dir='ltr'>refugientes.</span> <span class='ocrx_word' id='word_1_70' title='bbox 1365 782 1565 834; x_wconf 76' lang='lat' dir='ltr'>Quorum</span> <span class='ocrx_word' id='word_1_71' title='bbox 1599 793 1742 820; x_wconf 90' lang='lat' dir='ltr'>mores</span> 
     </span>
     <span class='ocr_line' id='line_1_11' title="bbox 278 854 1742 914; baseline -0.006 -12"><span class='ocrx_word' id='word_1_72' title='bbox 278 867 412 914; x_wconf 91' lang='lat' dir='ltr'>atque</span> <span class='ocrx_word' id='word_1_73' title='bbox 435 860 632 914; x_wconf 81' lang='lat' dir='ltr'>querelas</span> <span class='ocrx_word' id='word_1_74' title='bbox 664 861 725 900; x_wconf 89' lang='lat' dir='ltr'>ita</span> <span class='ocrx_word' id='word_1_75' title='bbox 753 858 960 899; x_wconf 87' lang='lat' dir='ltr'>describit</span> <span class='ocrx_word' id='word_1_76' title='bbox 990 858 1032 897; x_wconf 90' lang='lat' dir='ltr'>in</span> <span class='ocrx_word' id='word_1_77' title='bbox 1056 857 1251 897; x_wconf 88' lang='lat' dir='ltr'>Canticis</span> <span class='ocrx_word' id='word_1_78' title='bbox 1281 856 1444 896; x_wconf 87' lang='lat' dir='ltr'>Beatus</span> <span class='ocrx_word' id='word_1_79' title='bbox 1468 854 1713 896; x_wconf 87' lang='lat' dir='ltr'>Bernardus</span> <span class='ocrx_word' id='word_1_80' title='bbox 1735 868 1742 893; x_wconf 92' lang='lat'><strong>:</strong></span> 
     </span>
     <span class='ocr_line' id='line_1_12' title="bbox 279 928 1741 987; baseline -0.005 -12"><span class='ocrx_word' id='word_1_81' title='bbox 279 933 599 987; x_wconf 86' lang='lat' dir='ltr'>“Legumina,”</span> <span class='ocrx_word' id='word_1_82' title='bbox 643 933 796 985; x_wconf 88' lang='lat' dir='ltr'>inquit,</span> <span class='ocrx_word' id='word_1_83' title='bbox 836 935 1055 972; x_wconf 87' lang='lat' dir='ltr'>“ventosa</span> <span class='ocrx_word' id='word_1_84' title='bbox 1105 936 1218 978; x_wconf 89' lang='lat' dir='ltr'>sunt,</span> <span class='ocrx_word' id='word_1_85' title='bbox 1263 943 1415 969; x_wconf 88' lang='lat' dir='ltr'>caseus</span> <span class='ocrx_word' id='word_1_86' title='bbox 1463 928 1741 969; x_wconf 87' lang='lat' dir='ltr'>stomachum</span> 
     </span>
     <span class='ocr_line' id='line_1_13' title="bbox 277 1003 1740 1062; baseline -0.005 -14"><span class='ocrx_word' id='word_1_87' title='bbox 277 1014 443 1062; x_wconf 90' lang='lat' dir='ltr'>gravat,</span> <span class='ocrx_word' id='word_1_88' title='bbox 466 1007 533 1047; x_wconf 91' lang='lat' dir='ltr'>lac</span> <span class='ocrx_word' id='word_1_89' title='bbox 564 1007 696 1059; x_wconf 88' lang='lat' dir='ltr'>capiti</span> <span class='ocrx_word' id='word_1_90' title='bbox 730 1011 868 1053; x_wconf 89' lang='lat' dir='ltr'>nocet,</span> <span class='ocrx_word' id='word_1_91' title='bbox 893 1010 1048 1058; x_wconf 85' lang='lat' dir='ltr'>potum</span> <span class='ocrx_word' id='word_1_92' title='bbox 1081 1017 1208 1056; x_wconf 80' lang='lat' dir='ltr'>aquae</span> <span class='ocrx_word' id='word_1_93' title='bbox 1241 1016 1329 1042; x_wconf 89' lang='lat' dir='ltr'>non</span> <span class='ocrx_word' id='word_1_94' title='bbox 1362 1003 1548 1042; x_wconf 89' lang='lat' dir='ltr'>sustinet</span> <span class='ocrx_word' id='word_1_95' title='bbox 1576 1008 1740 1054; x_wconf 91' lang='lat' dir='ltr'>pectus,</span> 
     </span>
     <span class='ocr_line' id='line_1_14' title="bbox 279 1075 1742 1129; baseline -0.005 -8"><span class='ocrx_word' id='word_1_96' title='bbox 279 1080 423 1122; x_wconf 87' lang='lat' dir='ltr'>caules</span> <span class='ocrx_word' id='word_1_97' title='bbox 461 1081 660 1120; x_wconf 89' lang='lat' dir='ltr'>nutriunt</span> <span class='ocrx_word' id='word_1_98' title='bbox 695 1078 1046 1126; x_wconf 86' lang='lat' dir='ltr'>melancholiam,</span> <span class='ocrx_word' id='word_1_99' title='bbox 1080 1076 1301 1117; x_wconf 88' lang='lat' dir='ltr'>choleram</span> <span class='ocrx_word' id='word_1_100' title='bbox 1338 1076 1454 1129; x_wconf 89' lang='lat' dir='ltr'>porri</span> <span class='ocrx_word' id='word_1_101' title='bbox 1485 1075 1742 1122; x_wconf 88' lang='lat' dir='ltr'>accendunt,</span> 
     </span>
     <span class='ocr_line' id='line_1_15' title="bbox 279 1149 1746 1209; baseline -0.005 -14"><span class='ocrx_word' id='word_1_102' title='bbox 279 1155 420 1209; x_wconf 88' lang='lat' dir='ltr'>pisces</span> <span class='ocrx_word' id='word_1_103' title='bbox 457 1155 513 1194; x_wconf 93' lang='lat' dir='ltr'>de</span> <span class='ocrx_word' id='word_1_104' title='bbox 549 1160 707 1207; x_wconf 84' lang='lat' dir='ltr'>stagno</span> <span class='ocrx_word' id='word_1_105' title='bbox 744 1160 820 1193; x_wconf 88' lang='lat' dir='ltr'>aut</span> <span class='ocrx_word' id='word_1_106' title='bbox 851 1153 906 1192; x_wconf 90' lang='lat' dir='ltr'>de</span> <span class='ocrx_word' id='word_1_107' title='bbox 938 1152 1083 1192; x_wconf 91' lang='lat' dir='ltr'>lutosa</span> <span class='ocrx_word' id='word_1_108' title='bbox 1120 1164 1236 1203; x_wconf 92' lang='lat' dir='ltr'>aqua</span> <span class='ocrx_word' id='word_1_109' title='bbox 1269 1163 1380 1190; x_wconf 80' lang='lat' dir='ltr'>meae</span> <span class='ocrx_word' id='word_1_110' title='bbox 1416 1149 1590 1202; x_wconf 89' lang='lat' dir='ltr'>penitus</span> <span class='ocrx_word' id='word_1_111' title='bbox 1627 1162 1746 1188; x_wconf 92' lang='lat' dir='ltr'>com-</span> 
     </span>
     <span class='ocr_line' id='line_1_16' title="bbox 280 1222 1748 1283; baseline -0.005 -14"><span class='ocrx_word' id='word_1_112' title='bbox 280 1229 478 1283; x_wconf 77' lang='lat' dir='ltr'>plexioni</span> <span class='ocrx_word' id='word_1_113' title='bbox 531 1242 618 1268; x_wconf 91' lang='lat' dir='ltr'>non</span> <span class='ocrx_word' id='word_1_114' title='bbox 660 1232 916 1280; x_wconf 86' lang='lat' dir='ltr'>congruunt.</span> <span class='ocrx_word' id='word_1_115' title='bbox 1001 1224 1143 1277; x_wconf 77' lang='lat' dir='ltr'>Quale</span> <span class='ocrx_word' id='word_1_116' title='bbox 1198 1230 1264 1264; x_wconf 92' lang='lat' dir='ltr'>est</span> <span class='ocrx_word' id='word_1_117' title='bbox 1319 1224 1413 1273; x_wconf 88' lang='lat' dir='ltr'>hoc,</span> <span class='ocrx_word' id='word_1_118' title='bbox 1457 1229 1506 1263; x_wconf 84' lang='lat' dir='ltr'>ut</span> <span class='ocrx_word' id='word_1_119' title='bbox 1558 1223 1602 1262; x_wconf 90' lang='lat' dir='ltr'>in</span> <span class='ocrx_word' id='word_1_120' title='bbox 1643 1222 1748 1262; x_wconf 89' lang='lat' dir='ltr'>totis</span> 
     </span>
     <span class='ocr_line' id='line_1_17' title="bbox 281 1296 1747 1355; baseline -0.005 -12"><span class='ocrx_word' id='word_1_121' title='bbox 281 1303 432 1351; x_wconf 78' lang='lat' dir='ltr'>fluviis,</span> <span class='ocrx_word' id='word_1_122' title='bbox 473 1304 598 1355; x_wconf 85' lang='lat' dir='ltr'>agris,</span> <span class='ocrx_word' id='word_1_123' title='bbox 641 1301 788 1349; x_wconf 83' lang='lat' dir='ltr'>hortis,</span> <span class='ocrx_word' id='word_1_124' title='bbox 826 1300 1065 1341; x_wconf 87' lang='lat' dir='ltr'>cellariisve</span> <span class='ocrx_word' id='word_1_125' title='bbox 1106 1298 1282 1351; x_wconf 88' lang='lat' dir='ltr'>reperiri</span> <span class='ocrx_word' id='word_1_126' title='bbox 1324 1298 1400 1337; x_wconf 82' lang='lat' dir='ltr'>vix</span> <span class='ocrx_word' id='word_1_127' title='bbox 1450 1296 1587 1349; x_wconf 88' lang='lat' dir='ltr'>possit</span> <span class='ocrx_word' id='word_1_128' title='bbox 1629 1296 1747 1348; x_wconf 91' lang='lat' dir='ltr'>quod</span> 
     </span>
     <span class='ocr_line' id='line_1_18' title="bbox 280 1370 1745 1427; baseline -0.006 -10"><span class='ocrx_word' id='word_1_129' title='bbox 280 1377 518 1417; x_wconf 89' lang='lat' dir='ltr'>comedas?</span> <span class='ocrx_word' id='word_1_130' title='bbox 581 1377 750 1423; x_wconf 88' lang='lat' dir='ltr'>Putate,</span> <span class='ocrx_word' id='word_1_131' title='bbox 776 1388 937 1427; x_wconf 69' lang='lat' dir='ltr'>quaeso,</span> <span class='ocrx_word' id='word_1_132' title='bbox 971 1371 1238 1413; x_wconf 88' lang='lat' dir='ltr'>monachum</span> <span class='ocrx_word' id='word_1_133' title='bbox 1271 1384 1366 1410; x_wconf 90' lang='lat' dir='ltr'>esse</span> <span class='ocrx_word' id='word_1_134' title='bbox 1399 1384 1485 1410; x_wconf 89' lang='lat' dir='ltr'>non</span> <span class='ocrx_word' id='word_1_135' title='bbox 1514 1370 1745 1415; x_wconf 88' lang='lat' dir='ltr'>medicum,</span> 
     </span>
     <span class='ocr_line' id='line_1_19' title="bbox 281 1443 1744 1502; baseline -0.006 -11"><span class='ocrx_word' id='word_1_136' title='bbox 281 1465 359 1491; x_wconf 88' lang='lat' dir='ltr'>nec</span> <span class='ocrx_word' id='word_1_137' title='bbox 377 1452 436 1490; x_wconf 65' lang='lat' dir='ltr'>&gt;de</span> <span class='ocrx_word' id='word_1_138' title='bbox 463 1449 772 1502; x_wconf 78' lang='lat' dir='ltr'>complexione</span> <span class='ocrx_word' id='word_1_139' title='bbox 790 1446 1092 1500; x_wconf 87' lang='lat' dir='ltr'>judicandum,</span> <span class='ocrx_word' id='word_1_140' title='bbox 1116 1446 1191 1486; x_wconf 92' lang='lat' dir='ltr'>sed</span> <span class='ocrx_word' id='word_1_141' title='bbox 1216 1446 1270 1484; x_wconf 90' lang='lat' dir='ltr'>de</span> <span class='ocrx_word' id='word_1_142' title='bbox 1297 1443 1601 1497; x_wconf 85' lang='lat' dir='ltr'>professione.&#39;’</span> <span class='ocrx_word' id='word_1_143' title='bbox 1655 1443 1744 1483; x_wconf 85' lang='lat' dir='ltr'>Sed</span> 
     </span>
     <span class='ocr_line' id='line_1_20' title="bbox 281 1516 1745 1573; baseline -0.005 -9"><span class='ocrx_word' id='word_1_144' title='bbox 281 1525 421 1564; x_wconf 91' lang='lat' dir='ltr'>multo</span> <span class='ocrx_word' id='word_1_145' title='bbox 451 1529 562 1572; x_wconf 82' lang='lat' dir='ltr'>ante,</span> <span class='ocrx_word' id='word_1_146' title='bbox 591 1523 754 1562; x_wconf 82' lang='lat' dir='ltr'>Beatus</span> <span class='ocrx_word' id='word_1_147' title='bbox 783 1521 1073 1573; x_wconf 81' lang='lat' dir='ltr'>Augustinus,</span> <span class='ocrx_word' id='word_1_148' title='bbox 1099 1533 1124 1559; x_wconf 91' lang='lat' dir='ltr'>a</span> <span class='ocrx_word' id='word_1_149' title='bbox 1153 1533 1240 1571; x_wconf 91' lang='lat' dir='ltr'>quo</span> <span class='ocrx_word' id='word_1_150' title='bbox 1271 1517 1518 1558; x_wconf 84' lang='lat' dir='ltr'>Bernardus</span> <span class='ocrx_word' id='word_1_151' title='bbox 1547 1516 1745 1568; x_wconf 82' lang='lat' dir='ltr'>sumpsit,</span> 
     </span>
     <span class='ocr_line' id='line_1_21' title="bbox 280 1589 1746 1649; baseline -0.008 -11"><span class='ocrx_word' id='word_1_152' title='bbox 280 1612 480 1638; x_wconf 88' lang='lat' dir='ltr'>sermone</span> <span class='ocrx_word' id='word_1_153' title='bbox 513 1597 706 1649; x_wconf 86' lang='lat' dir='ltr'>quodam</span> <span class='ocrx_word' id='word_1_154' title='bbox 737 1595 792 1635; x_wconf 88' lang='lat' dir='ltr'>de</span> <span class='ocrx_word' id='word_1_155' title='bbox 823 1595 1083 1647; x_wconf 89' lang='lat' dir='ltr'>prudentia:</span> <span class='ocrx_word' id='word_1_156' title='bbox 1118 1593 1208 1632; x_wconf 89' lang='lat' dir='ltr'>“In</span> <span class='ocrx_word' id='word_1_157' title='bbox 1238 1591 1356 1638; x_wconf 84' lang='lat' dir='ltr'>hac,”</span> <span class='ocrx_word' id='word_1_158' title='bbox 1381 1591 1534 1643; x_wconf 88' lang='lat' dir='ltr'>inquit,</span> <span class='ocrx_word' id='word_1_159' title='bbox 1559 1589 1746 1628; x_wconf 87' lang='lat' dir='ltr'>“fratres</span> 
     </span>
     <span class='ocr_line' id='line_1_22' title="bbox 282 1663 1748 1713; baseline -0.008 0"><span class='ocrx_word' id='word_1_160' title='bbox 282 1675 366 1713; x_wconf 88' lang='lat' dir='ltr'>mei</span> <span class='ocrx_word' id='word_1_161' title='bbox 409 1672 643 1712; x_wconf 80' lang='lat' dir='ltr'>solitudine</span> <span class='ocrx_word' id='word_1_162' title='bbox 686 1670 911 1710; x_wconf 86' lang='lat' dir='ltr'>constituti</span> <span class='ocrx_word' id='word_1_163' title='bbox 954 1674 1049 1708; x_wconf 89' lang='lat' dir='ltr'>toto</span> <span class='ocrx_word' id='word_1_164' title='bbox 1091 1667 1251 1706; x_wconf 84' lang='lat' dir='ltr'>affectu</span> <span class='ocrx_word' id='word_1_165' title='bbox 1294 1678 1416 1705; x_wconf 86' lang='lat' dir='ltr'>orare</span> <span class='ocrx_word' id='word_1_166' title='bbox 1458 1663 1671 1703; x_wconf 89' lang='lat' dir='ltr'>debemus</span> <span class='ocrx_word' id='word_1_167' title='bbox 1706 1668 1748 1702; x_wconf 92' lang='lat' dir='ltr'>et</span> 
     </span>
     <span class='ocr_line' id='line_1_23' title="bbox 280 1737 1749 1799; baseline -0.007 -13"><span class='ocrx_word' id='word_1_168' title='bbox 280 1748 381 1799; x_wconf 87' lang='lat' dir='ltr'>pati.</span> <span class='ocrx_word' id='word_1_169' title='bbox 447 1746 669 1785; x_wconf 84' lang='lat' dir='ltr'>Patienter</span> <span class='ocrx_word' id='word_1_170' title='bbox 703 1744 818 1783; x_wconf 82' lang='lat' dir='ltr'>enim</span> <span class='ocrx_word' id='word_1_171' title='bbox 851 1748 1026 1795; x_wconf 87' lang='lat' dir='ltr'>portare</span> <span class='ocrx_word' id='word_1_172' title='bbox 1053 1741 1265 1779; x_wconf 83' lang='lat' dir='ltr'>debemus</span> <span class='ocrx_word' id='word_1_173' title='bbox 1297 1739 1460 1787; x_wconf 89' lang='lat' dir='ltr'>omnia,</span> <span class='ocrx_word' id='word_1_174' title='bbox 1492 1750 1572 1776; x_wconf 91' lang='lat' dir='ltr'>nec</span> <span class='ocrx_word' id='word_1_175' title='bbox 1606 1737 1749 1776; x_wconf 88' lang='lat' dir='ltr'>dicere</span> 
     </span>
     <span class='ocr_line' id='line_1_24' title="bbox 282 1816 1748 1874; baseline -0.008 -14"><span class='ocrx_word' id='word_1_176' title='bbox 282 1832 630 1874; x_wconf 74' lang='lat' dir='ltr'>praesumamus:</span> <span class='ocrx_word' id='word_1_177' title='bbox 685 1819 800 1857; x_wconf 77' lang='lat' dir='ltr'>Ecce</span> <span class='ocrx_word' id='word_1_178' title='bbox 841 1816 1064 1868; x_wconf 89' lang='lat' dir='ltr'>legumina</span> <span class='ocrx_word' id='word_1_179' title='bbox 1095 1820 1278 1854; x_wconf 86' lang='lat' dir='ltr'>ventosa</span> <span class='ocrx_word' id='word_1_180' title='bbox 1320 1818 1431 1860; x_wconf 89' lang='lat' dir='ltr'>sunt,</span> <span class='ocrx_word' id='word_1_181' title='bbox 1465 1825 1618 1851; x_wconf 88' lang='lat' dir='ltr'>caseus</span> <span class='ocrx_word' id='word_1_182' title='bbox 1660 1816 1748 1850; x_wconf 90' lang='lat' dir='ltr'>sto-</span> 
     </span>
     <span class='ocr_line' id='line_1_25' title="bbox 282 1884 1747 1946; baseline -0.008 -12"><span class='ocrx_word' id='word_1_183' title='bbox 282 1895 487 1935; x_wconf 82' lang='lat' dir='ltr'>machum</span> <span class='ocrx_word' id='word_1_184' title='bbox 517 1898 681 1946; x_wconf 78' lang='lat' dir='ltr'>gravat,</span> <span class='ocrx_word' id='word_1_185' title='bbox 706 1892 771 1931; x_wconf 90' lang='lat' dir='ltr'>lac</span> <span class='ocrx_word' id='word_1_186' title='bbox 793 1890 926 1942; x_wconf 87' lang='lat' dir='ltr'>capiti</span> <span class='ocrx_word' id='word_1_187' title='bbox 950 1894 1089 1937; x_wconf 89' lang='lat' dir='ltr'>nocet,</span> <span class='ocrx_word' id='word_1_188' title='bbox 1112 1901 1240 1940; x_wconf 64' lang='lat' dir='ltr'>aquae</span> <span class='ocrx_word' id='word_1_189' title='bbox 1267 1892 1422 1940; x_wconf 91' lang='lat' dir='ltr'>potum</span> <span class='ocrx_word' id='word_1_190' title='bbox 1452 1898 1539 1924; x_wconf 89' lang='lat' dir='ltr'>non</span> <span class='ocrx_word' id='word_1_191' title='bbox 1562 1884 1747 1924; x_wconf 90' lang='lat' dir='ltr'>sustinet</span> 
     </span>
     <span class='ocr_line' id='line_1_26' title="bbox 281 1959 1749 2021; baseline -0.008 -13"><span class='ocrx_word' id='word_1_192' title='bbox 281 1975 445 2021; x_wconf 85' lang='lat' dir='ltr'>pectus,</span> <span class='ocrx_word' id='word_1_193' title='bbox 463 1966 608 2006; x_wconf 85' lang='lat' dir='ltr'>caules</span> <span class='ocrx_word' id='word_1_194' title='bbox 633 1963 968 2004; x_wconf 83' lang='lat' dir='ltr'>melancholiam</span> <span class='ocrx_word' id='word_1_195' title='bbox 993 1962 1200 2009; x_wconf 88' lang='lat' dir='ltr'>nutriunt,</span> <span class='ocrx_word' id='word_1_196' title='bbox 1217 1961 1436 2000; x_wconf 86' lang='lat' dir='ltr'>choleram</span> <span class='ocrx_word' id='word_1_197' title='bbox 1459 1959 1573 2012; x_wconf 87' lang='lat' dir='ltr'>porri</span> <span class='ocrx_word' id='word_1_198' title='bbox 1599 1971 1749 1997; x_wconf 88' lang='lat' dir='ltr'>accen-</span> 
     </span>
     <span class='ocr_line' id='line_1_27' title="bbox 281 2031 1747 2094; baseline -0.008 -12"><span class='ocrx_word' id='word_1_199' title='bbox 281 2042 402 2090; x_wconf 90' lang='lat' dir='ltr'>dunt,</span> <span class='ocrx_word' id='word_1_200' title='bbox 427 2042 567 2094; x_wconf 88' lang='lat' dir='ltr'>pisces</span> <span class='ocrx_word' id='word_1_201' title='bbox 601 2039 705 2078; x_wconf 85' lang='lat' dir='ltr'>mihi</span> <span class='ocrx_word' id='word_1_202' title='bbox 739 2052 824 2078; x_wconf 87' lang='lat' dir='ltr'>non</span> <span class='ocrx_word' id='word_1_203' title='bbox 857 2037 1043 2090; x_wconf 87' lang='lat' dir='ltr'>sapiunt.</span> <span class='ocrx_word' id='word_1_204' title='bbox 1108 2034 1257 2074; x_wconf 89' lang='lat' dir='ltr'>Nolite</span> <span class='ocrx_word' id='word_1_205' title='bbox 1289 2034 1383 2073; x_wconf 76' lang='lat' dir='ltr'>haec</span> <span class='ocrx_word' id='word_1_206' title='bbox 1416 2033 1559 2072; x_wconf 85' lang='lat' dir='ltr'>dicere</span> <span class='ocrx_word' id='word_1_207' title='bbox 1596 2031 1747 2071; x_wconf 85' lang='lat' dir='ltr'>fratres</span> 
     </span>
     <span class='ocr_line' id='line_1_28' title="bbox 283 2105 1797 2164; baseline -0.009 -9"><span class='ocrx_word' id='word_1_208' title='bbox 283 2116 378 2163; x_wconf 89' lang='lat' dir='ltr'>mei,</span> <span class='ocrx_word' id='word_1_209' title='bbox 416 2114 550 2154; x_wconf 89' lang='lat' dir='ltr'>nolite</span> <span class='ocrx_word' id='word_1_210' title='bbox 585 2114 717 2152; x_wconf 89' lang='lat' dir='ltr'>etiam</span> <span class='ocrx_word' id='word_1_211' title='bbox 750 2112 953 2164; x_wconf 88' lang='lat' dir='ltr'>cogitare,</span> <span class='ocrx_word' id='word_1_212' title='bbox 987 2123 1074 2149; x_wconf 88' lang='lat' dir='ltr'>non</span> <span class='ocrx_word' id='word_1_213' title='bbox 1107 2110 1223 2148; x_wconf 88' lang='lat' dir='ltr'>enim</span> <span class='ocrx_word' id='word_1_214' title='bbox 1266 2106 1460 2147; x_wconf 89' lang='lat' dir='ltr'>seculum</span> <span class='ocrx_word' id='word_1_215' title='bbox 1494 2105 1747 2157; x_wconf 83' lang='lat' dir='ltr'>reliquimus</span> <span class='ocrx_word' id='word_1_216' title='bbox 1794 2132 1797 2136; x_wconf 85' lang='grc'><strong>-</strong></span> 
     </span>
     <span class='ocr_line' id='line_1_29' title="bbox 283 2181 1171 2239; baseline -0.009 -10"><span class='ocrx_word' id='word_1_217' title='bbox 283 2196 330 2229; x_wconf 90' lang='lat' dir='ltr'>ut</span> <span class='ocrx_word' id='word_1_218' title='bbox 363 2188 548 2228; x_wconf 86' lang='lat' dir='ltr'>delicate</span> <span class='ocrx_word' id='word_1_219' title='bbox 580 2199 858 2239; x_wconf 87' lang='lat' dir='ltr'>pasceremus</span> <span class='ocrx_word' id='word_1_220' title='bbox 890 2185 932 2223; x_wconf 90' lang='lat' dir='ltr'>in</span> <span class='ocrx_word' id='word_1_221' title='bbox 966 2181 1171 2223; x_wconf 82' lang='lat' dir='ltr'>eremo.⁷&#39;1</span> 
     </span>
    </p>

    <p class='ocr_par' dir='ltr' id='par_1_5' title="bbox 279 2251 1751 2757">
     <span class='ocr_line' id='line_1_30' title="bbox 340 2251 1746 2306; baseline -0.009 -4"><span class='ocrx_word' id='word_1_222' title='bbox 340 2262 544 2302; x_wconf 81' lang='lat' dir='ltr'>Secunda</span> <span class='ocrx_word' id='word_1_223' title='bbox 576 2260 770 2300; x_wconf 89' lang='lat' dir='ltr'>conditio</span> <span class='ocrx_word' id='word_1_224' title='bbox 793 2265 868 2306; x_wconf 84' lang='lat' dir='ltr'>est,</span> <span class='ocrx_word' id='word_1_225' title='bbox 893 2264 940 2297; x_wconf 91' lang='lat' dir='ltr'>ut</span> <span class='ocrx_word' id='word_1_226' title='bbox 973 2271 1073 2296; x_wconf 87' lang='lat' dir='ltr'>suas</span> <span class='ocrx_word' id='word_1_227' title='bbox 1106 2256 1397 2302; x_wconf 82' lang='lat' dir='ltr'>necessitates,</span> <span class='ocrx_word' id='word_1_228' title='bbox 1424 2267 1510 2293; x_wconf 93' lang='lat' dir='ltr'>non</span> <span class='ocrx_word' id='word_1_229' title='bbox 1534 2251 1662 2292; x_wconf 86' lang='lat' dir='ltr'>simul</span> <span class='ocrx_word' id='word_1_230' title='bbox 1694 2265 1746 2291; x_wconf 91' lang='lat' dir='ltr'>ac</span> 
     </span>
     <span class='ocr_line' id='line_1_31' title="bbox 281 2327 1749 2380; baseline -0.008 -4"><span class='ocrx_word' id='word_1_231' title='bbox 281 2336 632 2376; x_wconf 78' lang='lat' dir='ltr'>existimaverint</span> <span class='ocrx_word' id='word_1_232' title='bbox 683 2333 751 2373; x_wconf 70' lang='lat' dir='ltr'>vel</span> <span class='ocrx_word' id='word_1_233' title='bbox 796 2330 1185 2372; x_wconf 87' lang='lat' dir='ltr'>animadverterint</span> <span class='ocrx_word' id='word_1_234' title='bbox 1235 2328 1399 2380; x_wconf 88' lang='lat' dir='ltr'>aliquid</span> <span class='ocrx_word' id='word_1_235' title='bbox 1454 2327 1749 2375; x_wconf 15' lang='lat' dir='ltr'>sibitnocere</span> 
     </span>
     <span class='ocr_line' id='line_1_32' title="bbox 280 2401 1746 2456; baseline -0.008 -6"><span class='ocrx_word' id='word_1_236' title='bbox 280 2410 348 2451; x_wconf 92' lang='lat' dir='ltr'>vel</span> <span class='ocrx_word' id='word_1_237' title='bbox 391 2408 708 2449; x_wconf 87' lang='lat' dir='ltr'>neccessarium</span> <span class='ocrx_word' id='word_1_238' title='bbox 751 2420 857 2455; x_wconf 84' lang='lat' dir='ltr'>esse,</span> <span class='ocrx_word' id='word_1_239' title='bbox 900 2406 976 2445; x_wconf 90' lang='lat' dir='ltr'>sed</span> <span class='ocrx_word' id='word_1_240' title='bbox 1026 2410 1127 2456; x_wconf 92' lang='lat' dir='ltr'>post</span> <span class='ocrx_word' id='word_1_241' title='bbox 1179 2402 1399 2443; x_wconf 86' lang='lat' dir='ltr'>adhibitas</span> <span class='ocrx_word' id='word_1_242' title='bbox 1447 2401 1545 2440; x_wconf 91' lang='lat' dir='ltr'>Deo</span> <span class='ocrx_word' id='word_1_243' title='bbox 1587 2413 1746 2452; x_wconf 86' lang='lat' dir='ltr'>preces.</span> 
     </span>
     <span class='ocr_line' id='line_1_33' title="bbox 281 2474 1748 2533; baseline -0.008 -9"><span class='ocrx_word' id='word_1_244' title='bbox 281 2485 409 2533; x_wconf 87' lang='lat' dir='ltr'>Nam,</span> <span class='ocrx_word' id='word_1_245' title='bbox 444 2490 491 2523; x_wconf 90' lang='lat' dir='ltr'>ut</span> <span class='ocrx_word' id='word_1_246' title='bbox 527 2483 588 2522; x_wconf 90' lang='lat' dir='ltr'>ait</span> <span class='ocrx_word' id='word_1_247' title='bbox 624 2481 841 2529; x_wconf 85' lang='lat' dir='ltr'>Clemens,</span> <span class='ocrx_word' id='word_1_248' title='bbox 873 2492 950 2531; x_wconf 90' lang='lat' dir='ltr'>per</span> <span class='ocrx_word' id='word_1_249' title='bbox 984 2478 1228 2518; x_wconf 85' lang='lat' dir='ltr'>orationem</span> <span class='ocrx_word' id='word_1_250' title='bbox 1267 2476 1547 2515; x_wconf 76' lang='lat' dir='ltr'>examinatur</span> <span class='ocrx_word' id='word_1_251' title='bbox 1579 2474 1748 2520; x_wconf 90' lang='lat' dir='ltr'>modus,</span> 
     </span>
     <span class='ocr_line' id='line_1_34' title="bbox 279 2549 1747 2610; baseline -0.007 -13"><span class='ocrx_word' id='word_1_252' title='bbox 279 2571 367 2610; x_wconf 93' lang='lat' dir='ltr'>quo</span> <span class='ocrx_word' id='word_1_253' title='bbox 409 2557 505 2609; x_wconf 89' lang='lat' dir='ltr'>quis</span> <span class='ocrx_word' id='word_1_254' title='bbox 548 2569 595 2595; x_wconf 88' lang='lat' dir='ltr'>se</span> <span class='ocrx_word' id='word_1_255' title='bbox 630 2555 792 2594; x_wconf 87' lang='lat' dir='ltr'>habeat</span> <span class='ocrx_word' id='word_1_256' title='bbox 833 2553 889 2593; x_wconf 90' lang='lat' dir='ltr'>ad</span> <span class='ocrx_word' id='word_1_257' title='bbox 932 2553 975 2592; x_wconf 90' lang='lat' dir='ltr'>id</span> <span class='ocrx_word' id='word_1_258' title='bbox 1018 2552 1136 2604; x_wconf 90' lang='lat' dir='ltr'>quod</span> <span class='ocrx_word' id='word_1_259' title='bbox 1189 2555 1371 2603; x_wconf 88' lang='lat' dir='ltr'>oportet.</span> <span class='ocrx_word' id='word_1_260' title='bbox 1455 2549 1557 2588; x_wconf 92' lang='lat' dir='ltr'>Duo</span> <span class='ocrx_word' id='word_1_261' title='bbox 1598 2553 1747 2587; x_wconf 89' lang='lat' dir='ltr'>autem</span> 
     </span>
     <span class='ocr_line' id='line_1_35' title="bbox 282 2619 1748 2678; baseline -0.009 -6"><span class='ocrx_word' id='word_1_262' title='bbox 282 2632 463 2672; x_wconf 89' lang='lat' dir='ltr'>omnino</span> <span class='ocrx_word' id='word_1_263' title='bbox 495 2631 611 2670; x_wconf 90' lang='lat' dir='ltr'>bona</span> <span class='ocrx_word' id='word_1_264' title='bbox 644 2643 701 2669; x_wconf 78' lang='lat' dir='ltr'>ex</span> <span class='ocrx_word' id='word_1_265' title='bbox 733 2628 816 2667; x_wconf 90' lang='lat' dir='ltr'>hac</span> <span class='ocrx_word' id='word_1_266' title='bbox 848 2627 1046 2667; x_wconf 90' lang='lat' dir='ltr'>oratione</span> <span class='ocrx_word' id='word_1_267' title='bbox 1078 2630 1399 2678; x_wconf 85' lang='lat' dir='ltr'>provenerunt:</span> <span class='ocrx_word' id='word_1_268' title='bbox 1443 2623 1639 2662; x_wconf 89' lang='lat' dir='ltr'>Primum</span> <span class='ocrx_word' id='word_1_269' title='bbox 1671 2619 1748 2659; x_wconf 79' lang='lat' dir='ltr'>lux</span> 
     </span>
     <span class='ocr_line' id='line_1_36' title="bbox 283 2694 1751 2757; baseline -0.009 -11"><span class='ocrx_word' id='word_1_270' title='bbox 283 2719 309 2745; x_wconf 87' lang='lat' dir='ltr'>a</span> <span class='ocrx_word' id='word_1_271' title='bbox 340 2705 450 2754; x_wconf 91' lang='lat' dir='ltr'>Deo,</span> <span class='ocrx_word' id='word_1_272' title='bbox 484 2718 570 2757; x_wconf 92' lang='lat' dir='ltr'>qua</span> <span class='ocrx_word' id='word_1_273' title='bbox 602 2703 699 2756; x_wconf 87' lang='lat' dir='ltr'>quis</span> <span class='ocrx_word' id='word_1_274' title='bbox 732 2701 944 2754; x_wconf 89' lang='lat' dir='ltr'>dispicere</span> <span class='ocrx_word' id='word_1_275' title='bbox 982 2700 1121 2752; x_wconf 91' lang='lat' dir='ltr'>possit</span> <span class='ocrx_word' id='word_1_276' title='bbox 1158 2704 1316 2743; x_wconf 81' lang='lat' dir='ltr'>utrum,</span> <span class='ocrx_word' id='word_1_277' title='bbox 1356 2698 1398 2736; x_wconf 92' lang='lat' dir='ltr'>in</span> <span class='ocrx_word' id='word_1_278' title='bbox 1436 2694 1751 2750; x_wconf 90' lang='lat' dir='ltr'>patefaciendis</span> 
     </span>
    </p>
   </div>
   <div class='ocr_carea' id='block_1_5' title="bbox 285 2769 1748 2827">
    <p class='ocr_par' dir='ltr' id='par_1_6' title="bbox 285 2769 1748 2827">
     <span class='ocr_line' id='line_1_37' title="bbox 285 2769 1748 2827; baseline -0.009 -6"><span class='ocrx_word' id='word_1_279' title='bbox 285 2778 618 2821; x_wconf 88' lang='lat' dir='ltr'>necessitatibus</span> <span class='ocrx_word' id='word_1_280' title='bbox 675 2777 775 2826; x_wconf 83' lang='lat' dir='ltr'>suis,</span> <span class='ocrx_word' id='word_1_281' title='bbox 832 2774 1073 2827; x_wconf 88' lang='lat' dir='ltr'>cupiditate</span> <span class='ocrx_word' id='word_1_282' title='bbox 1130 2786 1185 2813; x_wconf 90' lang='lat' dir='ltr'>an</span> <span class='ocrx_word' id='word_1_283' title='bbox 1238 2771 1499 2812; x_wconf 89' lang='lat' dir='ltr'>necessitate</span> <span class='ocrx_word' id='word_1_284' title='bbox 1555 2769 1748 2809; x_wconf 85' lang='lat' dir='ltr'>ducatur.</span> 
     </span>
    </p>
   </div>
   <div class='ocr_carea' id='block_1_6' title="bbox 731 2863 1316 2902">
    <p class='ocr_par' dir='ltr' id='par_1_7' title="bbox 731 2863 1316 2902">
     <span class='ocr_line' id='line_1_38' title="bbox 731 2863 1316 2902; baseline -0.009 -4"><span class='ocrx_word' id='word_1_285' title='bbox 731 2865 744 2884; x_wconf 82' lang='lat'>¹</span> <span class='ocrx_word' id='word_1_286' title='bbox 768 2865 824 2898; x_wconf 86' lang='lat' dir='ltr'>Ad</span> <span class='ocrx_word' id='word_1_287' title='bbox 848 2865 979 2896; x_wconf 85' lang='lat' dir='ltr'>Fratres</span> <span class='ocrx_word' id='word_1_288' title='bbox 1002 2864 1035 2894; x_wconf 87' lang='lat' dir='ltr'>in</span> <span class='ocrx_word' id='word_1_289' title='bbox 1059 2863 1168 2896; x_wconf 84' lang='lat' dir='ltr'>Erem.</span> <span class='ocrx_word' id='word_1_290' title='bbox 1193 2863 1264 2895; x_wconf 84' lang='lat' dir='ltr'>Ser.</span> <span class='ocrx_word' id='word_1_291' title='bbox 1285 2871 1316 2902; x_wconf 89' lang='lat'>4.</span> 
     </span>
    </p>
   </div>
  </div>
 </body>
</html>
