1903 3197
522 159 603 205 De
634 159 917 222 Disciplina
952 161 1147 207 Mensae.
1471 165 1565 222 369

108 293 243 334 ducas
272 292 472 342 multum,
496 291 597 331 odio
626 290 885 331 habearis.”1
946 292 1152 344 Augetur
1172 298 1321 333 autem
1354 293 1569 346 intempe-

106 367 259 407 rantiae
323 364 550 418 turpitudo
615 364 658 403 in
719 364 896 404 homine
957 365 1172 417 religioso,
1238 367 1342 418 quia
1409 373 1568 420 praeter

106 441 421 494 professionem
472 451 597 478 suam
639 437 773 487 facit3
806 443 933 490 turpe
975 444 1041 477 est
1093 439 1208 479 enirn
1251 453 1363 488 eum,
1407 441 1481 492 qui
1524 441 1567 481 in

107 514 256 555 schola
290 514 461 554 virtutis
497 511 585 552 suis
622 511 937 564 cupiditatibus
974 526 1217 564 repugnare
1254 515 1477 564 condiscit,
1513 515 1569 556 ab

107 588 265 628 edendi
307 586 534 639 voluptate
575 585 794 637 superari3
838 591 881 624 et
917 585 989 637 qui
1032 585 1262 625 dominum
1306 600 1351 625 se
1392 600 1569 627 suarum

107 661 428 714 appetitionum
462 658 701 711 profitetur,
731 658 846 710 gulae
877 658 1092 698 dominari
1122 672 1210 699 non
1244 673 1382 711 posse.
1449 661 1568 702 Hinc

107 740 255 775 autem
297 732 522 772 existimat
564 732 609 771 B.
636 731 889 771 Dorotheus
931 745 1060 784 posse
1097 733 1352 785 quempiam
1395 734 1450 773 de
1491 747 1570 775 sua

106 808 265 848 virtute
298 805 522 858 conjicere,
555 806 589 845 si
622 819 722 845 cum
759 805 1021 853 accubuerit,
1057 819 1152 845 sese
1186 806 1326 858 possit
1363 820 1388 846 a
1424 808 1570 848 nimiis

106 879 245 933 epulis
267 880 499 927 continere,
524 885 567 919 et
599 879 634 918 si
667 879 837 918 diversa
869 886 1022 919 nactus
1048 879 1221 928 fercula,
1247 894 1333 920 non
1357 895 1402 920 se
1424 886 1566 921 totum

104 954 354 1008 ingurgitet,
377 959 420 993 et
452 953 507 993 ad
539 953 754 992 vomitum
787 951 996 1005 expleat.2

194 1027 283 1068 Sed
316 1040 416 1066 cum
450 1026 592 1066 omnis
624 1027 964 1079 intemperantia
996 1026 1198 1079 religioso
1227 1027 1395 1067 homini
1431 1028 1570 1081 turpis

106 1107 184 1151 est,
206 1105 301 1140 tum
334 1100 671 1152 intemperantia
692 1099 779 1138 vini
803 1100 1080 1152 turpissima;
1119 1101 1232 1153 quia,
1257 1106 1304 1140 ut
1334 1102 1394 1141 ait
1427 1102 1570 1142 Bona-

105 1180 299 1223 ventura,
336 1173 491 1213 vitium
527 1172 610 1212 hoc
645 1172 870 1212 hominem
908 1187 1054 1213 coram
1094 1175 1193 1213 Deo
1236 1180 1279 1214 et
1320 1174 1571 1216 hominibus

105 1247 237 1288 vilem
301 1246 444 1286 reddit
467 1244 506 1295 ;3
567 1246 754 1298 ideoque
806 1261 857 1286 eo
911 1247 1077 1298 majore
1132 1248 1267 1287 animi
1322 1249 1572 1301 provisione

106 1319 428 1368 declinandum,
480 1332 568 1370 quo
619 1319 760 1370 magis
818 1334 875 1359 ex
936 1321 1024 1359 vini
1089 1322 1215 1373 copia
1266 1322 1570 1374 temperantiae

105 1393 271 1434 bonurn
307 1391 585 1445 periclitatur.
656 1392 813 1444 Neque
850 1393 966 1432 enim
1004 1394 1123 1446 apud
1161 1407 1241 1433 nos
1276 1394 1426 1433 vinum
1461 1408 1572 1447 prae-

102 1467 228 1507 betur
268 1466 324 1506 ad
368 1478 628 1513 mensuram,
666 1465 778 1505 sicut
815 1472 974 1506 caetera
1017 1467 1210 1506 obsonia.
1275 1466 1407 1519 Quod
1452 1467 1565 1508 forte

105 1540 393 1580 Benedictum
426 1538 599 1591 impulit
631 1544 678 1578 ut
710 1539 842 1579 etiam
873 1540 915 1579 in
947 1540 1050 1579 vino
1084 1554 1287 1592 paneque
1316 1554 1568 1581 mensuram

104 1614 377 1654 constituerit
408 1614 523 1664 suis3
555 1614 719 1666 quippe
751 1613 1138 1666 intemperantiam
1170 1620 1343 1653 veretur
1373 1613 1566 1666 aliquam

104 1692 180 1727 aut
221 1687 455 1740 crapulam,
494 1701 581 1739 qua
621 1687 856 1726 christiano
897 1686 1063 1726 homini
1107 1687 1214 1727 nihil
1257 1688 1397 1740 magis
1439 1694 1568 1740 putat

108 1773 202 1800 esse
239 1759 531 1801 contrarium}
593 1760 652 1800 Et
690 1760 895 1800 Clemens
937 1775 1011 1800 eos
1049 1761 1290 1801 admiratur
1326 1767 1369 1801 et
1406 1761 1569 1811 laudat,

109 1834 183 1886 qui
236 1834 474 1873 moderatae
524 1833 626 1873 vitae
685 1834 1057 1873 medicamentum
1121 1848 1282 1886 aquam
1340 1840 1566 1886 appetunt,

105 1907 255 1947 vinum
305 1912 466 1956 autem,
507 1912 719 1959 tanquam
771 1907 883 1959 ignis
934 1908 1086 1955 minas,
1125 1921 1260 1960 quam
1311 1907 1566 1960 longissime

108 1980 310 2033 fugiunt3
361 1980 592 2033 placetque
643 1981 680 2020 ei
732 1987 781 2021 ut
830 1987 980 2021 tenera
1026 1987 1132 2021 aetas
1183 1982 1285 2021 vino
1336 1982 1568 2032 abstineat,

109 2069 208 2095 cum
243 2056 299 2095 sit
332 2055 528 2095 omnium
562 2054 842 2094 humidorum
877 2054 1203 2104 calidissimum,
1235 2055 1416 2107 perinde
1450 2056 1567 2095 enim

109 2142 203 2169 esse
225 2129 262 2169 ei
284 2129 433 2168 vinum
456 2128 693 2177 infundere,
718 2142 767 2168 ac
789 2129 823 2167 si
847 2129 944 2180 quis
970 2128 1116 2180 ignem
1140 2129 1182 2167 in
1205 2128 1352 2180 ignem
1376 2126 1572 2169 derivet.⁵

111 2200 198 2255 Qui
220 2216 321 2242 vero
343 2207 475 2242 aetate
506 2202 798 2254 provectiores
830 2208 942 2249 sunt,
967 2202 1017 2241 iis
1049 2201 1395 2254 permittendum
1418 2202 1569 2241 vinum

110 2282 238 2329 putat
278 2276 334 2316 ad
377 2275 519 2315 aetatis
558 2275 943 2327 refrigerationem,
981 2288 1079 2327 quae
1117 2280 1315 2327 tempore
1358 2274 1572 2327 quodam-

110 2350 243 2390 modo
294 2349 573 2398 emarcescit;
634 2348 850 2401 optimum
899 2354 1049 2388 tamen
1093 2362 1186 2388 esse
1227 2362 1342 2400 aqua
1382 2348 1571 2401 plurima

112 2422 291 2461 miscere
322 2421 483 2472 vinum,
516 2428 559 2462 et
592 2435 680 2461 non
722 2422 864 2474 ipsum
899 2428 1110 2473 tanquam
1145 2434 1307 2474 aquam
1342 2421 1570 2473 requirere.

113 2494 347 2548 Propterea
378 2495 497 2548 quod
529 2496 661 2536 ambo
694 2495 778 2535 Dei
816 2509 949 2548 opera
980 2501 1092 2545 sunt,
1116 2501 1159 2535 et
1191 2509 1242 2535 ea
1271 2495 1438 2535 ratione
1470 2507 1572 2534 con-

112 2568 245 2608 ducat
275 2568 515 2608 valetudini
547 2569 773 2622 utriusque
805 2569 1025 2620 mixtura3
1059 2569 1267 2621 quoniam
1291 2582 1348 2608 ex
1378 2581 1429 2607 eo
1453 2567 1572 2619 quod

113 2647 179 2682 est
211 2642 513 2692 necessarium,
539 2643 583 2682 id
616 2649 682 2683 est
716 2656 773 2683 ex
807 2656 933 2695 aqua,
964 2649 1007 2683 et
1040 2656 1098 2682 ex
1128 2656 1191 2691 eo,
1216 2642 1334 2695 quod
1358 2648 1423 2682 est
1452 2640 1570 2689 utile,

113 2715 156 2755 id
189 2721 255 2756 est
285 2716 398 2764 vino,
431 2716 520 2757 vita
551 2716 759 2756 consistit.
822 2716 967 2757 Addit
1000 2722 1043 2756 et
1077 2717 1381 2768 intemperatae
1416 2728 1572 2767 perpo-

285 2829 297 2849 1
322 2831 410 2863 Eccl.
432 2838 483 2870 31.
629 2829 642 2848 ²
667 2831 736 2862 Ser.
761 2831 809 2862 16.
953 2830 967 2849 ²
991 2830 1087 2871 Spec.
1109 2830 1199 2860 Disc.
1220 2839 1252 2870 p.
1268 2837 1300 2868 4.
1319 2839 1344 2859 c.
1367 2828 1395 2860 6.

414 2881 427 2900 ⁴
451 2881 492 2912 In
510 2881 591 2922 Reg.
613 2892 638 2913 c.
659 2889 711 2921 49.
906 2880 919 2900 ⁵
944 2881 1076 2922 Paedag.
1096 2881 1117 2911 1.
1139 2889 1168 2912 2.
1189 2890 1217 2911 c.
1237 2888 1266 2912 2.

285 2943 316 2973 Y
