1903 3197
277 187 375 244 436
601 185 682 230 De
715 185 904 231 ratione
937 185 1130 233 vivendi
1164 186 1425 234 Socc'elalz‘s.

277 317 409 370 Quod
447 317 547 357 ideo
588 318 788 358 additum
827 324 893 359 est
928 325 1109 373 propter
1145 319 1298 360 fratres
1342 319 1632 372 coadjutores,
1670 322 1743 373 qui

278 393 532 432 necessariis
586 406 919 445 nonnumquam
975 394 1198 434 laboribus
1252 394 1295 434 id
1351 394 1483 434 etiam
1536 395 1747 447 temporis

277 473 576 519 occupantur:
610 481 881 520 quamquam
919 475 962 509 et
999 468 1104 517 aliis,
1142 469 1215 520 qui
1254 469 1296 508 in
1334 468 1497 508 mentis
1535 468 1749 508 exercita-

277 539 470 580 tionibus
541 541 926 595 spiritualibusque
996 548 1224 582 versantur
1294 542 1461 590 officiis,
1531 541 1747 593 ejusmodi

281 616 515 655 necessitas
557 617 777 656 interdum
820 617 1032 666 imminet,
1073 623 1120 657 ut
1162 617 1236 670 qui
1279 616 1567 656 confessionis
1608 617 1751 669 poeni-

279 689 467 729 tentium
503 691 741 743 excipiunt,
775 697 817 731 et
854 692 928 744 qui
966 692 1222 732 concionem
1260 692 1303 731 in
1341 691 1595 743 proximum
1633 690 1750 730 diem

279 770 446 815 parant,
481 769 524 804 et
561 765 634 816 qui
667 765 841 817 publice
873 766 1044 814 docent,
1084 780 1162 805 nec
1200 780 1246 805 se
1283 765 1389 805 satis
1426 771 1750 817 compararunt.

285 836 381 885 His,
426 838 617 890 inquam,
662 844 705 878 et
748 838 961 879 similibus
1000 839 1292 879 necessarium
1337 846 1403 879 est
1446 838 1663 878 interdum
1709 839 1752 878 id

281 912 502 963 temporis,
537 912 655 963 quod
691 912 826 964 quieti
861 918 962 964 post
996 912 1147 965 epulas
1182 913 1321 962 datur,
1355 913 1397 951 in
1433 926 1559 952 suum
1595 913 1753 965 cuique

283 998 440 1024 munus
492 985 755 1037 impendere.
852 986 972 1026 Raro
1025 991 1174 1026 tamen
1227 986 1271 1025 id
1322 986 1494 1035 accidit,
1539 1000 1617 1026 nec
1660 987 1751 1026 sine

281 1072 443 1111 magna
466 1060 726 1100 necessitate
756 1060 1033 1112 permittitur.
1098 1060 1187 1101 Sed
1218 1066 1283 1100 est
1313 1074 1409 1100 mos
1440 1060 1751 1109 universorum,

280 1138 328 1173 ut
361 1140 540 1186 sumpto
569 1135 667 1174 cibo
702 1134 941 1187 quiescant,
975 1136 1234 1187 animosque
1274 1140 1427 1174 mutua
1460 1134 1751 1174 collocutione

284 1207 512 1257 relaxent;
557 1208 688 1261 idque
723 1209 779 1248 ad
814 1208 968 1249 horam
1006 1209 1247 1249 dumtaxat
1280 1209 1370 1248 sive
1407 1222 1432 1248 a
1470 1208 1666 1261 prandio,
1706 1214 1755 1248 ut

282 1282 488 1330 diximus,
528 1283 618 1323 sive
665 1297 691 1322 a
739 1297 877 1324 coena.
960 1282 1247 1336 Quamquam
1291 1289 1439 1323 autem
1484 1282 1754 1322 Constitutio

283 1356 400 1396 dicat
437 1371 514 1409 per
552 1357 677 1397 unius
715 1363 791 1398 aut
830 1358 1016 1398 duarum
1054 1357 1259 1398 horarum
1298 1357 1502 1410 spatium,
1541 1356 1624 1396 hoc
1666 1369 1754 1396 non

282 1431 496 1471 debemus
533 1432 593 1471 sic
635 1432 845 1485 accipere,
880 1438 926 1472 ut
968 1433 1275 1472 existimemus
1316 1431 1430 1471 hanc
1468 1431 1593 1471 nobis
1631 1431 1757 1483 quasi

283 1504 504 1545 licentiam
548 1505 640 1544 dari
687 1505 981 1558 proroganda}
1020 1505 1131 1546 ultra
1172 1505 1327 1546 horam
1373 1505 1563 1558 quietis;
1596 1505 1672 1544 sed
1712 1510 1760 1544 ut

282 1578 581 1631 intelligamus
638 1579 859 1631 graviores
923 1593 1048 1619 curas
1100 1579 1533 1631 exercitationesque
1584 1592 1661 1631 per
1712 1578 1757 1618 id

284 1653 477 1706 spatium
510 1654 721 1706 temporis
755 1667 841 1693 non
876 1654 1083 1706 permitti,
1111 1654 1355 1707 praesertim
1390 1653 1433 1693 in
1468 1658 1632 1702 aestate,
1657 1666 1756 1693 cum

286 1727 514 1781 paululum
588 1728 743 1777 somni,
802 1728 1012 1768 relaxatis
1078 1728 1372 1781 colloquendo
1431 1727 1525 1779 jam
1588 1728 1759 1776 animis,

283 1800 483 1854 plerique
520 1802 709 1854 capiunt.
787 1801 993 1854 Spatium
1030 1802 1163 1854 igitur
1204 1802 1391 1842 duarum
1428 1801 1634 1841 horarum
1672 1814 1760 1841 non

283 1876 342 1916 ad
385 1876 699 1916 recreationem
738 1881 912 1926 statam,
955 1876 1030 1916 sed
1069 1876 1125 1916 ad
1174 1876 1495 1917 aberrationem
1534 1875 1693 1915 mentis
1734 1889 1760 1916 a

287 1951 444 1991 studiis
475 1950 748 2002 gravioribus
781 1950 1056 1990 referendum
1090 1956 1165 1991 est.

376 2024 507 2065 Dicet
542 2025 773 2077 quispiam,
809 2039 884 2064 cur
918 2024 1133 2065 relaxatio
1168 2031 1316 2064 nostra
1351 2030 1451 2077 post
1485 2023 1637 2076 epulas
1671 2037 1759 2063 non

289 2100 332 2139 in
367 2112 419 2139 eo
453 2099 538 2139 sita
573 2105 648 2148 est,
687 2104 736 2138 ut
768 2098 1000 2138 audiendis
1046 2098 1129 2151 piis
1161 2098 1422 2139 lectionibus
1454 2097 1762 2137 detineamur?

289 2173 668 2226 quemadmodum
722 2173 811 2212 suis
865 2172 1092 2212 monachis
1149 2173 1306 2212 statuit
1363 2171 1408 2211 B.
1445 2171 1712 2212 Benedictus
1731 2170 1761 2210 ;1

287 2246 488 2299 praecipit
529 2246 645 2286 enim
688 2245 732 2284 in
779 2245 950 2298 regulis,
999 2253 1046 2286 ut
1092 2259 1118 2285 a
1164 2259 1301 2294 coena,
1340 2259 1440 2285 cum
1477 2245 1763 2285 convenerint

291 2333 458 2370 omnes,
515 2319 717 2372 legantur
776 2319 975 2359 Cassiani
1029 2319 1286 2359 collationes
1337 2319 1406 2359 vel
1459 2319 1536 2360 SS.
1582 2319 1761 2358 Patrum

287 2394 402 2444 vitae,
439 2393 508 2434 vel
548 2392 725 2446 aliquid,
764 2393 883 2446 quod
921 2392 1110 2433 aedificet
1158 2393 1398 2434 audientes.
1475 2393 1759 2445 Respondeo,

288 2461 396 2522 quia
447 2468 482 2508 si
533 2467 768 2508 collocutio
821 2468 876 2508 sit
928 2467 1069 2520 qualis
1115 2468 1243 2508 decet
1295 2481 1389 2508 esse
1445 2467 1761 2520 religiosorum,

289 2542 529 2596 spiritualis
570 2541 735 2583 scilicet
792 2548 835 2582 et
886 2542 942 2583 ad
992 2542 1334 2583 aedificationem
1386 2542 1500 2592 fidei,
1542 2548 1591 2582 ut
1638 2542 1764 2594 jubet

294 2616 466 2668 Paulus,
509 2629 598 2656 non
641 2616 820 2657 minoris
868 2616 1013 2657 futura
1058 2618 1114 2657 sit
1161 2616 1325 2657 fructus
1373 2622 1507 2669 atque
1549 2616 1763 2665 utilitatis,

293 2703 427 2743 quam
450 2690 616 2744 quaevis
645 2689 787 2740 lectio,
810 2691 975 2744 gratior
997 2692 1177 2745 quidem
1210 2698 1326 2732 certe
1358 2697 1491 2743 atque
1518 2690 1764 2743 jucundior,

293 2778 345 2805 ac
374 2765 560 2818 proinde
589 2765 731 2817 magis
761 2765 895 2806 etiam
928 2765 984 2806 ad
1017 2765 1283 2806 relaxandos
1315 2766 1485 2806 animos
1515 2778 1764 2805 accommo-

294 2838 410 2881 data.
487 2840 621 2882 Porro
658 2838 826 2893 majore
863 2838 1023 2881 nostris
1055 2853 1165 2892 opus
1203 2845 1269 2881 est
1306 2839 1591 2889 relaxatione,
1630 2850 1762 2892 quarn

903 2928 916 2972 ἓ
940 2929 1024 2972 Reg.
1044 2939 1071 2963 c.
1091 2938 1144 2971 42.
