1903 3197
520 194 599 239 De
632 194 915 256 Disciplina
950 195 1024 240 M
1018 211 1146 240 ensfe.
1473 195 1570 253 387

105 326 215 367 tales
237 326 429 378 agebant
453 326 550 366 Deo
576 331 676 378 post
698 325 848 378 epulas
871 327 1047 378 gratias,
1070 333 1117 366 ut
1141 340 1290 366 eorum
1315 326 1440 366 multi
1470 332 1573 379 post

107 399 322 451 hymnum
354 400 660 451 actionemque
691 399 931 451 gratiarum
969 400 1308 452 compunctione
1341 400 1494 452 repleti
1528 405 1573 440 et

105 473 369 513 ferventibus
395 473 597 526 lacrymis
623 473 679 512 ad
709 478 966 512 nocturnam
1002 474 1194 524 quietem
1223 487 1268 512 se
1295 471 1569 526 reciperent.l

106 546 200 586 Nec
231 547 287 586 ab
318 560 362 586 re
393 546 520 586 fuerit
548 546 763 598 hymnum
796 545 918 586 illum
953 546 995 585 in
1029 546 1223 585 medium
1257 546 1421 594 afferre,
1446 552 1495 586 ut
1524 547 1569 586 in

106 632 168 666 eo,
192 620 312 660 velut
342 620 385 659 in
417 619 594 672 speculo
624 619 828 672 quodam,
852 619 1024 659 illorum
1059 619 1314 672 angelorum
1345 619 1421 672 (sic
1453 619 1570 659 enirn

104 706 178 733 eos
211 692 420 745 appellat)
451 693 799 746 contemplemur
832 693 1052 733 affectum.
1129 692 1201 733 Sic
1240 693 1372 744 igitur
1406 692 1571 733 habet:

103 766 402 806 “Benedictus
434 767 565 815 Deus,
589 767 663 819 qui
692 767 834 820 pascis
857 780 927 807 me
950 781 974 806 a
994 767 1228 818 juventute
1252 780 1360 806 mea.
1426 766 1570 819 Imple

102 840 264 891 gaudio
296 845 339 879 et
376 839 529 879 laetitia
565 840 697 880 corda
738 846 898 890 nostra,
938 847 986 880 ut
1023 854 1199 893 semper
1236 853 1413 880 omnem
1451 840 1570 879 suffi-

103 914 307 953 cientiam
340 914 554 954 habentes
584 915 860 954 abundemus
892 915 935 954 in
967 928 1100 954 omne
1137 928 1248 966 opus
1290 914 1483 964 bonum;
1526 914 1570 953 in

105 986 279 1027 Christo
310 988 414 1039 Jesu
448 988 643 1028 Domino
676 995 838 1036 nostro,
866 1002 966 1028 cum
1000 1002 1088 1040 quo
1126 988 1204 1027 tibi
1240 987 1389 1040 gloria,
1418 987 1569 1037 honor,

102 1066 145 1100 et
168 1061 410 1113 imperium,
434 1075 533 1101 cum
558 1061 724 1102 Sancto
747 1061 913 1115 Spiritu
938 1063 980 1101 in
1003 1061 1159 1102 secula.
1209 1060 1368 1100 Amen.
1415 1059 1566 1100 Gloria

102 1134 183 1173 tibi
217 1135 420 1183 Domine,
445 1135 595 1176 Gloria
623 1136 702 1176 tibi
734 1136 907 1184 Sancte,
934 1135 1084 1175 Gloria
1105 1135 1184 1175 tibi
1219 1135 1332 1183 Rex,
1358 1134 1567 1186 quoniam

104 1207 263 1248 dedisti
293 1209 418 1248 nobis
447 1209 568 1248 cibos
597 1209 640 1249 in
663 1208 872 1249 laetitiam.
939 1209 1082 1261 Imple
1105 1222 1184 1248 nos
1212 1209 1376 1260 Spiritu
1401 1207 1568 1248 Sancto

105 1288 152 1321 ut
188 1283 459 1322 inveniamur
499 1283 540 1322 111
585 1290 821 1335 conspeetu
855 1288 932 1322 tuo
973 1283 1085 1322 bene
1128 1282 1364 1335 placentes,
1401 1287 1444 1321 et
1479 1294 1568 1321 non

104 1355 418 1404 erubescentes,
457 1356 635 1408 quando
677 1357 832 1396 reddes
875 1356 1110 1407 unicuique
1151 1355 1392 1394 secundum
1435 1367 1569 1407 opera

105 1427 216 1468 sua.’'
282 1429 514 1481 Hymnum
548 1429 664 1469 1111116
701 1430 940 1469 oratiarum
974 1435 1017 1469 et
1051 1428 1192 1468 laudis
1228 1429 1391 1468 Beatus
1427 1427 1568 1480 Chry-

105 1507 324 1542 sostomus
355 1502 551 1556 pluribus
583 1508 626 1542 et
654 1502 909 1554 singillatim
942 1501 1153 1551 enucleat,
1176 1508 1224 1542 ut
1247 1515 1380 1554 quam
1412 1501 1568 1554 plenus

105 1577 161 1615 sit
191 1576 431 1625 affectibus,
464 1582 764 1629 quantamque
794 1577 848 1617 ab
878 1576 961 1616 illis
994 1575 1162 1629 angelis
1191 1577 1402 1628 pietatem
1433 1576 1568 1628 spiret

105 1650 210 1688 dum
243 1650 483 1689 secundum
516 1650 662 1689 cibum
693 1651 857 1703 gratias
889 1656 1080 1703 agerent,
1104 1650 1286 1702 planum
1319 1649 1461 1690 faciat.

193 1723 407 1775 Quintum
431 1724 619 1776 denique
649 1737 797 1764 eorum
821 1723 1042 1764 defectum
1068 1723 1335 1765 Constitutio
1358 1728 1566 1772 removet,

106 1798 180 1848 qui
209 1797 253 1836 in
276 1798 370 1849 ipsa
391 1798 564 1837 actione
586 1798 824 1849 gratiarum
848 1797 990 1837 minus
1013 1797 1212 1837 modeste
1234 1802 1568 1849 reverenterque

105 1885 150 1910 56
191 1876 360 1923 gerunt,
402 1870 478 1910 sed
531 1876 573 1910 et
625 1871 773 1911 animo
815 1878 858 1911 et
900 1871 1035 1911 0611115
1088 1871 1291 1910 indecore
1336 1876 1564 1923 vagantur,

106 1944 292 1996 ideoque
330 1945 614 1984 reverentiam
653 1949 854 1984 extremo
892 1944 988 1984 loco
1025 1944 1234 1997 praecipit.
1290 1943 1440 1984 “Cum
1477 1943 1566 1993 ea,”

105 2017 257 2069 inquit,
296 2020 419 2070 “qua
470 2030 549 2070 par
590 2023 665 2066 est,
710 2017 986 2065 1’61-’61611113,”
1030 2030 1188 2069 nempe
1230 2023 1277 2056 ut
1319 2017 1568 2058 meminerit

107 2090 404 2142 unusquisque
431 2097 474 2131 et
506 2090 561 2130 ad
596 2090 754 2139 Deum,
778 2091 850 2143 qui
880 2096 1111 2130 contuetur
1131 2090 1291 2139 omnia,
1314 2090 1441 2142 dirigi
1470 2103 1568 2143 pre-

107 2165 335 2214 cationem,
358 2170 402 2204 et
424 2178 502 2217 pro
532 2165 722 2217 acceptis
752 2164 1004 2204 muneribus
1033 2164 1196 2216 gratias
1225 2163 1305 2216 agi.
1368 2163 1567 2216 AEquum

104 2243 170 2277 est
200 2244 347 2277 autem
380 2243 428 2277 ut
459 2238 552 2290 ejus
585 2238 836 2277 muneribus
868 2237 1001 2290 digne
1033 2243 1220 2289 agantur
1251 2243 1294 2277 et
1322 2236 1569 2278 habeantur

105 2312 268 2364 gratiae,
298 2317 346 2351 ut
381 2311 448 2351 his
476 2311 619 2352 verbis
657 2325 735 2352 nos
775 2311 960 2351 Basilius
997 2311 1234 2351 admonet:
1259 2309 1566 2361 “Orationes,''

105 2386 247 2437 inquit
268 2386 407 2426 “ante
435 2386 581 2426 cibum
611 2385 718 2425 fiant
742 2386 825 2425 Dei
857 2385 1110 2425 muneribus
1139 2384 1298 2437 dignae,
1322 2398 1420 2437 quae
1450 2397 1568 2425 nunc

105 2458 267 2507 tribuit,
281 2464 339 2499 -et
364 2473 463 2512 quae
496 2461 539 2499 in
571 2459 765 2500 futurum
798 2460 994 2500 servavit.
1063 2459 1296 2500 Orationes
1329 2460 1433 2500 item
1466 2465 1569 2513 post

106 2531 253 2571 cibum
284 2533 508 2583 faciendae,
530 2547 630 2586 quae
663 2539 706 2573 et
732 2547 810 2587 pro
834 2533 1042 2573 exhibitis
1074 2532 1261 2585 gratiam
1291 2532 1491 2583 referant,
1524 2538 1570 2573 et

107 2618 158 2645 ea
189 2618 287 2657 quae
318 2607 533 2658 promissa
573 2613 674 2647 sunt
715 2606 905 2660 petant.”
969 2607 1130 2659 Dignae
1161 2612 1310 2647 autem
1343 2612 1386 2647 et
1417 2619 1568 2659 preces

107 2683 151 2718 et
178 2679 416 2730 gratiarum
448 2680 713 2721 adhibentur
744 2681 948 2730 actiones,
972 2694 1072 2721 cum
1103 2686 1146 2721 et
1174 2681 1362 2729 eximiae,
1388 2684 1436 2719 ut
1464 2684 1569 2720 ante

108 2751 214 2801 dixi,
242 2753 420 2805 pietatis
452 2753 610 2794 affectu
644 2759 687 2794 et
717 2755 836 2794 omni
871 2754 1124 2795 reverentiae
1157 2753 1277 2793 cultu
1315 2753 1565 2797 funduntur.

109 2824 221 2878 Quae
243 2827 481 2878 gratiarum
499 2827 626 2878 aetio,
645 2827 706 2867 516
723 2827 931 2877 adhibita,
950 2840 1037 2868 non
1056 2827 1190 2868 modo
1213 2826 1269 2867 ad
1292 2825 1568 2869 exhibendos

600 2915 613 2936 ²
637 2917 692 2949 Ad
711 2917 792 2959 Pop.
811 2919 891 2951 Ant.
912 2918 1001 2950 hom.
1021 2923 1060 2958 57

280 2978 305 3009 Ζ
336 2981 360 3009 2
