1903 3197
342 168 403 225 36
796 163 876 209 De
910 163 1092 210 Socz'ela
1097 164 1161 211 tz's
1194 165 1249 210 F
1244 166 1329 211 ine.

337 303 414 346 est,
450 297 552 349 quia
588 296 895 349 progrediendi
933 302 1097 338 certam
1135 303 1178 338 et
1212 298 1378 350 regiam
1414 297 1543 345 viam,
1583 297 1796 350 neglectis

340 370 719 412 Constitutionum
762 371 1098 424 regularumque
1138 371 1362 424 praesidiis,
1403 385 1490 411 non
1531 377 1796 412 tenuerunt:

340 451 387 485 ut
418 458 518 485 vere
552 458 626 485 eos
668 457 694 485 a
733 445 875 498 gratia
911 445 1107 486 desertos
1149 445 1356 498 appelles,
1387 459 1485 497 quae
1517 459 1631 485 vana
1665 451 1799 498 atque

339 519 481 560 otiosa
515 519 557 559 in
595 518 774 559 homine
811 533 905 559 esse
943 533 1030 560 non
1065 525 1238 572 potest:
1287 525 1330 559 et
1363 533 1495 571 quem
1529 520 1610 560 sibi
1643 533 1802 572 coope-

340 599 509 634 rantem
551 606 639 633 non
691 594 864 642 invenit,
899 593 1161 646 derelinquit
1202 599 1336 646 atque
1378 593 1589 634 destituit.
1668 593 1802 646 Quod

340 673 457 707 recte
493 667 666 707 videtur
698 667 952 707 observasse
990 667 1252 716 Dorotheus,
1297 681 1396 707 cum
1439 668 1570 708 docet
1612 667 1735 707 illum
1779 682 1804 708 a

341 741 440 781 Deo
458 740 608 789 deseri,
633 741 706 793 qui
734 746 892 793 praeter
913 741 1210 780 conditionem
1236 747 1278 781 et
1301 747 1460 793 praeter
1481 741 1807 794 professionemv

341 828 466 854 suam
504 815 604 866 agit.
684 814 857 867 Nempe
895 820 1042 855 autem
1081 815 1115 853 is
1153 820 1313 867 praete1⁴
1350 820 1514 855 statum
1560 821 1603 855 et
1640 814 1816 867 profes—v

340 890 509 929 sionem
562 902 685 929 suam
737 889 840 941 agit,
891 889 964 941 qui
1017 889 1257 928 secundum
1311 903 1400 929 suae
1454 888 1634 929 familiae
1687 888 1806 942 leges

341 962 765 1014 constitutionesque
787 975 874 1002 non
897 962 1013 1001 vivit.
1080 962 1166 1001 Hic
1197 962 1375 1013 inquam
1407 975 1432 1001 a
1456 962 1555 1002 Deo
1578 962 1804 1009 deseritur,

341 1037 613 1089 tandemque
652 1036 708 1076 ab
751 1037 846 1088 ipsa
888 1034 1119 1086 disciplina
1166 1040 1209 1074 et
1252 1034 1463 1086 religione
1505 1035 1716 1084 descissit,
1760 1042 1808 1075 ut

346 1110 584 1150 multorum
628 1108 821 1149 declarat
863 1113 1055 1148 eventus.
1133 1107 1219 1146 Hae
1264 1113 1366 1147 sunt
1404 1108 1536 1160 igitur
1577 1109 1810 1161 praecipuae

346 1189 389 1223 et
421 1182 682 1235 principales
713 1183 806 1231 viae,
840 1195 938 1235 quae
972 1181 1030 1222 ad
1064 1181 1303 1234 perfectam
1337 1183 1632 1232 sanctitatem,
1665 1183 1699 1222 si
1733 1196 1811 1235 per

346 1270 419 1296 eas
471 1255 750 1307 ingredimur,
795 1269 874 1295 nos
921 1255 1179 1295 deducunt:
1232 1255 1384 1308 gratia:
1428 1255 1607 1308 inquam
1650 1256 1817 1296 divinse

346 1330 561 1383 praesidia,
586 1336 628 1370 et
663 1329 1042 1370 Constitutionum
1076 1328 1262 1381 diligens
1294 1329 1556 1369 observatio.

390 1526 416 1582 ἓ
450 1537 623 1569 11.-—1)1‹:
655 1537 854 1567 ALIENAE
888 1537 1273 1568 PROCURATIONE
1307 1536 1512 1568 SALUTIS
1552 1537 1612 1568 AC
1658 1538 1770 1569 PER-

947 1602 1218 1634 FECTIONIS.

441 1701 669 1741 Hactenus
704 1700 759 1740 de
794 1701 937 1752 priore
974 1699 1048 1740 illo
1084 1699 1319 1741 Societatis
1352 1700 1447 1747 fine,
1485 1702 1558 1752 qui
1592 1701 1634 1740 in
1667 1707 1815 1742 nostra

352 1774 492 1814 salute
527 1788 576 1814 ac
605 1774 873 1827 perfectione
905 1774 1102 1826 paranda
1132 1774 1299 1826 positus
1330 1780 1421 1814 est:
1455 1788 1571 1814 nunc
1593 1775 1648 1814 de
1669 1781 1817 1827 poste-

353 1848 473 1896 riore,
513 1848 587 1899 qui
635 1849 678 1887 in
727 1847 869 1887 aliena
913 1848 1188 1900 procuranda
1230 1854 1436 1888 versatur.
1501 1848 1658 1900 Neque
1701 1848 1815 1887 enim

353 1922 459 1962 satis
496 1927 563 1962 est
600 1922 726 1962 nobis
763 1921 868 1974 ipsis
904 1935 1059 1961 vacare
1096 1922 1344 1971 dumtaxat,
1388 1922 1422 1960 si
1464 1921 1595 1973 hujus
1638 1921 1816 1961 familize

354 1995 498 2044 finem,
533 1996 601 2035 cui
635 2008 795 2035 nomen
831 1995 1043 2043 dedimus,
1076 1996 1249 2047 assequi
1284 1995 1497 2042 volumus,
1531 1995 1607 2034 sed
1643 2008 1819 2034 necesse

354 2074 420 2109 est
442 2069 575 2109 etiam
598 2069 904 2121 proximorum
927 2067 1056 2108 saluti
1080 2068 1247 2108 servire.
1310 2068 1374 2107 Ut
1398 2068 1513 2107 enim
1536 2068 1740 2107 aberrant
1762 2067 1817 2107 ab

354 2141 438 2181 hoc
467 2141 564 2190 fine,
589 2142 661 2193 qui
694 2142 813 2193 prius
842 2154 974 2193 quam
1006 2141 1086 2180 sibi
1120 2141 1200 2192 ipsi
1231 2140 1438 2186 vacarint,
1466 2154 1648 2192 seseque
1681 2141 1819 2193 perfe-

356 2216 502 2262 cerint,
536 2215 592 2254 ad
640 2214 747 2254 alios
794 2213 1082 2266 perficiendos
1121 2213 1429 2266 juvandosque
1471 2213 1707 2254 festinant:
1759 2215 1819 2254 sic

358 2295 401 2329 et
438 2289 494 2328 ab
528 2302 580 2328 eo
617 2287 749 2341 longe
785 2288 957 2337 absunt,
996 2287 1069 2339 qui
1111 2287 1191 2326 sibi
1235 2287 1330 2326 unis
1373 2288 1610 2327 dumtaxat
1653 2288 1819 2335 intenti,

359 2375 640 2415 nequaquam
690 2362 744 2401 de
796 2361 978 2401 aliorum
1031 2360 1172 2400 salute
1224 2362 1557 2412 commodisque
1608 2361 1818 2400 laborant.

361 2437 552 2489 Utrique
590 2435 780 2476 alienum
819 2449 845 2474 a
883 2434 1106 2475 Societate
1143 2435 1343 2486 spiritum
1383 2434 1680 2487 praeseferunt,
1715 2448 1822 2486 quo-

360 2511 477 2550 niam
503 2509 746 2555 Societatis,
763 2515 810 2548 ut
833 2508 938 2555 dixi,
963 2508 1060 2547 finis
1084 2513 1159 2553 est,
1179 2515 1221 2548 ct
1239 2522 1328 2547 sure
1352 2508 1470 2547 omni
1494 2507 1639 2547 studio
1657 2521 1822 2555 vacare,

361 2589 404 2624 et
435 2584 589 2623 aliena:
621 2596 798 2635 quoque
839 2581 968 2622 saluti
1007 2588 1049 2621 et
1082 2581 1337 2634 perfectioni
1380 2582 1548 2621 servire.
1613 2580 1825 2620 Dicamus

361 2659 494 2710 igitur
522 2657 578 2697 de
610 2657 692 2697 hac
721 2656 960 2709 posteriore
986 2655 1325 2695 Constitutionis
1357 2661 1492 2708 parte,
1519 2660 1566 2694 ut
1595 2655 1650 2694 de
1684 2655 1825 2707 priore

357 2731 450 2784 jam
486 2730 676 2771 fecimus.
753 2729 843 2770 Ubi
877 2729 959 2769 tria
994 2729 1188 2769 breviter
1220 2729 1435 2769 videnda:
1479 2728 1686 2776 Primum,
1709 2741 1827 2779 quae—

362 2818 464 2845 nam
498 2805 694 2845 maxime
717 2804 771 2844 ad
804 2803 1157 2856 procurationem
1193 2802 1346 2843 alienae
1383 2801 1534 2842 salutis
1570 2800 1824 2854 impellant:

361 2879 628 2929 Secundum,
671 2877 894 2931 quomodo
945 2877 1137 2918 curanda
1165 2891 1172 2916 :
1239 2876 1449 2925 Tertium,
1505 2881 1559 2923 et,
1614 2873 1821 2927 quoniam
