1903 3197
285 213 384 269 640
610 210 690 256 De
722 211 913 257 ratione
945 210 1140 257 vivendi
1171 210 1431 258 Socz‘etatz's.

285 349 492 397 operatur
533 343 730 392 alterum,
770 344 967 396 quietum
1010 345 1191 384 omnino
1229 351 1502 398 permaneat,
1539 351 1586 386 ut
1629 346 1663 385 si
1709 361 1757 387 os

284 418 487 471 loquitur,
527 432 683 458 manus
720 432 808 458 non
845 418 1108 459 moveatur.''
1171 419 1232 459 Et
1269 433 1408 460 mox:
1458 420 1561 460 “Ut
1598 420 1754 474 loqui‚’'

285 493 438 546 inquit,
477 493 606 532 “sine
643 493 904 533 extensione
941 492 1189 533 manuum.”
1252 493 1365 546 Quae
1406 507 1463 533 ex
1500 493 1664 547 Ugone
1700 495 1756 535 de

286 568 330 609 S.
345 567 508 607 Victor.
534 573 711 620 sumpta
734 573 834 607 sunt
858 568 927 607 De
951 568 1095 608 Novit.
1118 568 1258 608 Instit.
1279 582 1311 608 c.
1338 579 1407 608 12:
1432 571 1454 588 “
1470 568 1753 621 Diligenter‚’'

281 642 424 695 inquit
455 641 537 691 ille,
576 642 933 682 “observandum
972 649 1048 691 est,
1090 648 1138 682 ut
1175 642 1347 695 singula
1384 642 1585 683 membra
1623 657 1751 683 suum

283 723 464 758 teneant
516 717 719 765 officium,
772 731 852 757 nec
910 723 1121 770 usurpent
1172 717 1401 757 alienum.'’
1495 718 1556 758 Et
1609 731 1752 758 mox:

285 792 542 832 “Discretio
564 792 787 832 actionum
815 792 858 831 in
886 791 1094 831 membris
1116 792 1392 832 observanda
1414 798 1491 841 est,
1517 798 1564 832 ut
1587 792 1753 833 scilicet

282 866 327 907 id
350 872 454 918 agat
476 866 833 918 unumquodque,
857 866 913 906 ad
936 866 1056 918 quod
1083 866 1247 906 factum
1271 872 1346 915 est,
1373 873 1420 907 ut
1442 881 1522 907 nec
1545 866 1752 919 loquatur

284 954 452 989 manus,
488 954 567 980 nec
593 954 642 980 os
669 940 821 980 audiat
852 974 859 980 .
893 973 899 979 .
929 973 937 980 .
966 946 1009 980 et
1043 939 1162 993 loqui
1197 941 1330 980 debet
1364 942 1457 981 sine
1491 942 1752 982 extensione

1178 1014 1184 1029 5

284 1029 507 1065 manuum,
541 1022 585 1056 et
617 1016 878 1056 extensione
909 1014 1172 1068 digitorum.>
1247 1015 1369 1055 Nota
1402 1022 1563 1065 autem,
1597 1021 1753 1056 exten-

282 1091 452 1131 sionem
476 1091 637 1142 inquit:
670 1104 774 1130 nam
805 1090 900 1130 haec
930 1090 1208 1142 potissimum
1239 1089 1566 1130 deformitatem
1596 1089 1752 1141 habet3

283 1178 371 1205 non
409 1165 663 1205 moderatus
699 1165 857 1218 aliquis
893 1170 1043 1218 gestus
1081 1171 1124 1205 et
1160 1178 1280 1204 rarus
1318 1165 1431 1204 inter
1467 1164 1750 1217 loquendum,

281 1241 355 1292 qui
398 1254 479 1280 nec
520 1241 564 1279 in
606 1239 808 1280 familiari
852 1239 1030 1292 quidem
1074 1253 1276 1279 sermone
1328 1240 1564 1292 quicquam
1616 1239 1752 1279 habet

282 1315 550 1364 offensionis,
579 1315 767 1368 ideoque
798 1329 853 1355 ne
885 1314 1235 1368 reprehensionis
1269 1314 1460 1366 quidem.

369 1396 440 1440 4¹¹¹.
476 1390 528 1429 In
558 1390 755 1430 oratione
788 1396 831 1430 et
860 1390 1180 1443 deprecatione.
1234 1388 1348 1430 Sunt
1371 1389 1486 1428 enim
1510 1388 1647 1437 multi,
1676 1389 1751 1441 qui

282 1465 396 1505 inter
417 1465 633 1505 orandum
664 1465 836 1517 quietas
869 1465 1094 1505 continere
1125 1477 1283 1503 manus
1315 1465 1497 1503 omnino
1530 1477 1618 1503 non
1651 1477 1751 1516 pos—

281 1545 395 1589 sunt,
417 1540 509 1579 sive
531 1540 685 1579 orandi
709 1538 871 1589 labore,
890 1539 980 1578 sive
1004 1538 1210 1591 pulicum,
1233 1539 1514 1591 pruritusque
1536 1538 1750 1578 molestia.

370 1613 417 1653 B.
449 1613 710 1653 Vincentius
747 1627 847 1654 cum
886 1615 941 1653 de
977 1612 1062 1653 hoc
1098 1612 1358 1665 loqueretur,
1381 1618 1505 1653 tract.
1538 1612 1611 1652 vit.
1650 1612 1748 1664 spir.

281 1702 314 1729 c.
355 1688 410 1727 8:
458 1687 701 1737 “Caveas,”
739 1688 893 1740 inquit,
934 1690 1025 1727 “ne
1062 1687 1224 1740 digitos
1262 1692 1414 1727 teneas
1457 1687 1501 1726 in
1544 1687 1752 1737 naribus;

280 1768 384 1802 sunt
419 1762 535 1801 enim
571 1761 705 1814 aliqui
739 1762 813 1814 qui
848 1763 891 1801 in
921 1761 1016 1811 hoc,
1048 1768 1091 1801 et
1126 1761 1286 1801 talibus
1317 1761 1512 1809 miseriis,
1542 1774 1629 1800 non
1660 1761 1754 1800 sine

281 1836 447 1877 diaboli
466 1836 768 1877 stimulatione
786 1843 1059 1889 occupantur
1077 1837 1345 1876 divertentes
1364 1850 1389 1875 a
1406 1836 1555 1875 divino
1574 1834 1751 1875 officio.”

371 1912 694 1960 Bonaventura‚
714 1911 840 1965 Spec.
860 1911 977 1951 Disc.
994 1925 1033 1965 p.
1053 1922 1086 1951 2.
1104 1925 1136 1951 c.
1154 1911 1198 1951 8:
1223 1910 1493 1963 “Indignum
1516 1924 1692 1963 quoque
1710 1910 1753 1949 in

283 1986 431 2027 divino
460 1985 604 2026 officio
625 1986 839 2026 venandis
869 1986 1203 2038 mactandisque
1225 1984 1473 2025 vermiculis
1506 1985 1753 2036 intendere,

284 2061 444 2113 quibus
476 2060 624 2114 palam
655 2061 698 2100 in
731 2059 938 2101 Oratorio
970 2060 1144 2113 digitos,
1168 2065 1244 2100 aut
1278 2059 1398 2112 ligna
1431 2059 1598 2099 foedare
1632 2059 1752 2099 frons

280 2135 577 2175 inverecunda
599 2148 688 2175 non
712 2134 905 2175 metuit.”
965 2134 1097 2187 Quod
1120 2135 1275 2175 vitium
1299 2133 1448 2174 multis
1470 2139 1573 2174 ante
1595 2133 1751 2173 seculis

282 2210 562 2262 reprehendit
598 2209 728 2249 Nilus
762 2210 818 2249 de
851 2209 1064 2250 Oratione
1095 2223 1128 2250 c.
1164 2218 1269 2260 105:
1308 2208 1458 2249 “Cum
1495 2207 1749 2257 incumbis‚”

283 2284 437 2337 inquit,
477 2284 700 2324 “orationi
743 2284 938 2337 corporis
981 2284 1263 2324 incommoda
1300 2283 1499 2336 neglige;
1542 2296 1596 2322 ne
1642 2282 1676 2322 si
1724 2295 1750 2322 a

281 2359 436 2411 pulice,
463 2365 506 2399 et
528 2358 744 2412 pediculo,
768 2364 844 2398 aut
866 2358 1003 2398 culice
1025 2359 1246 2411 pungaris,
1270 2358 1517 2398 maximum
1540 2357 1750 2397 orationis

281 2433 469 2473 fructum
493 2431 707 2473 amittas.‘'
742 2432 802 2472 Et
824 2447 856 2472 c.
882 2443 971 2473 100.
995 2432 1195 2472 dixerat:
1226 2432 1310 2473 “Si
1333 2432 1438 2471 dum
1461 2445 1559 2471 oras
1581 2431 1624 2470 in
1647 2445 1749 2471 con-

281 2514 433 2561 spectu
459 2508 543 2548 Dei
566 2513 667 2556 stas,
685 2507 759 2559 qui
777 2520 928 2547 verum
952 2513 1017 2547 est
1040 2507 1236 2546 omnium
1255 2506 1407 2559 opifex
1425 2511 1469 2546 et
1486 2505 1748 2554 moderator,

283 2595 359 2622 cur
389 2581 630 2621 incredibili
668 2581 783 2621 illius
815 2581 974 2621 timore
1007 2580 1262 2634 posthabito
1298 2581 1359 2620 ita
1389 2586 1554 2620 temere
1591 2579 1749 2619 culices

282 2662 326 2696 et
363 2656 607 2696 scarabaeos
639 2654 896 2695 reformidas
915 2654 964 2694 ?'’
1028 2655 1153 2695 Idem
1186 2669 1219 2695 c.
1249 2665 1338 2705 104.
1369 2660 1516 2694 narrat
1548 2654 1747 2694 Fratrem

280 2730 519 2783 quemdam
555 2743 654 2771 cum
697 2730 810 2770 inter
840 2730 1054 2770 orandum
1087 2730 1235 2782 vipera
1269 2729 1533 2777 accessisset,
1567 2727 1747 2780 ejusque

280 2805 416 2858 pedes
446 2805 674 2857 tetigisset,
699 2818 787 2844 non
820 2805 939 2857 prius
966 2818 1124 2844 manus
1155 2803 1376 2856 dejecisse,
1406 2816 1539 2856 quam
1571 2802 1747 2842 solitam

279 2878 524 2919 absolveret
551 2879 807 2928 orationem,
831 2879 888 2919 ob
911 2892 1097 2931 eamque
1119 2892 1210 2918 rem
1234 2877 1342 2918 nihil
1364 2891 1476 2928 eum,
1501 2877 1575 2930 qui
1599 2877 1745 2917 Deum

277 2953 511 3006 plusquam
542 2967 588 2994 se
614 2953 783 3003 dilexit,
808 2953 1077 2994 incommodi
1101 2952 1331 3006 accepisse.
