1903 3197
496 192 564 237 In
598 190 816 250 Regulas
850 188 1107 235 flsodestz'ae.
1436 197 1529 245 597

76 340 341 380 magnopere
363 321 617 366 laborasse.”
680 324 739 363 Et
760 323 816 362 de
837 321 993 362 eodem
1017 320 1237 361 Malachia
1260 319 1505 360 Bernardus
1523 334 1531 361 :

77 402 245 441 “Risus
282 406 428 441 autem
467 398 664 438 indicans
701 396 934 443 charitatis,
974 401 1050 435 aut
1090 407 1360 447 provocans;
1413 407 1534 433 rarus

77 481 226 516 tamen
268 480 312 514 et
353 474 454 526 ipse.
538 470 758 524 Equidem
810 470 1028 510 interdum
1080 468 1274 516 eductus,
1324 480 1534 507 excussus

77 562 315 601 nunquam,
337 548 411 600 qui
442 548 502 586 ita
524 544 744 585 nuntiaret
775 543 918 583 cordis
951 543 1161 591 laetitiam,
1186 548 1234 581 ut
1259 543 1323 582 ori
1345 542 1533 593 gratiam

76 636 165 663 non
188 622 409 668 minueret,
433 619 509 660 sed
542 617 755 671 augeret.’'
818 617 887 657 De
919 617 1054 656 nostri
1088 616 1249 668 Ignatii
1282 617 1534 656 maturitate

76 697 184 739 nihil
226 696 382 736 attinet
423 694 592 733 dicere:
633 691 756 732 testis
788 697 854 731 est
895 690 988 742 ejus
1029 691 1129 738 vita,
1164 704 1297 742 quam
1339 690 1535 743 quotidie

76 772 266 812 terimus.
302 769 390 810 Sed
413 769 468 809 ad
491 767 603 807 hanc
630 766 928 813 obtinendam,
953 765 1063 805 sicut
1084 764 1141 804 ad
1163 778 1339 804 omnem
1363 765 1535 804 modes-

74 845 196 894 tiam,
222 843 339 884 valet
371 842 608 896 plurimum
636 847 731 881 tum
761 845 1009 880 sanctorum
1044 839 1233 879 virorum
1264 837 1534 891 exemplum,

74 924 170 959 tum
201 917 403 971 perennis
435 917 566 956 timor
594 915 726 955 divini
759 920 1029 967 conspectus,
1054 919 1103 953 ut
1131 919 1174 953 et
1201 913 1295 965 Jam
1327 912 1536 962 diximus,

75 998 121 1033 et
141 993 348 1033 dicemus.

160 1073 232 1118 4¹1¹.
267 1066 467 1118 Exigunt
501 1064 690 1116 denique
726 1062 837 1103 tales
878 1068 1026 1115 gestus
1069 1067 1303 1115 motusque
1344 1061 1536 1114 corporis

74 1141 194 1194 leges
217 1146 389 1188 nostrae,
414 1146 462 1180 ut
484 1139 601 1192 apud
634 1151 787 1178 omnes
818 1136 1154 1177 aedificationem
1186 1136 1384 1189 pariant;
1417 1136 1536 1188 quod

76 1222 143 1256 est
164 1215 329 1268 aliquid
353 1213 461 1267 plus,
485 1226 617 1265 quam
652 1212 695 1252 id
718 1211 837 1264 quod
859 1211 974 1251 dixit
995 1211 1284 1264 Augustinus,
1309 1216 1357 1250 ut
1379 1210 1538 1250 nullius

75 1290 273 1331 offendat
307 1294 546 1341 aspectum.
609 1286 760 1326 Potest
794 1285 909 1325 enim
944 1291 1089 1325 motus
1129 1285 1286 1337 aliquis
1327 1290 1538 1324 externus

76 1363 235 1404 nullius
278 1361 428 1403 oculos
471 1361 702 1409 offendere,
739 1365 782 1400 et
819 1365 968 1399 tamen
1006 1372 1093 1399 non
1125 1359 1351 1408 aedificare,
1393 1365 1437 1399 et
1480 1358 1538 1398 ad

76 1438 288 1492 pietatem
334 1448 598 1489 permovere.
680 1433 747 1473 At
787 1433 947 1486 regulae
990 1439 1149 1472 nostrae
1191 1432 1299 1472 tales
1351 1432 1540 1485 exigunt

74 1518 233 1560 motus,
271 1517 319 1551 ut
351 1510 484 1550 etiam
521 1508 750 1557 aedificent,
789 1513 833 1547 et
874 1507 929 1547 ad
971 1508 1183 1560 pietatem
1235 1512 1532 1559 permoveant.

78 1585 145 1627 Ut
166 1585 221 1625 de
252 1584 455 1638 perfectis
486 1582 737 1623 hominibus
759 1581 865 1621 dicit
890 1581 1191 1633 Hieronymus
1214 1580 1270 1621 ad
1304 1580 1537 1620 Rusticum

77 1659 353 1701 monachum.
443 1657 643 1710 Quorum
695 1655 881 1705 habitus,
925 1669 1081 1703 sermo,
1127 1655 1283 1704 vultus,
1337 1656 1541 1708 incessus,

77 1734 278 1775 doctrina
298 1734 509 1774 virtutum
532 1737 608 1771 est.
673 1730 774 1772 Hoc
803 1736 869 1770 est
899 1731 1030 1782 igitur
1057 1731 1285 1782 proximos
1311 1730 1539 1779 aedificare‚

77 1810 285 1850 virtutem
329 1821 403 1847 eos
440 1820 497 1846 ex
540 1806 698 1845 nostris
740 1804 931 1844 motibus
973 1804 1164 1844 edocere.
1240 1805 1354 1846 Sunt
1390 1810 1538 1844 autem

76 1883 259 1924 omnino
292 1882 485 1935 quinque
517 1893 677 1933 genera
709 1885 909 1919 motuum
948 1879 999 1931 (si
1031 1893 1082 1919 ea
1110 1880 1243 1919 etiarn
1276 1893 1375 1932 quae
1405 1880 1539 1933 paulo

79 1971 211 2010 supra
243 1956 470 2008 attigimus
502 1953 824 2004 enumeremus)
848 1967 945 2005 quae
978 1953 1223 1994 aedificandi
1245 1955 1333 1994 vim
1362 1953 1536 1995 habent.

78 2032 272 2072 Primum
302 2043 441 2083 genus
464 2035 529 2069 est
552 2041 701 2068 eorum
725 2034 924 2067 motuum
948 2033 1080 2080 atque
1111 2034 1326 2079 gestuum,
1350 2029 1423 2081 qui
1446 2029 1540 2069 sine

79 2105 263 2146 arctiore
296 2104 489 2157 quodam
527 2103 739 2143 custodiae
774 2101 910 2141 fraeno
943 2115 994 2141 ac
1028 2102 1258 2155 disciplina
1299 2103 1408 2143 effici
1451 2117 1539 2144 non

77 2185 290 2234 possunt;
331 2185 379 2218 ut
421 2184 498 2228 est,
540 2176 688 2217 oculos
730 2177 963 2225 continere,
1002 2190 1055 2216 ne
1096 2183 1309 2230 vagentur
1349 2179 1539 2231 impune,

83 2260 217 2308 caput
238 2267 398 2307 regere,
423 2266 478 2293 ne
499 2252 584 2292 huc
609 2252 709 2291 illuc
731 2258 957 2291 moveatur
978 2257 1021 2291 et
1043 2252 1241 2304 agitetur,
1265 2259 1309 2293 et
1330 2252 1372 2293 id
1402 2267 1540 2306 genus

77 2329 172 2369 alia.
247 2328 375 2368 Patet
409 2327 493 2367 hoc
530 2327 573 2366 in
612 2326 754 2375 sacris,
792 2326 864 2365 ubi
902 2326 936 2365 si
973 2326 1174 2366 sacerdos
1217 2326 1349 2367 libere
1389 2329 1538 2380 vagari

77 2402 227 2444 oculos
264 2402 389 2451 sinat,
426 2407 648 2454 caputque
684 2407 851 2441 temere
891 2407 1127 2450 convertat,
1165 2401 1283 2454 apud
1324 2402 1536 2455 populum

75 2479 265 2531 graviter
286 2477 479 2517 offendit.
545 2476 712 2516 Contra
733 2489 846 2523 vero,
871 2475 905 2515 si
927 2476 1141 2515 demissos
1169 2476 1340 2524 habeat,
1365 2478 1537 2517 modes-

75 2557 234 2604 tosque
254 2557 377 2604 gerat
398 2550 555 2599 vultus,
579 2550 860 2589 admirationi
883 2556 947 2589 est
970 2551 1188 2590 universis.
1252 2551 1385 2590 Ratio
1406 2551 1535 2603 hujus

77 2631 169 2666 est:
226 2625 328 2677 quia
368 2624 411 2663 hi
450 2630 596 2663 motus
635 2623 829 2663 indicant
866 2624 1060 2663 animum
1098 2637 1144 2663 se
1184 2624 1454 2675 fraenantem,
1493 2631 1537 2665 et

77 2699 320 2752 disciplinae
371 2697 628 2750 subjectum,
678 2697 797 2751 quod
847 2699 903 2738 ad
955 2698 1279 2751 Temperantiae
1329 2699 1535 2739 virtutem

75 2773 265 2814 refertur.
327 2772 478 2812 Virtus
501 2777 650 2812 autem
674 2772 955 2812 admirationi
985 2778 1028 2812 et
1056 2773 1209 2813 honori
1232 2779 1298 2812 est
1319 2774 1533 2815 omnibus.

78 2848 314 2901 Propterea
348 2847 595 2887 Bernardus
628 2860 728 2886 cum
764 2846 949 2887 Beatum
985 2847 1252 2887 Malachiam
1294 2847 1444 2889 laudat
1480 2849 1536 2890 ab

80 2922 307 2964 oculorum
349 2921 629 2971 continentia,
665 2921 760 2961 haee
800 2920 995 2962 addidit:
1056 2921 1268 2976 “Nempe
1299 2923 1417 2975 quod
1449 2937 1536 2965 non
