1903 3197
358 162 439 208 De
458 161 851 224 effingatz'onz'bus
874 162 1161 223 confessario
1185 162 1456 223 delqgemz'zk.
1532 167 1632 223 469

163 301 210 336 ut
232 301 333 335 ante
356 294 461 344 dixi,
483 300 659 347 patrum
689 294 980 347 spiritualium
1012 295 1134 348 sequi
1159 296 1375 349 judicium
1406 309 1456 336 ac
1478 295 1631 337 volun-

161 373 312 418 tatem,
345 374 389 408 et
424 369 485 408 sic
527 367 582 408 de
618 373 768 407 nostro
800 381 980 421 corpore
1024 383 1163 422 agere,
1197 376 1244 410 ut
1276 384 1333 410 ex
1377 369 1631 412 Bernardo1

160 455 293 495 supra
324 442 529 492 diximus,
552 442 664 482 sicut
695 442 750 481 de
779 455 868 481 non
899 448 1058 491 nostra,
1088 443 1164 483 sed
1196 444 1288 496 ejus
1315 459 1340 484 a
1371 458 1458 497 quo
1490 446 1631 498 pretio

161 528 324 568 magno
347 516 484 568 empti
507 529 668 564 sumus,
685 520 734 554 ut
755 514 1048 568 glorificemus
1067 530 1167 556 eum
1191 518 1234 556 in
1257 532 1438 570 corpore
1461 525 1631 567 nostro;

161 589 455 641 eumdemque
496 589 538 628 in
590 588 673 628 hoc
716 589 873 629 eodem
916 603 1095 643 corpore
1138 596 1375 643 portemuS,
1414 597 1630 644 quatenus

160 662 309 704 divino
343 663 595 711 ministerio,
631 668 679 702 ut
714 663 775 702 ait
817 663 871 703 D.
889 662 1097 713 Thomas,
1133 665 1370 717 deputatur
1404 671 1447 705 et
1481 679 1632 705 conse-

158 742 312 778 cratur.
395 735 483 788 Qui
526 737 642 776 enim
684 742 842 790 portat,
882 738 978 777 usui
1021 744 1087 778 est
1129 739 1167 778 ei
1211 752 1343 791 quem
1386 744 1545 791 portat,
1585 746 1633 780 ut

156 809 323 851 homini
361 809 639 862 jumentum:
693 811 796 863 quia
840 818 988 852 nostra
1031 825 1215 865 corpora
1256 812 1416 853 divinis
1469 812 1633 853 scilicet

159 884 320 933 usibus,
346 889 389 924 et
411 884 717 937 proximorum
741 885 1004 926 utilitatibus
1029 886 1175 926 dicata
1198 892 1311 926 sunt.

249 957 334 998 His
366 959 499 1010 igitur
530 959 772 999 rationibus
807 960 1078 1001 Constitutio
1111 966 1261 1001 nostra
1292 961 1635 1014 praeseribitaut

163 1032 442 1073 Confessario
486 1039 562 1073 aut
604 1033 737 1073 etiam
782 1034 1005 1087 Superiori
1047 1036 1335 1088 poenitentias
1377 1042 1421 1076 et
1458 1036 1634 1089 quasvis

162 1107 451 1159 asperitatum
481 1120 643 1160 genera
671 1107 878 1160 patefieri.
942 1108 1096 1162 Atque
1124 1108 1219 1149 haec
1242 1115 1285 1149 et
1307 1110 1362 1149 de
1394 1110 1635 1162 posteriore

165 1179 503 1221 Constitutionis
545 1188 680 1234 parte,
725 1188 769 1222 et
809 1183 864 1222 de
906 1188 1001 1223 tota
1042 1183 1137 1236 ipsa
1180 1183 1507 1224 Constitutione
1544 1185 1633 1235 48³,

162 1267 250 1307 qua
299 1255 479 1294 tertium
535 1255 784 1295 continetur
832 1256 1097 1297 valetudinis
1139 1257 1315 1298 tuendae
1367 1258 1631 1311 przesidium.

164 1327 373 1380 Sequitur
409 1334 457 1368 ut
498 1329 553 1368 de
591 1335 748 1381 quarto
791 1329 989 1371 dicamus
1027 1330 1159 1382 juxta
1203 1342 1238 1372 2.
1277 1329 1303 1386 ξ
1338 1342 1371 1371 2.
1409 1332 1564 1385 capitis
1599 1342 1632 1383 3.

161 1403 310 1454 partiS,
336 1407 380 1442 et
398 1402 532 1454 juxta
555 1402 752 1455 regulam
782 1404 865 1443 16⁰¹
887 1418 945 1444 ex
969 1404 1380 1445 Constitutionibus.

249 1476 462 1517 Diximus
494 1477 623 1530 hujus
646 1478 957 1531 disputationis
987 1479 1110 1519 initio
1133 1485 1323 1531 quatuor
1344 1480 1400 1520 ad
1423 1480 1635 1520 tuendam

162 1549 463 1591 valetudinem
526 1551 668 1591 facere
722 1552 854 1604 juxta
909 1552 1257 1593 Constitutiones
1309 1559 1353 1594 et
1406 1554 1602 1606 Regulas
1629 1568 1638 1594 :

161 1625 354 1678 primum
388 1625 569 1678 quidem
606 1627 889 1667 necessitates
923 1641 1023 1667 suas
1058 1628 1146 1667 suis
1183 1627 1492 1681 Superioribus
1526 1628 1637 1668 indi-

161 1712 294 1739 care:
345 1699 532 1740 alterum
578 1714 682 1740 vero
734 1707 826 1741 erat
869 1701 1061 1754 corporis
1111 1687 1405 1743 exercitatio:
1457 1703 1635 1743 tertium

165 1773 410 1813 moderatio
455 1788 506 1814 ac
558 1774 792 1826 prudentia
838 1775 881 1814 in
924 1775 1080 1815 eodem
1123 1789 1305 1829 corpore
1347 1776 1635 1828 castigando:

163 1853 369 1900 quartum
407 1848 612 1888 ordinata
643 1849 784 1888 victus
817 1849 927 1889 ratio
961 1863 1012 1889 ae
1043 1850 1345 1903 temperantia.
1411 1849 1634 1902 Quoniam

162 1922 297 1975 igitur
318 1922 373 1961 de
403 1922 541 1963 tribus
569 1923 662 1976 jam
695 1924 911 1976 prioribus
944 1925 1140 1977 egimus;
1173 1930 1308 1966 restat
1331 1930 1378 1965 ut
1400 1925 1454 1965 de
1477 1930 1635 1978 quarto

165 2009 215 2036 ac
244 2002 469 2049 postremo
499 1998 722 2037 dicamus:
755 1998 1128 2051 ostendamusque
1155 2006 1370 2052 quantum
1394 1999 1635 2040 valetudini

164 2071 303 2123 prosit
334 2071 537 2112 ordinata
558 2071 698 2112 vietus
730 2072 842 2112 ratio
873 2086 924 2112 ae
955 2074 1257 2126 temperantia.

674 2176 686 2196 ¹
713 2179 767 2209 Ad
787 2179 839 2210 Fr.
852 2179 892 2210 de
910 2179 1026 2211 Monte
1044 2179 1118 2211 Dei.
