1903 3197
501 172 580 218 De
611 171 891 231 Disciplina
927 169 1122 215 stffensae.
1451 180 1512 224 39
1525 179 1542 209 1

85 308 169 348 hac
190 313 266 347 tua
288 303 636 357 interpellatione
657 299 1004 354 perdidimus?”l
1039 300 1253 351 Idemque
1275 297 1331 337 de
1354 297 1547 350 Origene

79 381 231 421 scribit
267 379 574 430 Hieronymus,
609 388 835 427 nunquam
879 373 999 414 illum
1038 373 1131 413 sine
1168 373 1358 412 lectione
1396 384 1544 423 sump-

84 455 191 494 sisse
217 453 374 501 cibum,
398 463 622 502 nunquam
651 449 797 488 iniisse
825 445 1062 487 somnum.2
1102 445 1236 485 Valet
1258 445 1391 496 igitur
1419 444 1547 484 lectio

87 540 250 568 mensce
284 532 328 566 et
360 525 416 565 ad
453 522 662 575 temporis
699 521 1024 574 parsimoniam,
1057 519 1229 558 etiamsi
1264 518 1350 557 alia
1384 517 1548 558 utilitas

89 601 209 642 nulla
241 605 362 640 esset.

176 674 264 717 Sed
287 687 374 726 quo
403 671 536 711 animi
569 669 728 710 affectu
759 667 993 720 studioque
1028 666 1128 706 huic
1158 664 1335 705 lectioni
1370 678 1549 717 operam

86 749 302 796 dabimus,
344 746 427 786 hoc
469 745 586 784 enim
629 743 821 783 secundo
863 741 960 781 loco
1003 739 1315 793 quaerebatur?
1377 738 1551 791 Nempe

87 837 140 864 eo
163 823 269 875 ipso,
294 833 381 873 quo
411 832 566 871 corpus
596 816 768 857 edendo
800 830 846 855 se
878 814 1043 864 reficit;
1076 827 1180 853 nam
1212 826 1312 853 cum
1344 813 1400 852 sit
1422 812 1552 851 lectio

87 895 298 948 pabulum
346 893 518 941 mentis,
561 891 716 931 eadem
768 889 1014 930 attentione
1064 887 1236 927 animus
1278 900 1375 926 eam
1418 885 1553 925 debet

89 969 303 1022 excipere,
329 981 415 1019 qua
447 979 603 1018 corpus
636 964 792 1004 cibum.
850 962 950 1002 Hoc
973 961 1179 1001 nimirum
1203 966 1269 1000 est
1291 959 1410 1012 quod
1436 959 1552 999 Con-

83 1042 260 1084 vstitutio
292 1041 424 1081 dicit:
458 1039 559 1080 “Ut
590 1052 669 1078 sua
701 1038 834 1078 etiam
867 1036 1025 1076 animae
1059 1035 1237 1075 refectio
1269 1033 1551 1087 praebeatur.'’

90 1115 238 1169 Quam
269 1115 455 1155 eandem
486 1112 776 1153 attentionem
809 1110 951 1163 exigit
974 1110 1017 1149 in
1048 1110 1137 1149 suis
1170 1107 1353 1161 Regulis
1375 1107 1554 1159 Augus-

91 1189 235 1230 tinus:
268 1187 418 1228 “Cum
456 1184 698 1233 acceditis,’'
730 1183 882 1236 inquit,
907 1183 997 1222 “ad
1036 1195 1246 1231 mensam,
1277 1181 1417 1221 donec
1454 1180 1556 1220 inde

94 1262 292 1314 surgatis,
316 1259 436 1312 quod
467 1259 592 1298 vobis
621 1257 862 1297 secundum
890 1255 1254 1296 consuetudinem
1284 1255 1443 1307 legitur
1464 1253 1556 1293 sine

86 1335 283 1376 tumultu
322 1339 366 1373 et
398 1331 754 1373 contentionibus
790 1329 952 1379 audite,
985 1342 1064 1369 nec
1105 1328 1210 1368 solae
1244 1328 1368 1368 vobis
1410 1327 1557 1367 fauces

89 1413 269 1449 sumant
291 1407 449 1455 cibum,
479 1406 555 1446 sed
589 1411 632 1445 et
660 1418 786 1445 aures
818 1404 1009 1444 esuriant
1031 1403 1211 1443 verbum
1245 1400 1390 1441 Dei.''3
1443 1402 1556 1442 Cum

92 1482 231 1523 esurie
254 1481 386 1534 igitur
406 1493 457 1520 ac
480 1479 596 1519 fame
618 1477 881 1530 excipienda
909 1482 976 1516 est
997 1489 1119 1515 sacra
1148 1474 1289 1524 lectio,
1314 1480 1358 1515 et
1380 1474 1558 1527 quidem

91 1556 184 1596 sine
212 1554 417 1602 tumultu,
441 1559 485 1594 et
514 1553 570 1593 ad
604 1552 737 1591 finem
772 1563 911 1602 usque
946 1563 1110 1589 mensae
1144 1554 1269 1589 tanta
1301 1548 1434 1588 debet
1464 1561 1559 1588 esse

93 1629 299 1670 audiendi
332 1627 527 1667 aviditas.
601 1625 771 1678 Quaerit
803 1624 936 1664 etiam
980 1622 1192 1663 Basilius:
1226 1621 1366 1674 “Quo
1398 1621 1558 1662 affectu

86 1708 138 1743 >et
174 1715 307 1754 quam
350 1706 517 1741 attente
559 1713 658 1751 quae
701 1699 812 1738 inter
854 1696 1137 1737 reficiendum
1181 1695 1307 1736 nobis
1356 1695 1560 1747 leguntur

95 1776 245 1817 audire
267 1772 586 1814 debeamus?”4
619 1772 679 1812 Et
701 1771 957 1824 respondet:
982 1770 1127 1810 “Cum
1149 1769 1315 1822 majore
1331 1769 1559 1821 voluptate

96 1863 229 1903 quam
267 1862 354 1901 qua
391 1848 561 1887 edimus
599 1851 643 1886 et
673 1845 877 1893 bibimus
905 1850 953 1884 ut
990 1843 1234 1883 declaretur
1264 1856 1398 1895 quam
1436 1855 1561 1882 mens

96 1928 244 1964 nostra
278 1935 365 1962 non
400 1926 611 1972 evagatur
645 1920 758 1959 circa
786 1917 1036 1970 voluptates
1069 1917 1272 1969 corporis,
1304 1916 1381 1956 sed
1419 1916 1560 1968 magis

94 1999 140 2038 in
161 1997 303 2038 verbis
335 1996 517 2036 Domini
544 1994 818 2047 jucundetur,
839 1992 971 2044 juxta
998 1991 1179 2031 effatum
1207 1991 1299 2043 ejus
1321 1992 1395 2043 qui
1418 1991 1558 2030 dixit:

97 2072 158 2112 Et
178 2070 374 2111 dulciora
407 2082 537 2121 super
567 2067 654 2108 mel
686 2073 729 2107 et
760 2064 968 2107 favum.’‘⁵
1032 2065 1132 2105 Hoc
1158 2066 1291 2105 animi
1315 2064 1473 2104 affectu
1504 2064 1560 2104 ad

96 2158 295 2185 mensam
329 2143 568 2183 accedebat
602 2142 763 2181 Beatus
795 2140 1053 2180 Antoninus
1090 2138 1452 2192 archiepiscopus,
1485 2139 1559 2190 qui

95 2218 215 2272 quod
247 2218 441 2271 privatus
474 2217 517 2256 in
549 2215 754 2255 coenobio
787 2214 1000 2254 didicerat
1036 2213 1177 2252 tenuit
1218 2213 1352 2252 etiam
1386 2213 1560 2260 Praesul,

96 2298 145 2334 ut
166 2283 268 2332 'sine
305 2291 493 2331 lectione
531 2302 758 2342 nunquam
796 2288 1099 2336 accumberet;
1134 2300 1268 2339 quam
1304 2293 1397 2326 tam
1434 2284 1560 2324 avide

89 2366 384 2415 auscultabat,
409 2371 456 2405 ut
480 2377 567 2404 non
590 2365 645 2404 ad
669 2362 931 2416 capiendum
955 2361 1112 2409 cibum,
1137 2360 1214 2400 sed
1240 2360 1296 2400 ad
1326 2360 1559 2399 lectionem

96 2440 362 2480 audiendam
394 2439 629 2479 accessisse
651 2434 900 2477 videretur.6
957 2436 1192 2488 Propterea
1224 2439 1375 2474 monet
1397 2433 1560 2473 Beatus

95 2513 355 2553 Vincentius
387 2518 435 2553 ut
472 2526 546 2552 cor
583 2512 707 2552 initio
738 2523 1037 2563 praeparemus
1079 2510 1135 2549 ad
1173 2508 1371 2548 lectionis
1403 2506 1561 2546 intelli-

96 2587 303 2640 gentiam,
337 2601 392 2627 ne
434 2600 558 2626 mens
595 2585 800 2625 videlicet
833 2584 889 2624 ad
932 2584 1084 2636 adipes
1126 2589 1259 2635 atque
1296 2583 1351 2622 ad
1389 2580 1561 2633 juscula

86 2659 330 2710 dilabatur,
352 2661 387 2700 si
419 2659 555 2700 semel
586 2659 769 2712 coeperit
799 2658 984 2710 evagari.

292 2806 305 2824 1
331 2807 392 2848 Ep.
414 2806 456 2837 ad
481 2806 632 2837 Marcum
656 2816 760 2837 suum.
905 2803 918 2822 ‘³
942 2805 1005 2846 Ep.
1030 2804 1076 2835 18.
1099 2804 1141 2835 ad
1166 2802 1367 2834 Marcellam.

227 2856 240 2876 ³
265 2857 347 2899 Reg.
369 2866 398 2890 2.
421 2868 447 2890 c.
472 2865 519 2897 13.
635 2856 648 2876 ⁴¹
673 2858 714 2888 In
738 2858 820 2898 Reg.
841 2857 944 2895 brev.,
965 2867 996 2897 q.
1021 2855 1090 2886 180.
1233 2853 1246 2873 ⁵
1271 2854 1354 2885 Psal.
1379 2852 1426 2884 18.

525 2907 539 2927 ⁶
563 2909 605 2939 In
620 2908 700 2940 Vita
724 2919 763 2940 ex
781 2908 934 2939 Vincent.
957 2906 1141 2937 Mainardo.
