1903 3197
276 182 298 211 2
309 169 368 226 58
596 168 676 213 De
709 169 899 214 ratione
932 169 1125 215 vivendi
1158 168 1418 215 Socz'etatz's.

266 305 442 351 paratas
464 299 767 352 eleemosynas
798 301 939 353 possis
970 315 1122 341 secura
1153 300 1419 341 conscientia
1452 299 1731 348 manducare,

269 379 312 412 et
355 386 493 425 usque
535 374 590 413 ad
642 374 882 414 secundam
931 374 1224 428 pulsationem
1267 373 1414 426 cogita
1454 373 1743 425 supradicta}-

268 436 361 477 Alii
397 438 596 491 denique,
631 453 684 479 ne
718 439 899 492 longum
937 439 1105 489 faciam,
1139 445 1186 480 ut
1222 440 1267 479 B.
1282 439 1553 488 Vincentius,
1588 439 1732 479 Hum-

271 511 430 562 bertus,
454 519 497 552 et
529 512 726 553 Thomas
753 513 808 553 de
842 513 1039 566 Kempis,
1063 520 1106 553 et
1137 513 1209 553 alii
1242 513 1486 565 quotidiani
1517 513 1744 553 examinis-

270 586 578 626 necessitatem
617 593 899 639 agnoverunt,
932 594 978 627 ut
1014 601 1070 627 ex
1108 601 1258 627 eorum
1296 587 1516 640 opusculis
1553 587 1736 640 planum

271 646 347 699 est.
412 659 576 700 Noster
605 674 707 700 vero
745 661 789 700 Β.
812 662 853 700 P.
876 661 1075 714 Ignatius
1109 662 1261 713 quanti
1298 661 1340 700 id
1374 660 1547 705 faceret,
1577 661 1646 701 vel
1678 675 1734 702 ex

272 731 357 771 hoc
388 739 535 784 potest
568 733 763 785 intelligi.

362 806 568 853 Primum,
598 807 716 858 quod
750 807 821 847 ille
851 821 961 847 unus
995 807 1091 860 lege
1125 814 1242 848 certa
1276 807 1470 855 sancivit,
1506 808 1625 860 quod
1663 808 1735 848 alii

273 880 413 919 sancti
457 885 630 919 tantum
674 880 973 920 consulebant.
1036 881 1181 920 Nemo
1224 881 1351 929 enim,
1385 881 1504 933 quod
1543 881 1736 934 legerim,

273 952 316 991 in
369 952 456 991 suis
511 952 694 1004 Regulis
739 966 790 992 ac
834 953 1234 993 Constitutionibus
1277 954 1332 993 de
1374 954 1631 1006 quotidiana
1673 956 1737 995 sui

272 1024 462 1077 pectoris
505 1025 775 1064 discussione
818 1026 1037 1078 praecepit.
1105 1026 1231 1066 Unus
1276 1026 1318 1066 P.
1349 1027 1560 1078 Ignatius,
1602 1033 1738 1068 tantae

274 1098 333 1136 rei
376 1097 635 1137 necessitate
687 1103 820 1149 atque
873 1098 1060 1139 utilitate
1111 1105 1350 1151 permotus,
1394 1100 1437 1138 in
1480 1104 1580 1139 suas
1622 1099 1742 1153 leges

272 1169 431 1217 retulit,
456 1176 502 1209 ut
526 1171 568 1209 in
593 1170 740 1210 Const.
765 1185 804 1223 p.
831 1182 865 1222 3.
890 1186 922 1211 c.
953 1183 983 1211 1.
1007 1170 1033 1225 ξ
1062 1183 1075 1210 1
1091 1183 1121 1211 Ι.
1162 1172 1377 1224 Idemque
1400 1173 1583 1212 modum
1606 1174 1738 1213 etiam

272 1256 324 1283 ac
356 1244 570 1282 rationem
598 1244 858 1296 explorandi
890 1245 954 1284 sui
987 1245 1122 1297 ipsius
1154 1245 1517 1297 perfectissimam
1545 1239 1739 1296 tradidit,

273 1317 469 1368 quinque
503 1316 586 1356 illis
624 1316 940 1369 comprehensa
978 1318 1186 1357 membris
1223 1332 1298 1358 seu
1341 1320 1527 1371 punctiS,
1562 1333 1661 1371 quse
1698 1320 1740 1360 in

275 1389 602 1429 Exercitiorum
646 1389 795 1429 libello
836 1391 1068 1440 distinxit3
1120 1398 1253 1443 atque
1294 1391 1377 1432 hoc
1420 1393 1552 1432 etiam
1597 1392 1742 1433 differt

278 1462 407 1501 Pater
458 1468 605 1502 noster
646 1463 702 1502 ab
743 1464 936 1515 antiquis
989 1464 1174 1513 Sanctis,
1216 1465 1335 1516 quod
1387 1478 1518 1505 nemo
1571 1465 1742 1506 illorum

276 1535 541 1583 absolutam,
574 1542 621 1575 ut
656 1537 696 1575 P.
720 1537 932 1588 Ignatius,
955 1536 1141 1577 formam
1174 1538 1408 1578 Examinis
1439 1539 1631 1588 tradidit,
1663 1540 1741 1579 sed

275 1608 347 1649 alii
379 1609 497 1648 aliud
534 1609 810 1659 addiderunt,
846 1615 889 1649 et
921 1609 1173 1650 docuerunt.
1236 1610 1455 1659 Secundo,
1484 1611 1551 1651 bis
1583 1612 1626 1651 in
1659 1612 1743 1660 die,

277 1696 364 1722 non
409 1683 545 1721 semel
590 1688 775 1730 tantum,
820 1684 974 1722 statuit
1016 1689 1183 1722 certum
1236 1689 1411 1736 tempus
1458 1684 1742 1724 discutiendis

277 1756 366 1795 suis
403 1755 654 1807 pectoribus
692 1756 888 1794 dandum
927 1769 1031 1803 esse,
1071 1756 1189 1808 quod
1228 1757 1283 1795 ad
1324 1758 1569 1796 revocanda
1610 1757 1742 1797 etiam

277 1828 447 1868 facilius
485 1829 527 1867 in
565 1835 758 1868 mentem
793 1834 975 1881 peccata
1010 1829 1333 1881 sapientissime
1366 1830 1616 1870 institutum
1651 1829 1746 1870 est.‘-’

280 1903 333 1942 Id
377 1908 524 1942 autem
578 1915 711 1954 quam
763 1902 985 1954 sapienter
1029 1908 1268 1955 sancteque
1309 1902 1377 1942 vel
1419 1917 1490 1942 ex—
1519 1917 1571 1943 eo
1613 1904 1744 1944 etiam

279 1981 413 2029 patet,
458 1975 575 2027 quod
620 1976 662 2014 in
707 1975 917 2015 Ecclesiae
959 1976 1161 2028 precibus
1202 1975 1482 2016 simulacrum
1521 1977 1744 2029 quoddam

280 2054 346 2088 est
386 2049 574 2101 geminae
617 2048 759 2100 hujus,
800 2054 842 2088 et
880 2049 1150 2100 quotidianae
1191 2048 1483 2089 discussionis.
1547 2049 1665 2088 Nam
1702 2050 1745 2088 in

281 2121 438 2161 Primis
490 2122 713 2162 canonicis
764 2122 967 2174 precibus
1014 2122 1217 2162 matutini
1270 2122 1479 2174 temporis
1531 2121 1746 2162 confessio

280 2201 562 2248 peccatorum
611 2196 883 2245 instituitur3
929 2202 972 2235 et
1024 2197 1066 2235 in
1107 2195 1352 2248 postremis,
1395 2208 1493 2234 cum
1535 2195 1747 2248 advespe—

281 2270 424 2318 rascit,
453 2269 495 2307 in
528 2268 829 2321 Completorio
860 2269 1014 2308 eadem
1048 2269 1263 2308 confessio
1297 2270 1516 2321 repetitur.
1575 2268 1748 2321 Quibus

282 2341 456 2382 duobus
497 2342 782 2394 temporibus,
834 2342 1000 2382 oriente
1052 2342 1254 2382 videlicet
1305 2343 1376 2382 die
1418 2348 1462 2382 et
1506 2343 1746 2391 occidente,

281 2421 495 2468 tanquam
538 2420 680 2455 ratum
724 2421 767 2455 et
809 2415 950 2455 fixum
988 2416 1080 2467 jam
1123 2415 1296 2456 videtur
1336 2415 1497 2455 habere
1540 2416 1582 2456 S.
1604 2416 1750 2456 Mater

283 2488 483 2530 Ecclesia
520 2494 721 2541 oportere
764 2502 1124 2542 unumquemque
1155 2490 1338 2530 tacitum
1371 2489 1516 2529 exacti
1548 2489 1647 2539 diei,
1679 2489 1747 2530 vel

282 2563 424 2603 noctis
465 2567 647 2615 peccata
688 2561 887 2610 recolere,
932 2575 1070 2615 eaque
1111 2576 1257 2603 coram
1302 2562 1497 2602 Domino
1539 2561 1747 2602 confiteri.

282 2636 447 2687 Tertio,
487 2642 635 2689 potest
677 2636 810 2676 etiam
854 2649 912 2675 ex
954 2650 1006 2676 eo
1047 2636 1214 2689 conjici,
1257 2637 1374 2689 quod
1423 2635 1558 2689 pluris
1606 2636 1748 2675 facere

281 2710 456 2751 videtur
488 2698 689 2762 Ignatius
720 2714 868 2750 noster
900 2709 1117 2758 Examen,
1143 2723 1276 2762 quam
1309 2709 1498 2762 reliquas
1529 2709 1748 2750 orationes

283 2796 382 2836 quae
434 2789 582 2825 mente
633 2782 885 2832 funduntur,
928 2783 1047 2836 quod
1101 2797 1157 2823 ex
1206 2797 1258 2823 eo
1303 2783 1484 2836 planum
1526 2788 1604 2834 est,
1646 2783 1748 2835 quia

538 2871 550 2891 ¹
578 2873 618 2904 In
643 2873 726 2914 Reg.
747 2873 837 2904 Nov.
858 2882 885 2905 c.
907 2878 935 2914 5.
1072 2871 1085 2891 ³
1110 2873 1145 2904 P.
1166 2881 1197 2914 4.
1218 2883 1245 2906 e.
1264 2882 1295 2913 4.
1317 2875 1331 2912 g
1357 2881 1384 2913 3.
1407 2877 1438 2904 et
1462 2882 1493 2912 4.
