1903 3197
416 120 670 188 Patientia
705 120 918 181 evemplo
955 121 1004 167 S.
1022 121 1124 184 seb
1160 121 1458 168 assumenda.
1585 136 1680 184 573

205 258 382 306 paratos
434 258 613 304 cuperet
655 252 930 305 degustare?
985 253 1058 306 qul
1112 255 1245 295 etiam
1293 261 1457 304 coacta,
1502 257 1681 307 quando

205 326 366 366 cibaria
387 325 581 374 aderant,
606 339 685 366 nee
709 326 942 379 quisquam
966 328 1233 380 prohibebat
1251 329 1264 368 ?
1281 327 1300 343 ”
1365 328 1437 368 Ex
1460 328 1527 368 his
1550 329 1682 381 igitur

205 399 490 452 intelligimus
532 405 576 439 et
617 399 780 440 famem
823 406 866 441 et
909 414 1107 441 mensam
1142 403 1180 441 ei
1225 401 1357 442 fuisse
1393 408 1678 452 tormentum,

207 487 294 514 non
327 473 606 515 levationem.

294 547 409 589 Sunt
448 548 522 600 qui
564 548 906 601 interpretantur
946 548 1115 588 saniem
1160 549 1197 588 ei
1238 548 1371 588 fuisse
1409 562 1488 601 pro
1527 563 1680 590 mensa

204 627 338 674 atque
374 621 516 670 cibis;
564 627 607 661 et
643 627 877 674 propterea
919 622 980 662 ita
1019 622 1176 675 queri:
1226 621 1493 674 “Numquid
1531 628 1680 674 potest

205 694 378 735 comedi
412 694 625 736 insulsum
658 695 778 748 quod
813 710 902 736 non
938 701 1005 736 est
1039 696 1131 736 sale
1161 694 1401 744 conditum,
1425 701 1500 735 aut
1532 702 1681 748 potest

206 768 363 821 aliquis
404 773 591 820 gustare,
635 769 754 821 quod
803 775 1030 823 gustatum
1076 770 1202 810 affert
1245 767 1500 809 mortem?''
1555 769 1680 821 quasi

155 889 164 898 ἓ
207 841 359 882 dicat:
403 841 501 893 Ego
549 842 682 883 ctiam
725 842 879 892 clamo,
924 844 1028 896 quia
1082 843 1180 884 cibo
1233 855 1371 896 egeo3
1414 842 1526 882 sieut
1577 856 1678 882 cum

206 914 335 955 rudet
365 928 530 968 onager
561 916 661 956 cibo
694 930 845 957 carens
870 931 879 967 ;
913 917 1123 969 quoniam
1156 916 1257 957 lieet
1286 921 1537 969 apponatur
1560 915 1680 966 mihi,

207 995 358 1029 tamen
387 989 609 1041 jucundus
641 1004 729 1030 non
762 996 839 1039 est,
870 991 960 1031 imo
994 990 1255 1040 mortiferus,
1290 990 1452 1043 quique
1491 996 1680 1030 mortem

207 1063 404 1116 gustanti
448 1064 611 1105 afferat.
676 1065 735 1105 Et
767 1079 900 1106 mox:
935 1064 1084 1118 “Quae
1123 1065 1241 1118 prius
1284 1063 1463 1104 nolebat
1498 1070 1681 1117 tangere

208 1137 357 1177 anima
401 1151 510 1186 mea,
554 1151 670 1178 nunc
711 1153 800 1191 prce
844 1140 1048 1192 angustia
1091 1138 1175 1179 cibi
1218 1139 1303 1178 mei
1347 1137 1510 1178 sunt:’'
1554 1137 1680 1190 quasi

210 1211 340 1256 dicat,
364 1225 451 1251 non
475 1211 616 1251 solum
643 1218 774 1265 gusto
798 1226 887 1252 rem
912 1212 1121 1253 insulsam
1145 1219 1278 1264 atque
1302 1210 1583 1260 mortiferam,
1603 1212 1680 1251 sed

209 1284 343 1324 etiam
367 1285 572 1337 angustia
594 1285 859 1338 compulsus,
884 1286 1004 1327 nullo
1031 1287 1073 1326 in
1097 1292 1221 1326 tanta
1248 1286 1451 1338 angustia
1473 1285 1571 1324 cibo
1595 1285 1680 1325 alio

208 1372 362 1398 vescor
387 1364 547 1411 p1·aete1·
572 1373 684 1408 eum,
704 1374 835 1412 quem
859 1367 989 1400 antea
1005 1360 1073 1400 vel
1097 1361 1190 1413 ipse
1212 1364 1440 1399 contactus
1463 1358 1680 1398 horrebat.

210 1431 390 1473 Saniem
415 1438 564 1472 autem
587 1434 734 1473 cibum
757 1448 884 1473 suum
903 1448 1058 1474 vocare
1082 1435 1340 1485 interpretes
1359 1432 1539 1484 quidam
1564 1432 1681 1471 exis-

209 1507 381 1554 timant,
410 1519 544 1558 quam
568 1520 621 1546 ne
644 1519 776 1546 manu
800 1507 978 1559 quidem
1012 1507 1226 1547 audemus
1259 1519 1348 1558 prae
1380 1497 1557 1544 horrore
1579 1519 1681 1545 con-

210 1579 407 1632 tingere:
439 1593 490 1619 ac
520 1585 752 1633 propterea
770 1580 868 1632 jure
898 1580 1004 1620 illud
1027 1581 1084 1621 ab
1113 1594 1165 1620 eo
1188 1579 1272 1620 diei
1296 1585 1479 1632 poterat,
1503 1582 1522 1597 ‘⁴
1539 1577 1681 1618 Ante-

213 1666 347 1705 quam
371 1653 601 1694 comedam
625 1654 830 1707 suspiro,’'
854 1668 888 1694 c.
915 1665 961 1705 3.,
986 1655 1081 1707 ipsa
1104 1654 1219 1694 enim
1243 1653 1452 1705 cogitatio
1480 1652 1681 1705 capiendi

212 1726 296 1766 cibi
339 1726 606 1779 permolesta
648 1726 707 1766 illi
745 1733 837 1767 erat
873 1734 917 1768 et
953 1728 1091 1767 crucis
1134 1729 1279 1767 instar.
1366 1726 1513 1778 Hujus
1550 1726 1682 1778 igitur

213 1801 384 1853 generis
427 1806 470 1840 et
512 1800 651 1840 fames
693 1807 737 1840 et
779 1814 931 1841 mensa
978 1802 1070 1842 viro
1117 1807 1268 1841 sancto
1320 1800 1546 1852 proposita
1588 1800 1680 1851 fuit,

215 1887 315 1914 cum
343 1874 418 1914 tali
449 1874 706 1915 versabatur
732 1875 775 1914 in
806 1875 970 1915 morbo.

302 1948 530 1988 Ministros
567 1961 670 1988 vero
705 1948 856 2000 quales
891 1948 1022 1989 fuisse
1058 1955 1266 2002 putamus
1298 1948 1388 1988 sive
1421 1947 1477 1987 ad
1515 1947 1680 2000 epulas,

214 2022 305 2061 sive
327 2021 382 2061 ad
407 2022 502 2070 alia,
523 2035 621 2074 quae
645 2023 888 2062 necessaria
910 2028 1011 2062 sunt
1033 2023 1171 2075 aegris,
1192 2021 1455 2075 porrigenda
1478 2021 1680 2073 paratos?

214 2100 330 2136 certe
365 2095 536 2144 nullos;
569 2095 653 2134 hoe
675 2096 791 2135 enim
824 2095 917 2148 ipse
946 2095 1157 2148 deplorat,
1192 2109 1284 2148 cap.
1316 2106 1390 2146 19:
1432 2094 1680 2146 “Inquilini

214 2168 372 2208 domus
405 2182 516 2208 meae
549 2174 592 2208 et
624 2168 795 2208 ancillae
819 2182 929 2208 meae
959 2170 1071 2209 sicut
1100 2169 1290 2209 alienum
1314 2168 1561 2208 habuerunt
1584 2181 1682 2208 me:

214 2248 257 2281 et
292 2242 416 2294 quasi
450 2242 704 2294 peregrinus
739 2242 799 2282 fui
835 2243 878 2281 in
912 2243 1050 2282 oculis
1084 2257 1245 2283 eorum.
1312 2243 1498 2283 Servum
1534 2255 1683 2281 meum

214 2315 366 2355 vocavi
406 2321 449 2355 et
487 2329 573 2355 non
613 2316 862 2368 respondit:
908 2330 983 2356 ore
1019 2317 1195 2369 proprio
1232 2316 1500 2369 deprecabar
1533 2315 1684 2365 illum;

214 2387 400 2428 halitum
426 2401 573 2428 meum
602 2388 828 2429 exhorruit
852 2403 965 2429 uxor
988 2389 1120 2430 mea.’'
1184 2390 1349 2442 Quales
1382 2389 1514 2440 igitur
1545 2401 1683 2440 aegro-

216 2466 385 2500 tantem
427 2461 632 2502 habuisse
679 2463 900 2503 ministros
943 2463 1171 2513 credimus,
1215 2464 1288 2515 qui
1342 2477 1396 2503 ne
1448 2462 1682 2515 conjugem

218 2534 397 2585 quidem
435 2548 559 2574 suam
598 2535 759 2575 habere
796 2537 941 2588 potuit
978 2537 1190 2577 serentem
1229 2537 1305 2576 se?
1369 2536 1607 2589 Quomodo
1645 2535 1683 2574 ei

219 2607 496 2647 ministrabat
519 2622 634 2648 uxor
662 2608 766 2660 ejus,
790 2623 889 2661 quae
913 2610 1006 2662 ejus
1028 2610 1212 2650 halitum
1238 2609 1539 2649 exhorrebat?
1579 2608 1686 2660 Jure

218 2680 350 2732 igitur
372 2686 414 2719 et
443 2680 549 2720 illud
580 2681 697 2721 dicat
718 2696 725 2722 :
760 2683 913 2723 “Ecce
942 2685 1143 2724 clamabo
1165 2685 1254 2724 vim
1281 2683 1464 2736 patiens,
1488 2688 1532 2722 et
1554 2695 1685 2722 nemo

217 2753 392 2792 audiet:
425 2753 705 2804 vociferabor,
729 2761 773 2795 et
799 2769 886 2796 non
919 2764 985 2797 est
1012 2759 1086 2810 qui
1116 2756 1320 2809 judicet.''
1383 2756 1686 2796 Acerbissima

218 2826 382 2877 quippe
425 2832 516 2866 erat
558 2827 618 2866 illi
659 2829 760 2877 vita,
797 2843 930 2882 quam
973 2830 1093 2870 nulla
1135 2836 1211 2870 aut
1262 2830 1504 2883 perexigua
1545 2830 1686 2870 vietus

218 2901 526 2952 opportunitas
560 2902 846 2944 sustentabat.
