1903 3197
413 140 648 186 Studium
683 142 914 186 servandi
950 142 1334 189 Constz'lutz‘ones.
1547 161 1569 189 2
1580 160 1604 204 3

140 271 529 324 Quemadmodum
583 271 734 311 scribit
788 272 1034 313 Umbertus
1087 275 1265 314 solitum
1320 288 1413 314 esse
1464 275 1606 316 facere

138 347 320 387 idiotam
363 346 602 399 quemdam
656 347 935 393 monachum,
970 346 1044 399 qui
1088 348 1260 398 regulas
1305 349 1604 390 §.Benedicti

139 435 311 474 semper
346 420 539 461 habebat
576 421 619 460 in
658 421 860 460 manibus
900 420 1163 472 assidueque
1199 420 1452 462 lectitabat:
1485 437 1605 463 cum-

139 509 223 548 que
257 495 299 534 in
333 494 628 534 obscuriorem
668 494 812 533 locum
854 494 1077 542 incideret,
1108 494 1265 534 doctos
1303 501 1347 534 et
1383 497 1604 547 sapientes

139 568 405 617 consulebat,
429 573 476 606 ut
499 581 647 607 earnm
678 581 854 607 sensum
888 580 1065 607 omnem
1098 573 1233 619 atque
1268 567 1603 620 intelligentiam

138 647 448 694 assequeretur.
497 640 573 680 Ad
598 642 896 681 renovandam
921 641 1052 680 etiam
1077 641 1335 680 memoriam
1360 643 1605 682 necessaria

137 721 202 755 est
236 715 438 767 frequens
481 714 639 754 lectio:
691 715 891 767 quamvis
935 714 1051 753 enim
1093 714 1408 754 servandarum
1456 714 1601 767 legum

135 789 338 829 voluntas
376 795 610 841 suppetat;
644 795 805 837 tamen,
841 802 938 840 quae
977 787 1172 828 humana
1210 788 1488 828 imbecillitas
1525 795 1602 837 est,

136 877 284 903 carum
321 877 437 915 saepe
472 863 645 915 obrepit
679 862 852 910 oblivio,
888 868 930 902 et
966 875 1023 900 ex
1056 862 1107 900 iis
1142 875 1260 914 saepe
1295 862 1487 914 aliquam
1523 876 1603 902 nos

134 936 505 989 deprehendimus
527 936 596 976 vel
629 937 789 976 invitos
820 935 1108 987 nolentesque
1141 935 1274 974 fuisse
1298 941 1602 988 transgressos.

138 1010 307 1051 Idcirco
350 1011 601 1050 renovanda
643 1017 709 1050 est
761 1011 994 1049 menstruis
1047 1010 1204 1049 saltem
1248 1011 1401 1062 spatiis
1453 1024 1601 1050 earum

136 1083 321 1124 lectione
353 1084 591 1123 memoria:
625 1089 678 1132 et,
713 1084 747 1123 si
781 1083 872 1123 fieri
904 1088 1062 1135 potest,
1097 1084 1229 1123 etiam
1264 1083 1482 1133 crebrius;
1515 1098 1602 1137 quo

135 1158 251 1196 enim
287 1158 476 1197 crebrius
510 1156 715 1208 leguntur
749 1163 792 1196 et
827 1156 1087 1202 recoluntur,
1121 1171 1172 1196 eo
1205 1157 1373 1196 facilius
1409 1158 1463 1197 ad
1498 1158 1602 1197 acti--

135 1245 263 1271 onem
287 1237 554 1270 revocantur.
620 1229 722 1282 Quo
745 1231 923 1282 quidem
958 1231 1001 1269 in
1034 1231 1180 1270 studio
1203 1231 1356 1271 sedulo
1378 1238 1599 1271 versatum

131 1305 379 1356 accepimus
412 1303 632 1343 Thomam
666 1303 952 1356 Aquinatem,
987 1304 1115 1342 simul
1149 1318 1198 1343 ac
1237 1306 1279 1343 in
1317 1305 1597 1357 disciplinam

133 1378 427 1418 B.D01ninici
464 1391 558 1418 sese
590 1378 743 1417 dedit:
782 1378 917 1430 coepit
950 1378 1066 1417 enim
1102 1378 1167 1416 sui
1202 1378 1366 1417 ordinis
1401 1379 1601 1419 instituta

133 1452 391 1505 regulasque
443 1451 617 1492 assidue
669 1452 866 1492 lectitare
932 1465 983 1492 ac
1051 1451 1264 1499 meditari,
1318 1458 1365 1491 ut
1420 1452 1602 1504 singulis

133 1526 367 1566 momentis
404 1525 524 1565 nullo
558 1526 737 1578 negotio
775 1539 848 1565 eas
885 1526 941 1565 ad
985 1539 1112 1565 usum
1150 1525 1603 1578 exercitationemque

130 1600 393 1640 transferret.
458 1600 517 1640 Et
550 1600 728 1653 quidem
768 1600 814 1639 B.
831 1600 1111 1652 Augustinus
1149 1600 1263 1639 inter
1297 1613 1396 1638 suas
1431 1599 1602 1652 regulas

131 1673 243 1714 hanc
284 1675 417 1714 etiam
461 1676 626 1723 statuit,
666 1681 714 1715 ut
757 1688 820 1714 eae
862 1674 998 1714 semel
1052 1675 1095 1713 in
1138 1673 1420 1713 hebdomada
1463 1673 1602 1726 perle-

131 1747 337 1799 gantur31
370 1755 418 1788 ut
461 1750 504 1788 in
547 1749 599 1788 iis
640 1762 687 1788 se
724 1750 911 1801 quisque
947 1748 1067 1788 velut
1109 1748 1152 1787 in
1191 1749 1384 1800 quodam
1423 1747 1601 1800 speculo

131 1822 375 1874 inspiceret,
420 1835 499 1861 nec
541 1822 706 1874 aliquid
750 1836 827 1874 per
868 1822 1135 1862 oblivionem
1179 1822 1432 1874 negligeret.
1504 1822 1600 1860 Imo

133 1895 255 1935 Deus
289 1895 381 1948 ipse
414 1895 518 1934 olim
538 1895 723 1947 jubebat
752 1893 1183 1942 Deuteronomiu1n,2
1205 1908 1304 1946 quae
1338 1908 1450 1934 nova
1483 1908 1601 1946 quae-

130 1970 232 2009 dam
276 1970 349 2009 lex
392 1976 495 2018 erat,
538 1969 742 2009 omnibus
769 1959 940 2009 'diebus
982 1983 1007 2009 a
1049 1982 1150 2021 rege
1192 1968 1290 2021 legi,
1326 1974 1373 2008 ut
1416 1968 1598 2007 Domini

128 2043 333 2083 timorem
366 2043 641 2095 perdisceret,
670 2049 712 2083 et
745 2057 843 2095 quae
879 2044 921 2082 in
955 2056 1005 2082 ea
1040 2043 1202 2094 scripta
1240 2048 1398 2090 essent,
1432 2042 1601 2082 solicite

129 2117 380 2156 custodiret.
441 2119 463 2136 “
479 2115 756 2168 Postquam‚''
782 2117 935 2168 inquit,
955 2119 977 2135 ‘'‘
992 2116 1154 2155 sederit
1176 2129 1255 2155 rex
1278 2116 1319 2154 in
1344 2116 1455 2155 solio
1477 2116 1599 2168 regni

130 2190 205 2239 sui,
228 2190 447 2230 describet
470 2190 552 2229 sibi
577 2190 974 2230 Deuteronomium
1006 2189 1115 2242 legis
1145 2189 1274 2241 hujus
1297 2190 1340 2228 in
1362 2189 1596 2238 volumine,

130 2264 347 2316 accipiens
392 2263 622 2316 exemplar
668 2278 693 2304 a
740 2263 1041 2304 sacerdotibus
1089 2264 1275 2303 leviticae
1323 2264 1490 2312 tribus;
1555 2269 1598 2303 et

128 2338 310 2378 habebit
343 2352 503 2387 secum,
539 2338 743 2390 legetque
778 2338 885 2377 illud
923 2337 1128 2377 omnibus
1166 2338 1320 2377 diebus
1353 2338 1454 2377 vitae
1492 2351 1595 2381 suae.

130 2418 176 2451 ut
199 2412 340 2452 discat
362 2412 518 2451 timere
542 2412 785 2451 Dominum
814 2411 959 2451 Deum
991 2425 1131 2459 suum,
1156 2417 1199 2450 et
1221 2411 1442 2451 custodire
1463 2411 1598 2451 verba

128 2491 171 2525 et
194 2485 477 2526 caeremonias
499 2485 603 2536 ejus,
628 2498 728 2536 quae
758 2486 801 2524 in
835 2485 931 2537 lege
954 2491 1177 2537 praecepta
1201 2483 1338 2524 sunt.''
1389 2484 1596 2524 Pharisaei

131 2572 306 2611 quoque
347 2573 398 2599 ac
441 2558 618 2606 Scribae,
662 2565 710 2598 ut
759 2560 820 2598 ait
865 2559 1166 2611 Hieronymus
1219 2559 1261 2597 in
1316 2557 1595 2605 Matthaeum,

132 2631 381 2672 scribebant
408 2633 450 2671 in
481 2632 747 2672 membranis
775 2632 1036 2684 decalogum
1072 2632 1231 2683 Moysi,
1256 2631 1421 2671 scilicet
1444 2631 1595 2670 decem

130 2705 262 2745 verba
292 2705 412 2759 legis,
435 2706 751 2759 complicantes
781 2721 832 2746 ea
863 2713 905 2746 et
935 2706 1122 2758 ligantes
1155 2706 1197 2744 in
1231 2705 1383 2753 fronte,
1408 2712 1451 2744 et
1473 2705 1597 2756 quasi

130 2792 335 2819 coronam
373 2781 506 2833 capiti
549 2780 770 2830 facientes,
814 2787 861 2820 ut
904 2794 1078 2833 semper
1120 2785 1221 2819 ante
1259 2779 1407 2819 oculos
1450 2791 1598 2818 move—

543 2867 555 2887 ¹
580 2878 599 2900 2
625 2870 707 2910 Reg.
728 2880 754 2901 c.
774 2878 825 2909 49.
972 2868 984 2886 2
1009 2870 1109 2900 Dent.
1133 2876 1183 2907 17
