<?xml version="1.0" encoding="UTF-8"?>
<!DOCTYPE html PUBLIC "-//W3C//DTD XHTML 1.0 Transitional//EN"
    "http://www.w3.org/TR/xhtml1/DTD/xhtml1-transitional.dtd">
<html xmlns="http://www.w3.org/1999/xhtml" xml:lang="en" lang="en">
 <head>
  <title>
</title>
<meta http-equiv="Content-Type" content="text/html;charset=utf-8" />
  <meta name='ocr-system' content='tesseract 3.04.00' />
  <meta name='ocr-capabilities' content='ocr_page ocr_carea ocr_par ocr_line ocrx_word'/>
</head>
<body>
  <div class='ocr_page' id='page_1' title='image "./nicolaiorlandini00orla/nicolaiorlandini00orla_0566.png"; bbox 0 0 1903 3197; ppageno 0'>
   <div class='ocr_carea' id='block_1_1' title="bbox 285 162 1432 222">
    <p class='ocr_par' dir='ltr' id='par_1_1' title="bbox 285 162 1432 222">
     <span class='ocr_line' id='line_1_1' title="bbox 285 162 1432 222; baseline 0.001 -16"><span class='ocrx_word' id='word_1_1' title='bbox 285 164 379 222; x_wconf 79' lang='lat'>546</span> <span class='ocrx_word' id='word_1_2' title='bbox 611 162 691 207; x_wconf 82' lang='lat' dir='ltr'>De</span> <span class='ocrx_word' id='word_1_3' title='bbox 723 162 913 208; x_wconf 69' lang='lat' dir='ltr'>ratione</span> <span class='ocrx_word' id='word_1_4' title='bbox 946 162 1140 208; x_wconf 74' lang='lat' dir='ltr'>vivendi</span> <span class='ocrx_word' id='word_1_5' title='bbox 1173 163 1432 209; x_wconf 75' lang='lat' dir='ltr'>Socz&#39;elatz&#39;s.</span> 
     </span>
    </p>
   </div>
   <div class='ocr_carea' id='block_1_2' title="bbox 279 294 1760 2857">
    <p class='ocr_par' dir='ltr' id='par_1_2' title="bbox 279 294 1758 2256">
     <span class='ocr_line' id='line_1_2' title="bbox 285 294 1755 348; baseline 0.001 -13"><span class='ocrx_word' id='word_1_6' title='bbox 285 296 562 348; x_wconf 77' lang='lat' dir='ltr'>importune3</span> <span class='ocrx_word' id='word_1_7' title='bbox 596 300 639 334; x_wconf 87' lang='lat' dir='ltr'>et</span> <span class='ocrx_word' id='word_1_8' title='bbox 661 300 708 334; x_wconf 90' lang='lat' dir='ltr'>ut</span> <span class='ocrx_word' id='word_1_9' title='bbox 730 295 840 334; x_wconf 88' lang='lat' dir='ltr'>servi</span> <span class='ocrx_word' id='word_1_10' title='bbox 863 308 889 334; x_wconf 85' lang='lat' dir='ltr'>a</span> <span class='ocrx_word' id='word_1_11' title='bbox 912 294 1112 343; x_wconf 88' lang='lat' dir='ltr'>dominis,</span> <span class='ocrx_word' id='word_1_12' title='bbox 1139 295 1200 335; x_wconf 89' lang='lat' dir='ltr'>sic</span> <span class='ocrx_word' id='word_1_13' title='bbox 1228 296 1311 348; x_wconf 88' lang='lat' dir='ltr'>ipsi</span> <span class='ocrx_word' id='word_1_14' title='bbox 1336 308 1361 334; x_wconf 84' lang='lat' dir='ltr'>a</span> <span class='ocrx_word' id='word_1_15' title='bbox 1386 294 1591 334; x_wconf 80' lang='lat' dir='ltr'>fratribus</span> <span class='ocrx_word' id='word_1_16' title='bbox 1614 295 1755 336; x_wconf 83' lang='lat' dir='ltr'>officia</span> 
     </span>
     <span class='ocr_line' id='line_1_3' title="bbox 285 367 1755 428; baseline 0 -19"><span class='ocrx_word' id='word_1_17' title='bbox 285 369 538 422; x_wconf 89' lang='lat' dir='ltr'>suscipiunt.</span> <span class='ocrx_word' id='word_1_18' title='bbox 603 367 737 428; x_wconf 63' lang='lat' dir='ltr'>Quod</span> <span class='ocrx_word' id='word_1_19' title='bbox 760 367 1010 408; x_wconf 84' lang='lat' dir='ltr'>faciendum</span> <span class='ocrx_word' id='word_1_20' title='bbox 1035 368 1222 409; x_wconf 72' lang='lat' dir='ltr'>Basilius</span> <span class='ocrx_word' id='word_1_21' title='bbox 1246 369 1446 421; x_wconf 63' lang='lat' dir='ltr'>praecipit</span> <span class='ocrx_word' id='word_1_22' title='bbox 1468 369 1510 408; x_wconf 90' lang='lat' dir='ltr'>in</span> <span class='ocrx_word' id='word_1_23' title='bbox 1535 369 1755 409; x_wconf 83' lang='lat' dir='ltr'>Institutis</span> 
     </span>
     <span class='ocr_line' id='line_1_4' title="bbox 286 440 1755 495; baseline 0 -12"><span class='ocrx_word' id='word_1_24' title='bbox 286 440 631 491; x_wconf 78' lang='lat' dir='ltr'>monachorum,1</span> <span class='ocrx_word' id='word_1_25' title='bbox 655 442 727 482; x_wconf 87' lang='lat' dir='ltr'>ubi</span> <span class='ocrx_word' id='word_1_26' title='bbox 751 442 1093 495; x_wconf 74' lang='lat' dir='ltr'>interrogantem</span> <span class='ocrx_word' id='word_1_27' title='bbox 1125 443 1301 491; x_wconf 80' lang='lat' dir='ltr'>inducit,</span> <span class='ocrx_word' id='word_1_28' title='bbox 1327 442 1450 494; x_wconf 88' lang='lat' dir='ltr'>quali</span> <span class='ocrx_word' id='word_1_29' title='bbox 1473 443 1653 482; x_wconf 84' lang='lat' dir='ltr'>tandem</span> <span class='ocrx_word' id='word_1_30' title='bbox 1676 443 1755 483; x_wconf 87' lang='lat' dir='ltr'>hu-</span> 
     </span>
     <span class='ocr_line' id='line_1_5' title="bbox 286 516 1753 569; baseline -0.001 -13"><span class='ocrx_word' id='word_1_31' title='bbox 286 516 471 557; x_wconf 89' lang='lat' dir='ltr'>militate</span> <span class='ocrx_word' id='word_1_32' title='bbox 507 516 639 556; x_wconf 89' lang='lat' dir='ltr'>debet</span> <span class='ocrx_word' id='word_1_33' title='bbox 671 516 889 569; x_wconf 78' lang='lat' dir='ltr'>quispiam</span> <span class='ocrx_word' id='word_1_34' title='bbox 923 516 966 555; x_wconf 91' lang='lat' dir='ltr'>in</span> <span class='ocrx_word' id='word_1_35' title='bbox 1000 517 1153 556; x_wconf 88' lang='lat' dir='ltr'>morbo</span> <span class='ocrx_word' id='word_1_36' title='bbox 1187 531 1212 556; x_wconf 90' lang='lat' dir='ltr'>a</span> <span class='ocrx_word' id='word_1_37' title='bbox 1245 516 1454 556; x_wconf 86' lang='lat' dir='ltr'>fratribus</span> <span class='ocrx_word' id='word_1_38' title='bbox 1491 517 1753 569; x_wconf 78' lang='lat' dir='ltr'>obsequium</span> 
     </span>
     <span class='ocr_line' id='line_1_6' title="bbox 284 590 1755 643; baseline -0.001 -13"><span class='ocrx_word' id='word_1_39' title='bbox 284 590 530 643; x_wconf 81' lang='lat' dir='ltr'>suscipere3</span> <span class='ocrx_word' id='word_1_40' title='bbox 584 591 645 630; x_wconf 90' lang='lat' dir='ltr'>ita</span> <span class='ocrx_word' id='word_1_41' title='bbox 686 591 949 642; x_wconf 77' lang='lat' dir='ltr'>respondet:</span> <span class='ocrx_word' id='word_1_42' title='bbox 1013 590 1177 631; x_wconf 79' lang='lat' dir='ltr'>“Sicut</span> <span class='ocrx_word' id='word_1_43' title='bbox 1220 604 1368 630; x_wconf 84' lang='lat' dir='ltr'>servus</span> <span class='ocrx_word' id='word_1_44' title='bbox 1410 604 1435 629; x_wconf 89' lang='lat' dir='ltr'>a</span> <span class='ocrx_word' id='word_1_45' title='bbox 1477 590 1669 639; x_wconf 85' lang='lat' dir='ltr'>domino,</span> <span class='ocrx_word' id='word_1_46' title='bbox 1712 596 1755 630; x_wconf 87' lang='lat' dir='ltr'>et</span> 
     </span>
     <span class='ocr_line' id='line_1_7' title="bbox 285 663 1755 716; baseline -0.001 -12"><span class='ocrx_word' id='word_1_47' title='bbox 285 666 396 705; x_wconf 90' lang='lat' dir='ltr'>sicut</span> <span class='ocrx_word' id='word_1_48' title='bbox 430 664 624 704; x_wconf 78' lang='lat' dir='ltr'>ostendit</span> <span class='ocrx_word' id='word_1_49' title='bbox 660 664 812 703; x_wconf 88' lang='lat' dir='ltr'>Petrus</span> <span class='ocrx_word' id='word_1_50' title='bbox 847 663 1105 716; x_wconf 78' lang='lat' dir='ltr'>Apostolus,</span> <span class='ocrx_word' id='word_1_51' title='bbox 1142 678 1241 703; x_wconf 90' lang='lat' dir='ltr'>cum</span> <span class='ocrx_word' id='word_1_52' title='bbox 1279 664 1315 704; x_wconf 85' lang='lat' dir='ltr'>ei</span> <span class='ocrx_word' id='word_1_53' title='bbox 1353 664 1571 703; x_wconf 84' lang='lat' dir='ltr'>Dominus</span> <span class='ocrx_word' id='word_1_54' title='bbox 1606 665 1755 704; x_wconf 88' lang='lat' dir='ltr'>minis-</span> 
     </span>
     <span class='ocr_line' id='line_1_8' title="bbox 283 738 1756 791; baseline -0.002 -11"><span class='ocrx_word' id='word_1_55' title='bbox 283 738 452 780; x_wconf 86' lang='lat' dir='ltr'>traret.’&#39;</span> <span class='ocrx_word' id='word_1_56' title='bbox 517 739 647 780; x_wconf 84' lang='lat' dir='ltr'>Certe</span> <span class='ocrx_word' id='word_1_57' title='bbox 682 738 737 778; x_wconf 88' lang='lat' dir='ltr'>de</span> <span class='ocrx_word' id='word_1_58' title='bbox 772 738 1012 778; x_wconf 84' lang='lat' dir='ltr'>B.Thoma</span> <span class='ocrx_word' id='word_1_59' title='bbox 1046 738 1276 790; x_wconf 79' lang='lat' dir='ltr'>Aquinate</span> <span class='ocrx_word' id='word_1_60' title='bbox 1312 738 1353 778; x_wconf 90' lang='lat' dir='ltr'>id</span> <span class='ocrx_word' id='word_1_61' title='bbox 1390 739 1614 778; x_wconf 66' lang='lat' dir='ltr'>memoriae</span> <span class='ocrx_word' id='word_1_62' title='bbox 1657 752 1756 791; x_wconf 89' lang='lat' dir='ltr'>pro-</span> 
     </span>
     <span class='ocr_line' id='line_1_9' title="bbox 283 811 1753 865; baseline -0.001 -11"><span class='ocrx_word' id='word_1_63' title='bbox 283 815 425 854; x_wconf 88' lang='lat' dir='ltr'>ditum</span> <span class='ocrx_word' id='word_1_64' title='bbox 464 819 541 862; x_wconf 89' lang='lat' dir='ltr'>est,</span> <span class='ocrx_word' id='word_1_65' title='bbox 579 826 680 852; x_wconf 89' lang='lat' dir='ltr'>cum</span> <span class='ocrx_word' id='word_1_66' title='bbox 717 812 835 864; x_wconf 90' lang='lat' dir='ltr'>apud</span> <span class='ocrx_word' id='word_1_67' title='bbox 876 811 1186 851; x_wconf 86' lang='lat' dir='ltr'>Cistercienses</span> <span class='ocrx_word' id='word_1_68' title='bbox 1226 814 1268 851; x_wconf 85' lang='lat' dir='ltr'>in</span> <span class='ocrx_word' id='word_1_69' title='bbox 1313 813 1519 852; x_wconf 84' lang='lat' dir='ltr'>morbum</span> <span class='ocrx_word' id='word_1_70' title='bbox 1562 827 1753 865; x_wconf 78' lang='lat' dir='ltr'>gravem,</span> 
     </span>
     <span class='ocr_line' id='line_1_10' title="bbox 283 885 1755 942; baseline -0.003 -12"><span class='ocrx_word' id='word_1_71' title='bbox 283 904 340 930; x_wconf 84' lang='lat' dir='ltr'>ex</span> <span class='ocrx_word' id='word_1_72' title='bbox 371 903 457 942; x_wconf 90' lang='lat' dir='ltr'>quo</span> <span class='ocrx_word' id='word_1_73' title='bbox 493 887 697 927; x_wconf 86' lang='lat' dir='ltr'>nimirum</span> <span class='ocrx_word' id='word_1_74' title='bbox 732 886 852 934; x_wconf 88' lang='lat' dir='ltr'>obiit,</span> <span class='ocrx_word' id='word_1_75' title='bbox 886 885 1109 925; x_wconf 87' lang='lat' dir='ltr'>incidisset</span> <span class='ocrx_word' id='word_1_76' title='bbox 1145 887 1215 937; x_wconf 85' lang='lat' dir='ltr'>(ad</span> <span class='ocrx_word' id='word_1_77' title='bbox 1254 900 1328 926; x_wconf 87' lang='lat' dir='ltr'>eos</span> <span class='ocrx_word' id='word_1_78' title='bbox 1365 887 1481 926; x_wconf 89' lang='lat' dir='ltr'>enim</span> <span class='ocrx_word' id='word_1_79' title='bbox 1514 893 1608 926; x_wconf 88' lang='lat' dir='ltr'>tum</span> <span class='ocrx_word' id='word_1_80' title='bbox 1644 887 1755 926; x_wconf 87' lang='lat' dir='ltr'>forte</span> 
     </span>
     <span class='ocr_line' id='line_1_11' title="bbox 283 958 1756 1011; baseline -0.003 -8"><span class='ocrx_word' id='word_1_81' title='bbox 283 964 530 1008; x_wconf 77' lang='lat' dir='ltr'>diverterat,</span> <span class='ocrx_word' id='word_1_82' title='bbox 559 973 659 1000; x_wconf 89' lang='lat' dir='ltr'>cum</span> <span class='ocrx_word' id='word_1_83' title='bbox 692 960 748 999; x_wconf 89' lang='lat' dir='ltr'>ad</span> <span class='ocrx_word' id='word_1_84' title='bbox 783 958 1029 999; x_wconf 83' lang='lat' dir='ltr'>Concilium</span> <span class='ocrx_word' id='word_1_85' title='bbox 1063 958 1363 1011; x_wconf 81' lang='lat' dir='ltr'>Lugdunense</span> <span class='ocrx_word' id='word_1_86' title='bbox 1398 960 1570 1000; x_wconf 83' lang='lat' dir='ltr'>Summi</span> <span class='ocrx_word' id='word_1_87' title='bbox 1608 960 1756 1000; x_wconf 87' lang='lat' dir='ltr'>Ponti-</span> 
     </span>
     <span class='ocr_line' id='line_1_12' title="bbox 282 1033 1756 1087; baseline -0.002 -11"><span class='ocrx_word' id='word_1_88' title='bbox 282 1036 375 1076; x_wconf 88' lang='lat' dir='ltr'>ficis</span> <span class='ocrx_word' id='word_1_89' title='bbox 400 1035 524 1087; x_wconf 89' lang='lat' dir='ltr'>jussu</span> <span class='ocrx_word' id='word_1_90' title='bbox 555 1034 636 1074; x_wconf 88' lang='lat' dir='ltr'>iter</span> <span class='ocrx_word' id='word_1_91' title='bbox 666 1033 864 1084; x_wconf 87' lang='lat' dir='ltr'>haberet)</span> <span class='ocrx_word' id='word_1_92' title='bbox 889 1046 1039 1072; x_wconf 89' lang='lat' dir='ltr'>eorum</span> <span class='ocrx_word' id='word_1_93' title='bbox 1063 1038 1263 1085; x_wconf 85' lang='lat' dir='ltr'>spectata</span> <span class='ocrx_word' id='word_1_94' title='bbox 1294 1033 1530 1073; x_wconf 78' lang='lat' dir='ltr'>sedulitate</span> <span class='ocrx_word' id='word_1_95' title='bbox 1552 1034 1756 1086; x_wconf 87' lang='lat' dir='ltr'>obsequi-</span> 
     </span>
     <span class='ocr_line' id='line_1_13' title="bbox 282 1106 1755 1162; baseline -0.002 -12"><span class='ocrx_word' id='word_1_96' title='bbox 282 1111 406 1162; x_wconf 87' lang='lat' dir='ltr'>isque</span> <span class='ocrx_word' id='word_1_97' title='bbox 440 1122 543 1161; x_wconf 79' lang='lat' dir='ltr'>erga</span> <span class='ocrx_word' id='word_1_98' title='bbox 575 1121 702 1147; x_wconf 88' lang='lat' dir='ltr'>suum</span> <span class='ocrx_word' id='word_1_99' title='bbox 732 1121 901 1160; x_wconf 85' lang='lat' dir='ltr'>corpus,</span> <span class='ocrx_word' id='word_1_100' title='bbox 940 1120 1102 1160; x_wconf 80' lang='lat' dir='ltr'>magna</span> <span class='ocrx_word' id='word_1_101' title='bbox 1138 1106 1400 1147; x_wconf 83' lang='lat' dir='ltr'>humilitatis</span> <span class='ocrx_word' id='word_1_102' title='bbox 1436 1107 1755 1159; x_wconf 79' lang='lat' dir='ltr'>significatione</span> 
     </span>
     <span class='ocr_line' id='line_1_14' title="bbox 282 1181 1755 1234; baseline -0.002 -11"><span class='ocrx_word' id='word_1_103' title='bbox 282 1184 474 1223; x_wconf 77' lang='lat' dir='ltr'>dixisse:</span> <span class='ocrx_word' id='word_1_104' title='bbox 509 1182 711 1234; x_wconf 79' lang='lat' dir='ltr'>“Ecquis</span> <span class='ocrx_word' id='word_1_105' title='bbox 741 1195 824 1233; x_wconf 79' lang='lat' dir='ltr'>ego</span> <span class='ocrx_word' id='word_1_106' title='bbox 853 1194 961 1229; x_wconf 87' lang='lat' dir='ltr'>sum,</span> <span class='ocrx_word' id='word_1_107' title='bbox 986 1186 1033 1220; x_wconf 92' lang='lat' dir='ltr'>ut</span> <span class='ocrx_word' id='word_1_108' title='bbox 1064 1181 1149 1220; x_wconf 87' lang='lat' dir='ltr'>mei</span> <span class='ocrx_word' id='word_1_109' title='bbox 1173 1181 1299 1220; x_wconf 89' lang='lat' dir='ltr'>unius</span> <span class='ocrx_word' id='word_1_110' title='bbox 1330 1181 1472 1233; x_wconf 79' lang='lat' dir='ltr'>gratia</span> <span class='ocrx_word' id='word_1_111' title='bbox 1495 1187 1562 1221; x_wconf 90' lang='lat' dir='ltr'>tot</span> <span class='ocrx_word' id='word_1_112' title='bbox 1594 1181 1755 1222; x_wconf 88' lang='lat' dir='ltr'>Christi</span> 
     </span>
     <span class='ocr_line' id='line_1_15' title="bbox 282 1253 1756 1308; baseline -0.003 -10"><span class='ocrx_word' id='word_1_113' title='bbox 282 1256 434 1298; x_wconf 87' lang='lat' dir='ltr'>famuli</span> <span class='ocrx_word' id='word_1_114' title='bbox 457 1262 606 1297; x_wconf 87' lang='lat' dir='ltr'>tantos</span> <span class='ocrx_word' id='word_1_115' title='bbox 628 1256 869 1308; x_wconf 85' lang='lat' dir='ltr'>suscipiant</span> <span class='ocrx_word' id='word_1_116' title='bbox 891 1254 1063 1294; x_wconf 86' lang='lat' dir='ltr'>labores</span> <span class='ocrx_word' id='word_1_117' title='bbox 1085 1253 1133 1294; x_wconf 85' lang='lat'>?&#39;&#39;</span> <span class='ocrx_word' id='word_1_118' title='bbox 1189 1254 1378 1294; x_wconf 84' lang='lat' dir='ltr'>Beatum</span> <span class='ocrx_word' id='word_1_119' title='bbox 1404 1255 1532 1295; x_wconf 86' lang='lat' dir='ltr'>etiam</span> <span class='ocrx_word' id='word_1_120' title='bbox 1562 1254 1756 1295; x_wconf 87' lang='lat' dir='ltr'>Lauren-</span> 
     </span>
     <span class='ocr_line' id='line_1_16' title="bbox 279 1329 1753 1383; baseline -0.002 -12"><span class='ocrx_word' id='word_1_121' title='bbox 279 1332 391 1372; x_wconf 89' lang='lat' dir='ltr'>tium</span> <span class='ocrx_word' id='word_1_122' title='bbox 433 1330 732 1383; x_wconf 85' lang='lat' dir='ltr'>Justinianurn</span> <span class='ocrx_word' id='word_1_123' title='bbox 775 1329 972 1383; x_wconf 80' lang='lat' dir='ltr'>legimus,</span> <span class='ocrx_word' id='word_1_124' title='bbox 1017 1342 1117 1368; x_wconf 88' lang='lat' dir='ltr'>curn</span> <span class='ocrx_word' id='word_1_125' title='bbox 1166 1335 1401 1381; x_wconf 74' lang='lat' dir='ltr'>aegrotaret</span> <span class='ocrx_word' id='word_1_126' title='bbox 1454 1329 1510 1368; x_wconf 91' lang='lat' dir='ltr'>ad</span> <span class='ocrx_word' id='word_1_127' title='bbox 1554 1335 1753 1377; x_wconf 88' lang='lat' dir='ltr'>mortem,</span> 
     </span>
     <span class='ocr_line' id='line_1_17' title="bbox 281 1402 1755 1457; baseline -0.002 -12"><span class='ocrx_word' id='word_1_128' title='bbox 281 1405 499 1457; x_wconf 87' lang='lat' dir='ltr'>nullisque</span> <span class='ocrx_word' id='word_1_129' title='bbox 531 1417 621 1443; x_wconf 73' lang='lat' dir='ltr'>suae</span> <span class='ocrx_word' id='word_1_130' title='bbox 654 1403 807 1443; x_wconf 86' lang='lat' dir='ltr'>salutis</span> <span class='ocrx_word' id='word_1_131' title='bbox 839 1416 972 1442; x_wconf 88' lang='lat' dir='ltr'>causa</span> <span class='ocrx_word' id='word_1_132' title='bbox 1003 1402 1123 1454; x_wconf 86' lang='lat' dir='ltr'>parci</span> <span class='ocrx_word' id='word_1_133' title='bbox 1157 1403 1406 1455; x_wconf 85' lang='lat' dir='ltr'>sumptibus</span> <span class='ocrx_word' id='word_1_134' title='bbox 1432 1402 1499 1442; x_wconf 80' lang='lat' dir='ltr'>vel</span> <span class='ocrx_word' id='word_1_135' title='bbox 1532 1402 1755 1443; x_wconf 89' lang='lat' dir='ltr'>laboribus</span> 
     </span>
     <span class='ocr_line' id='line_1_18' title="bbox 283 1477 1754 1529; baseline -0.002 -9"><span class='ocrx_word' id='word_1_136' title='bbox 283 1480 680 1527; x_wconf 83' lang='lat' dir='ltr'>animadverteret;</span> <span class='ocrx_word' id='word_1_137' title='bbox 713 1477 882 1529; x_wconf 90' lang='lat' dir='ltr'>sibique</span> <span class='ocrx_word' id='word_1_138' title='bbox 918 1477 999 1529; x_wconf 91' lang='lat' dir='ltr'>ipsi</span> <span class='ocrx_word' id='word_1_139' title='bbox 1034 1477 1367 1529; x_wconf 86' lang='lat' dir='ltr'>quodammodo</span> <span class='ocrx_word' id='word_1_140' title='bbox 1406 1479 1563 1517; x_wconf 89' lang='lat' dir='ltr'>iratum</span> <span class='ocrx_word' id='word_1_141' title='bbox 1599 1478 1754 1517; x_wconf 88' lang='lat' dir='ltr'>eadem</span> 
     </span>
     <span class='ocr_line' id='line_1_19' title="bbox 284 1550 1757 1603; baseline -0.002 -10"><span class='ocrx_word' id='word_1_142' title='bbox 284 1553 534 1593; x_wconf 87' lang='lat' dir='ltr'>humilitate</span> <span class='ocrx_word' id='word_1_143' title='bbox 572 1550 873 1592; x_wconf 81' lang='lat' dir='ltr'>exclamasse:</span> <span class='ocrx_word' id='word_1_144' title='bbox 929 1550 1069 1590; x_wconf 81' lang='lat' dir='ltr'>“Heu</span> <span class='ocrx_word' id='word_1_145' title='bbox 1113 1564 1245 1602; x_wconf 87' lang='lat' dir='ltr'>quam</span> <span class='ocrx_word' id='word_1_146' title='bbox 1295 1551 1419 1590; x_wconf 88' lang='lat' dir='ltr'>multi</span> <span class='ocrx_word' id='word_1_147' title='bbox 1462 1551 1757 1603; x_wconf 89' lang='lat' dir='ltr'>suscipiuntur</span> 
     </span>
     <span class='ocr_line' id='line_1_20' title="bbox 282 1623 1751 1678; baseline -0.002 -10"><span class='ocrx_word' id='word_1_148' title='bbox 282 1628 465 1675; x_wconf 87' lang='lat' dir='ltr'>labores,</span> <span class='ocrx_word' id='word_1_149' title='bbox 491 1627 734 1678; x_wconf 90' lang='lat' dir='ltr'>quantique</span> <span class='ocrx_word' id='word_1_150' title='bbox 763 1631 966 1678; x_wconf 87' lang='lat' dir='ltr'>sumptus</span> <span class='ocrx_word' id='word_1_151' title='bbox 988 1623 1112 1674; x_wconf 89' lang='lat' dir='ltr'>fiunt,</span> <span class='ocrx_word' id='word_1_152' title='bbox 1135 1624 1331 1664; x_wconf 85' lang='lat' dir='ltr'>vilissimi</span> <span class='ocrx_word' id='word_1_153' title='bbox 1362 1625 1455 1665; x_wconf 83' lang='lat' dir='ltr'>sani</span> <span class='ocrx_word' id='word_1_154' title='bbox 1486 1639 1627 1674; x_wconf 85' lang='lat' dir='ltr'>causa,</span> <span class='ocrx_word' id='word_1_155' title='bbox 1652 1638 1751 1665; x_wconf 91' lang='lat' dir='ltr'>cum</span> 
     </span>
     <span class='ocr_line' id='line_1_21' title="bbox 285 1698 1756 1752; baseline -0.001 -12"><span class='ocrx_word' id='word_1_156' title='bbox 285 1701 458 1741; x_wconf 85' lang='lat' dir='ltr'>interim</span> <span class='ocrx_word' id='word_1_157' title='bbox 496 1699 657 1740; x_wconf 87' lang='lat' dir='ltr'>Christi</span> <span class='ocrx_word' id='word_1_158' title='bbox 694 1712 908 1752; x_wconf 79' lang='lat' dir='ltr'>pauperes</span> <span class='ocrx_word' id='word_1_159' title='bbox 944 1711 1022 1738; x_wconf 89' lang='lat' dir='ltr'>nec</span> <span class='ocrx_word' id='word_1_160' title='bbox 1057 1698 1252 1738; x_wconf 89' lang='lat' dir='ltr'>ciborum</span> <span class='ocrx_word' id='word_1_161' title='bbox 1287 1699 1392 1738; x_wconf 86' lang='lat' dir='ltr'>satis</span> <span class='ocrx_word' id='word_1_162' title='bbox 1427 1698 1593 1738; x_wconf 89' lang='lat' dir='ltr'>habent</span> <span class='ocrx_word' id='word_1_163' title='bbox 1621 1698 1678 1738; x_wconf 86' lang='lat' dir='ltr'>ad</span> <span class='ocrx_word' id='word_1_164' title='bbox 1711 1713 1756 1739; x_wconf 90' lang='lat' dir='ltr'>se</span> 
     </span>
     <span class='ocr_line' id='line_1_22' title="bbox 285 1771 1756 1825; baseline -0.001 -11"><span class='ocrx_word' id='word_1_165' title='bbox 285 1773 482 1823; x_wconf 83' lang='lat' dir='ltr'>alendos,</span> <span class='ocrx_word' id='word_1_166' title='bbox 510 1786 589 1812; x_wconf 88' lang='lat' dir='ltr'>nec</span> <span class='ocrx_word' id='word_1_167' title='bbox 618 1772 785 1825; x_wconf 77' lang='lat' dir='ltr'>ignium</span> <span class='ocrx_word' id='word_1_168' title='bbox 817 1772 1095 1824; x_wconf 86' lang='lat' dir='ltr'>vestiumque</span> <span class='ocrx_word' id='word_1_169' title='bbox 1127 1771 1323 1812; x_wconf 85' lang='lat' dir='ltr'>fomenta</span> <span class='ocrx_word' id='word_1_170' title='bbox 1355 1772 1410 1812; x_wconf 88' lang='lat' dir='ltr'>ad</span> <span class='ocrx_word' id='word_1_171' title='bbox 1443 1771 1756 1825; x_wconf 89' lang='lat' dir='ltr'>depellendum</span> 
     </span>
     <span class='ocr_line' id='line_1_23' title="bbox 285 1845 1756 1900; baseline 0 -13"><span class='ocrx_word' id='word_1_172' title='bbox 285 1847 433 1900; x_wconf 79' lang='lat' dir='ltr'>frigus,</span> <span class='ocrx_word' id='word_1_173' title='bbox 457 1860 536 1887; x_wconf 85' lang='lat' dir='ltr'>nec</span> <span class='ocrx_word' id='word_1_174' title='bbox 559 1846 802 1886; x_wconf 88' lang='lat' dir='ltr'>subsidium</span> <span class='ocrx_word' id='word_1_175' title='bbox 825 1845 1005 1898; x_wconf 84' lang='lat' dir='ltr'>aliquod</span> <span class='ocrx_word' id='word_1_176' title='bbox 1028 1845 1147 1886; x_wconf 84' lang='lat' dir='ltr'>aliud</span> <span class='ocrx_word' id='word_1_177' title='bbox 1177 1847 1232 1886; x_wconf 88' lang='lat' dir='ltr'>ad</span> <span class='ocrx_word' id='word_1_178' title='bbox 1263 1860 1364 1886; x_wconf 89' lang='lat' dir='ltr'>suas</span> <span class='ocrx_word' id='word_1_179' title='bbox 1387 1846 1587 1886; x_wconf 87' lang='lat' dir='ltr'>ferendas</span> <span class='ocrx_word' id='word_1_180' title='bbox 1610 1860 1756 1887; x_wconf 90' lang='lat' dir='ltr'>neces-</span> 
     </span>
     <span class='ocr_line' id='line_1_24' title="bbox 286 1919 1757 1972; baseline -0.001 -10"><span class='ocrx_word' id='word_1_181' title='bbox 286 1922 438 1962; x_wconf 82' lang='lat' dir='ltr'>sitates</span> <span class='ocrx_word' id='word_1_182' title='bbox 460 1934 510 1961; x_wconf 82' lang='lat' dir='ltr'>ac</span> <span class='ocrx_word' id='word_1_183' title='bbox 533 1919 649 1960; x_wconf 85' lang='lat' dir='ltr'>mala</span> <span class='ocrx_word' id='word_1_184' title='bbox 666 1919 680 1958; x_wconf 88' lang='lat'>?</span> <span class='ocrx_word' id='word_1_185' title='bbox 697 1919 716 1934; x_wconf 92' lang='lat'>”</span> <span class='ocrx_word' id='word_1_186' title='bbox 782 1919 882 1960; x_wconf 92' lang='lat' dir='ltr'>Hoc</span> <span class='ocrx_word' id='word_1_187' title='bbox 913 1920 1046 1972; x_wconf 81' lang='lat' dir='ltr'>igitur</span> <span class='ocrx_word' id='word_1_188' title='bbox 1074 1919 1222 1959; x_wconf 85' lang='lat' dir='ltr'>animo</span> <span class='ocrx_word' id='word_1_189' title='bbox 1252 1925 1385 1972; x_wconf 83' lang='lat' dir='ltr'>atque</span> <span class='ocrx_word' id='word_1_190' title='bbox 1407 1919 1488 1960; x_wconf 87' lang='lat' dir='ltr'>hac</span> <span class='ocrx_word' id='word_1_191' title='bbox 1510 1920 1757 1961; x_wconf 87' lang='lat' dir='ltr'>humilitate</span> 
     </span>
     <span class='ocr_line' id='line_1_25' title="bbox 287 1993 1756 2047; baseline 0 -12"><span class='ocrx_word' id='word_1_192' title='bbox 287 2009 392 2047; x_wconf 83' lang='lat' dir='ltr'>erga</span> <span class='ocrx_word' id='word_1_193' title='bbox 424 1994 647 2033; x_wconf 88' lang='lat' dir='ltr'>ministros</span> <span class='ocrx_word' id='word_1_194' title='bbox 679 1993 825 2033; x_wconf 81' lang='lat' dir='ltr'>affecti</span> <span class='ocrx_word' id='word_1_195' title='bbox 860 2006 955 2033; x_wconf 87' lang='lat' dir='ltr'>esse</span> <span class='ocrx_word' id='word_1_196' title='bbox 987 1993 1161 2042; x_wconf 87' lang='lat' dir='ltr'>debent,</span> <span class='ocrx_word' id='word_1_197' title='bbox 1186 1994 1260 2046; x_wconf 90' lang='lat' dir='ltr'>qui</span> <span class='ocrx_word' id='word_1_198' title='bbox 1293 1999 1543 2034; x_wconf 88' lang='lat' dir='ltr'>sanctorum</span> <span class='ocrx_word' id='word_1_199' title='bbox 1566 1995 1756 2035; x_wconf 88' lang='lat' dir='ltr'>virorum</span> 
     </span>
     <span class='ocr_line' id='line_1_26' title="bbox 285 2066 1758 2121; baseline 0 -13"><span class='ocrx_word' id='word_1_200' title='bbox 285 2068 471 2120; x_wconf 79' lang='lat' dir='ltr'>vestigia</span> <span class='ocrx_word' id='word_1_201' title='bbox 517 2073 771 2119; x_wconf 87' lang='lat' dir='ltr'>sequuntur,</span> <span class='ocrx_word' id='word_1_202' title='bbox 810 2080 952 2119; x_wconf 88' lang='lat' dir='ltr'>neque</span> <span class='ocrx_word' id='word_1_203' title='bbox 994 2066 1183 2119; x_wconf 81' lang='lat' dir='ltr'>religiosi</span> <span class='ocrx_word' id='word_1_204' title='bbox 1226 2067 1413 2107; x_wconf 89' lang='lat' dir='ltr'>nominis</span> <span class='ocrx_word' id='word_1_205' title='bbox 1454 2068 1594 2121; x_wconf 82' lang='lat' dir='ltr'>gloria</span> <span class='ocrx_word' id='word_1_206' title='bbox 1636 2069 1758 2108; x_wconf 89' lang='lat' dir='ltr'>abuti</span> 
     </span>
     <span class='ocr_line' id='line_1_27' title="bbox 285 2139 1758 2194; baseline 0 -13"><span class='ocrx_word' id='word_1_207' title='bbox 285 2142 448 2182; x_wconf 89' lang='lat' dir='ltr'>volunt.</span> <span class='ocrx_word' id='word_1_208' title='bbox 512 2140 666 2192; x_wconf 81' lang='lat' dir='ltr'>Atque</span> <span class='ocrx_word' id='word_1_209' title='bbox 690 2141 732 2179; x_wconf 93' lang='lat' dir='ltr'>in</span> <span class='ocrx_word' id='word_1_210' title='bbox 755 2139 838 2180; x_wconf 89' lang='lat' dir='ltr'>hoc</span> <span class='ocrx_word' id='word_1_211' title='bbox 860 2140 1062 2192; x_wconf 87' lang='lat' dir='ltr'>primum,</span> <span class='ocrx_word' id='word_1_212' title='bbox 1082 2147 1129 2181; x_wconf 88' lang='lat' dir='ltr'>ut</span> <span class='ocrx_word' id='word_1_213' title='bbox 1151 2141 1358 2187; x_wconf 79' lang='lat' dir='ltr'>diximus,</span> <span class='ocrx_word' id='word_1_214' title='bbox 1383 2154 1599 2194; x_wconf 66' lang='lat' dir='ltr'>aegrorum</span> <span class='ocrx_word' id='word_1_215' title='bbox 1621 2141 1758 2181; x_wconf 74' lang='lat' dir='ltr'>aedifi-</span> 
     </span>
     <span class='ocr_line' id='line_1_28' title="bbox 280 2213 791 2256; baseline -0.006 0"><span class='ocrx_word' id='word_1_216' title='bbox 280 2216 402 2256; x_wconf 87' lang='lat' dir='ltr'>catio</span> <span class='ocrx_word' id='word_1_217' title='bbox 425 2215 509 2254; x_wconf 85' lang='lat' dir='ltr'>sita</span> <span class='ocrx_word' id='word_1_218' title='bbox 531 2227 626 2253; x_wconf 86' lang='lat' dir='ltr'>esse</span> <span class='ocrx_word' id='word_1_219' title='bbox 649 2213 791 2253; x_wconf 91' lang='lat' dir='ltr'>debet.</span> 
     </span>
    </p>

    <p class='ocr_par' dir='ltr' id='par_1_3' title="bbox 281 2288 1760 2857">
     <span class='ocr_line' id='line_1_29' title="bbox 376 2288 1757 2339; baseline 0 -11"><span class='ocrx_word' id='word_1_220' title='bbox 376 2288 582 2329; x_wconf 82' lang='lat' dir='ltr'>Secundo</span> <span class='ocrx_word' id='word_1_221' title='bbox 635 2293 782 2327; x_wconf 88' lang='lat' dir='ltr'>autem</span> <span class='ocrx_word' id='word_1_222' title='bbox 837 2288 879 2326; x_wconf 92' lang='lat' dir='ltr'>in</span> <span class='ocrx_word' id='word_1_223' title='bbox 931 2289 1145 2339; x_wconf 83' lang='lat' dir='ltr'>patientia</span> <span class='ocrx_word' id='word_1_224' title='bbox 1202 2302 1252 2328; x_wconf 87' lang='lat' dir='ltr'>ac</span> <span class='ocrx_word' id='word_1_225' title='bbox 1312 2288 1566 2328; x_wconf 88' lang='lat' dir='ltr'>fortitudine</span> <span class='ocrx_word' id='word_1_226' title='bbox 1625 2289 1757 2329; x_wconf 87' lang='lat' dir='ltr'>animi</span> 
     </span>
     <span class='ocr_line' id='line_1_30' title="bbox 286 2360 1760 2403; baseline 0 -1"><span class='ocrx_word' id='word_1_227' title='bbox 286 2362 444 2402; x_wconf 86' lang='lat' dir='ltr'>eadem</span> <span class='ocrx_word' id='word_1_228' title='bbox 487 2360 723 2400; x_wconf 60' lang='lat' dir='ltr'>[edificatio</span> <span class='ocrx_word' id='word_1_229' title='bbox 766 2375 822 2400; x_wconf 81' lang='lat' dir='ltr'>ex</span> <span class='ocrx_word' id='word_1_230' title='bbox 868 2360 1267 2401; x_wconf 89' lang='lat' dir='ltr'>Constitutionibus</span> <span class='ocrx_word' id='word_1_231' title='bbox 1304 2363 1463 2402; x_wconf 76' lang='lat' dir='ltr'>versari</span> <span class='ocrx_word' id='word_1_232' title='bbox 1506 2362 1667 2402; x_wconf 87' lang='lat' dir='ltr'>debet:</span> <span class='ocrx_word' id='word_1_233' title='bbox 1712 2368 1760 2403; x_wconf 87' lang='lat' dir='ltr'>ut</span> 
     </span>
     <span class='ocr_line' id='line_1_31' title="bbox 282 2434 1755 2486; baseline 0 -11"><span class='ocrx_word' id='word_1_234' title='bbox 282 2436 420 2475; x_wconf 80' lang='lat' dir='ltr'>etiam</span> <span class='ocrx_word' id='word_1_235' title='bbox 463 2439 588 2486; x_wconf 89' lang='lat' dir='ltr'>parte</span> <span class='ocrx_word' id='word_1_236' title='bbox 633 2444 667 2483; x_wconf 80' lang='lat'>3.</span> <span class='ocrx_word' id='word_1_237' title='bbox 712 2447 793 2485; x_wconf 87' lang='lat' dir='ltr'>cap</span> <span class='ocrx_word' id='word_1_238' title='bbox 841 2445 870 2472; x_wconf 91' lang='lat'>1.</span> <span class='ocrx_word' id='word_1_239' title='bbox 916 2434 1157 2474; x_wconf 87' lang='lat' dir='ltr'>curandum</span> <span class='ocrx_word' id='word_1_240' title='bbox 1207 2435 1412 2475; x_wconf 87' lang='lat' dir='ltr'>omnibus</span> <span class='ocrx_word' id='word_1_241' title='bbox 1455 2449 1548 2475; x_wconf 84' lang='lat' dir='ltr'>csse</span> <span class='ocrx_word' id='word_1_242' title='bbox 1591 2435 1755 2485; x_wconf 88' lang='lat' dir='ltr'>volunt,</span> 
     </span>
     <span class='ocr_line' id='line_1_32' title="bbox 288 2506 1756 2562; baseline 0 -13"><span class='ocrx_word' id='word_1_243' title='bbox 288 2515 336 2549; x_wconf 93' lang='lat' dir='ltr'>ut</span> <span class='ocrx_word' id='word_1_244' title='bbox 355 2522 411 2548; x_wconf 92' lang='lat' dir='ltr'>ex</span> <span class='ocrx_word' id='word_1_245' title='bbox 436 2507 602 2547; x_wconf 86' lang='lat' dir='ltr'>morbis</span> <span class='ocrx_word' id='word_1_246' title='bbox 626 2507 819 2559; x_wconf 89' lang='lat' dir='ltr'>corporis</span> <span class='ocrx_word' id='word_1_247' title='bbox 843 2506 1032 2547; x_wconf 88' lang='lat' dir='ltr'>fructum</span> <span class='ocrx_word' id='word_1_248' title='bbox 1056 2509 1242 2561; x_wconf 85' lang='lat' dir='ltr'>capiant,</span> <span class='ocrx_word' id='word_1_249' title='bbox 1268 2510 1525 2561; x_wconf 87' lang='lat' dir='ltr'>patientiam</span> <span class='ocrx_word' id='word_1_250' title='bbox 1550 2523 1756 2562; x_wconf 82' lang='lat' dir='ltr'>magnam</span> 
     </span>
     <span class='ocr_line' id='line_1_33' title="bbox 288 2579 1758 2635; baseline 0 -13"><span class='ocrx_word' id='word_1_251' title='bbox 288 2581 495 2622; x_wconf 81' lang='lat' dir='ltr'>habendo</span> <span class='ocrx_word' id='word_1_252' title='bbox 532 2587 574 2620; x_wconf 88' lang='lat' dir='ltr'>et</span> <span class='ocrx_word' id='word_1_253' title='bbox 608 2579 963 2632; x_wconf 76' lang='lat' dir='ltr'>praeseferend0.‘2</span> <span class='ocrx_word' id='word_1_254' title='bbox 1027 2581 1286 2634; x_wconf 87' lang='lat' dir='ltr'>Eademque</span> <span class='ocrx_word' id='word_1_255' title='bbox 1328 2589 1452 2635; x_wconf 85' lang='lat' dir='ltr'>parte</span> <span class='ocrx_word' id='word_1_256' title='bbox 1489 2583 1525 2622; x_wconf 81' lang='lat'>6.</span> <span class='ocrx_word' id='word_1_257' title='bbox 1565 2589 1758 2631; x_wconf 88' lang='lat' dir='ltr'>monent,</span> 
     </span>
     <span class='ocr_line' id='line_1_34' title="bbox 289 2655 1756 2708; baseline 0.001 -13"><span class='ocrx_word' id='word_1_258' title='bbox 289 2663 337 2696; x_wconf 87' lang='lat' dir='ltr'>ut</span> <span class='ocrx_word' id='word_1_259' title='bbox 387 2655 773 2708; x_wconf 83' lang='lat' dir='ltr'>appropinquante</span> <span class='ocrx_word' id='word_1_260' title='bbox 826 2661 966 2695; x_wconf 87' lang='lat' dir='ltr'>morte</span> <span class='ocrx_word' id='word_1_261' title='bbox 1017 2656 1210 2707; x_wconf 86' lang='lat' dir='ltr'>proximi</span> <span class='ocrx_word' id='word_1_262' title='bbox 1264 2657 1535 2697; x_wconf 76' lang='lat' dir='ltr'>aedificentur</span> <span class='ocrx_word' id='word_1_263' title='bbox 1601 2657 1756 2700; x_wconf 80' lang='lat' dir='ltr'>saltem</span> 
     </span>
     <span class='ocr_line' id='line_1_35' title="bbox 281 2727 1758 2781; baseline 0.001 -12"><span class='ocrx_word' id='word_1_264' title='bbox 281 2729 497 2781; x_wconf 78' lang='lat' dir='ltr'>exemplo</span> <span class='ocrx_word' id='word_1_265' title='bbox 521 2728 746 2780; x_wconf 62' lang='lat' dir='ltr'>patientiae</span> <span class='ocrx_word' id='word_1_266' title='bbox 770 2741 819 2767; x_wconf 89' lang='lat' dir='ltr'>ac</span> <span class='ocrx_word' id='word_1_267' title='bbox 844 2727 1142 2769; x_wconf 75' lang='lat' dir='ltr'>fortitudinis3</span> <span class='ocrx_word' id='word_1_268' title='bbox 1179 2729 1310 2769; x_wconf 88' lang='lat' dir='ltr'>Adeo</span> <span class='ocrx_word' id='word_1_269' title='bbox 1334 2730 1622 2770; x_wconf 86' lang='lat' dir='ltr'>necessariam</span> <span class='ocrx_word' id='word_1_270' title='bbox 1645 2729 1758 2770; x_wconf 89' lang='lat' dir='ltr'>hanc</span> 
     </span>
     <span class='ocr_line' id='line_1_36' title="bbox 287 2801 1688 2857; baseline 0.001 -14"><span class='ocrx_word' id='word_1_271' title='bbox 287 2805 330 2843; x_wconf 91' lang='lat' dir='ltr'>in</span> <span class='ocrx_word' id='word_1_272' title='bbox 354 2803 528 2854; x_wconf 68' lang='lat' dir='ltr'>aegmffis</span> <span class='ocrx_word' id='word_1_273' title='bbox 552 2802 758 2843; x_wconf 83' lang='lat' dir='ltr'>virtutem</span> <span class='ocrx_word' id='word_1_274' title='bbox 779 2801 979 2853; x_wconf 85' lang='lat' dir='ltr'>judicant</span> <span class='ocrx_word' id='word_1_275' title='bbox 1002 2803 1058 2842; x_wconf 89' lang='lat' dir='ltr'>ad</span> <span class='ocrx_word' id='word_1_276' title='bbox 1083 2803 1428 2844; x_wconf 74' lang='lat' dir='ltr'>exaedificandos</span> <span class='ocrx_word' id='word_1_277' title='bbox 1450 2804 1688 2857; x_wconf 84' lang='lat' dir='ltr'>proximos.</span> 
     </span>
    </p>
   </div>
   <div class='ocr_carea' id='block_1_3' title="bbox 666 2890 1387 2934">
    <p class='ocr_par' dir='ltr' id='par_1_4' title="bbox 666 2890 1387 2934">
     <span class='ocr_line' id='line_1_37' title="bbox 666 2890 1387 2934; baseline 0.006 -12"><span class='ocrx_word' id='word_1_278' title='bbox 666 2890 678 2909; x_wconf 80' lang='lat'>1</span> <span class='ocrx_word' id='word_1_279' title='bbox 705 2892 741 2923; x_wconf 91' lang='lat' dir='ltr'>C.</span> <span class='ocrx_word' id='word_1_280' title='bbox 763 2899 814 2931; x_wconf 81' lang='lat'>30.</span> <span class='ocrx_word' id='word_1_281' title='bbox 974 2890 986 2909; x_wconf 76' lang='lat'>‘2</span> <span class='ocrx_word' id='word_1_282' title='bbox 1012 2894 1026 2930; x_wconf 64' lang='grc' dir='ltr'>ξ</span> <span class='ocrx_word' id='word_1_283' title='bbox 1055 2898 1122 2931; x_wconf 83' lang='grc'><strong>17..</strong></span> <span class='ocrx_word' id='word_1_284' title='bbox 1261 2892 1274 2911; x_wconf 65' lang='lat'>³⁵</span> <span class='ocrx_word' id='word_1_285' title='bbox 1299 2894 1335 2925; x_wconf 84' lang='lat' dir='ltr'>C.</span> <span class='ocrx_word' id='word_1_286' title='bbox 1358 2903 1387 2934; x_wconf 89' lang='lat'>4.</span> 
     </span>
    </p>
   </div>
  </div>
 </body>
</html>
