1903 3197
279 193 339 249 56
741 189 820 239 De
855 189 1102 236 Socz‘etatz's
1136 189 1271 236 Fine.

273 323 443 375 privato
476 321 694 374 colloquio
727 329 858 376 atque
891 337 1136 376 congressu,
1171 323 1227 363 de
1258 336 1344 375 qua
1380 323 1423 362 in
1458 321 1648 362 Actibus
1680 323 1741 363 ita

275 397 462 437 Paulus:
508 397 628 437 “Per
659 398 892 438 triennium
928 403 1057 438 nocte
1089 404 1132 438 et
1165 398 1236 438 die
1268 411 1354 437 non
1388 397 1552 437 cessavi
1587 410 1753 437 unum«

273 485 494 524 quemque
515 477 707 512 vestrum
731 487 829 512 cum
861 473 1065 525 lacrymis
1098 470 1349 519 monere;''1
1389 476 1433 510 et
1465 471 1521 510 ad
1554 471 1743 511 Thessa-

271 545 538 586 lonicenses:
574 546 742 587 “Scitis
777 546 964 599 qualiter
998 559 1356 598 unumquemque
1390 550 1581 585 Vestrum
1613 544 1741 597 <sicut

272 626 398 672 pater
426 620 538 660 filios
560 620 691 673 suos),
716 621 1005 673 deprecantes
1026 634 1105 660 vos
1136 626 1178 660 et
1209 619 1487 660 consolantes
1516 619 1748 659 testificati

271 708 432 743 sumus,
453 700 500 734 ut
517 694 802 735 ambularetis
825 695 957 747 digne
980 693 1138 734 De0.‘’2
1172 693 1270 746 Qua
1288 694 1445 746 triplici
1470 692 1603 732 divini
1622 693 1741 733 verbi

271 769 654 809 administratione
679 775 770 809 tam
805 770 958 809 uberes
992 783 1049 809 ex
1083 769 1239 808 animis
1272 768 1436 808 fructus
1469 768 1511 806 in
1545 767 1612 806 his
1644 781 1744 819 pro-

270 843 531 883 fectionibus
583 843 857 896 colliguntur,
901 857 1185 896 summopere
1227 842 1539 896 gratulandum
1579 847 1627 881 ut
1665 842 1741 889 sit;

272 917 513 970 praesertim
546 918 675 957 tertia
719 923 852 970 atque
896 925 1130 970 postrema.
1217 917 1335 956 Hinc
1376 917 1491 956 enim
1536 930 1616 969 pro
1664 929 1742 955 suo

272 992 456 1044 quisque
485 998 615 1044 captu
639 992 843 1044 privatim
877 993 1127 1039 instituitur,
1152 991 1253 1030 hinc
1281 990 1579 1030 dubitationes
1606 991 1739 1030 animi

272 1071 315 1105 et
338 1066 615 1106 conscientiae
646 1065 883 1113 solvuntur,
908 1065 1153 1105 evelluntur
1187 1064 1387 1116 scrupuli,
1413 1064 1677 1115 adjuvantur
1699 1078 1742 1104 re

273 1145 316 1179 et
365 1139 547 1179 consilio
599 1145 808 1191 pastores,
863 1139 1119 1179 conciliatur
1171 1140 1283 1178 inter
1324 1139 1587 1178 dissidentes
1638 1152 1741 1191 pax,

271 1214 569 1253 restitutiones
607 1213 716 1253 fiunt
749 1214 847 1253 {eris
880 1213 1021 1261 alieni,
1054 1214 1305 1253 excitantur
1333 1213 1523 1252 oratorIa
1555 1212 1610 1252 ad
1648 1227 1744 1265 per-

271 1288 543 1340 petuandam
568 1288 814 1328 institutam
839 1288 949 1327 bene
964 1288 1139 1327 vivendi
1164 1287 1537 1334 consuetudinem,
1555 1287 1743 1339 denique

271 1366 484 1401 sexcenta
518 1360 769 1413 hujusmodi
807 1363 848 1401 in
885 1375 973 1401 rem
1011 1368 1053 1401 et
1088 1360 1371 1402 commodum
1406 1366 1616 1412 geruntur
1653 1362 1760 1400 ani-⁷

273 1448 454 1475 marum.
521 1435 567 1475 Si
605 1436 702 1487 quis
739 1436 871 1488 igitur
905 1441 1117 1487 quantum
1162 1435 1369 1487 prodesse
1409 1435 1549 1487 possit
1586 1435 1743 1474 animis

272 1509 551 1561 peragrando
584 1523 730 1549 secum
775 1511 867 1562 ipse
909 1510 1163 1563 perpendat,
1199 1510 1293 1562 ipsa
1326 1523 1403 1561 spe
1435 1515 1526 1549 tam
1561 1510 1742 1550 uberum

272 1583 449 1635 frugum
473 1584 670 1624 excutiet
692 1598 869 1624 omnem
893 1585 1101 1624 continuo
1119 1589 1340 1636 torporem
1365 1590 1497 1636 atque
1514 1584 1742 1628 desidiam,-

274 1662 318 1696 et
349 1670 394 1696 se
426 1657 569 1709 ipsum
592 1658 749 1697 acriter
771 1659 997 1708 excitabit,
1022 1664 1067 1698 ut
1091 1672 1177 1698 non
1208 1658 1342 1697 modo
1369 1671 1455 1697 non
1478 1659 1639 1711 pigeat,
1667 1658 1750 1698 sed<

274 1730 559 1770 vehementer
588 1731 779 1771 delectet
806 1733 1051 1772 animarum
1086 1746 1216 1772 causa
1253 1732 1528 1784 peregrinari.
1592 1731 1746 1784 Atque

275 1817 333 1843 ex
356 1804 422 1843 his
446 1804 619 1843 interim
638 1811 785 1857 potest
804 1805 999 1858 intelligi,
1017 1805 1168 1858 quales
1187 1811 1433 1845 nostrorum
1453 1804 1745 1858 profectiones

274 1891 325 1918 ac
358 1879 588 1918 missiones
621 1892 715 1919 esse
747 1885 961 1931 oporteat,
995 1885 1041 1919 ut
1075 1879 1286 1919 salutares
1318 1885 1361 1919 et
1394 1878 1610 1931 frugiferae
1644 1880 1743 1918 sint

278 1952 350 1992 Ita
384 1953 515 2004 igitur
545 1953 698 2005 primae
732 1952 870 1993 fraudi
904 1953 1217 1993 occurrendum
1251 1958 1326 1992 est.

367 2025 583 2067 Secundae
607 2040 709 2066 vero
733 2033 780 2067 ut
802 2041 1089 2073 occurramus,
1113 2027 1280 2066 radices
1307 2031 1432 2065 erunt
1454 2027 1765 2078 potissimum,v

275 2101 435 2153 quibus
458 2106 577 2140 recta
608 2114 731 2140 mens
755 2101 1027 2152 depravatur,
1053 2100 1316 2152 expendere,
1341 2105 1387 2138 ut
1410 2112 1483 2138 eas
1513 2100 1745 2139 exscinda-

275 2188 372 2214 mus
396 2180 530 2226 atque
554 2173 803 2213 evellamus.
850 2174 929 2213 Eae
953 2179 1078 2213 erunt
1100 2174 1332 2225 praecipuae
1357 2178 1469 2213 tres:
1505 2173 1744 2214 Libertatis

273 2261 410 2297 amor,
429 2247 643 2295 Ambitio,
663 2247 913 2288 Curiositas.
957 2247 1101 2287 Amor
1118 2247 1295 2299 quidem
1326 2253 1367 2286 10
1384 2247 1609 2296 libertatis,
1629 2249 1742 2300 quia,

273 2336 375 2362 cum
424 2323 574 2375 pigeat
617 2322 659 2360 in
701 2327 791 2361 tam
836 2328 954 2361 arcta
996 2320 1238 2373 disciplinae
1281 2321 1480 2360 custodia
1530 2327 1762 2374 perpetuo—

273 2396 429 2443 vivere,
448 2394 636 2435 honesto
655 2396 832 2435 nomine
856 2396 1001 2435 exitus
1023 2394 1180 2446 aliquis
1204 2400 1247 2434 et
1271 2394 1486 2445 relaxatio
1509 2396 1743 2446 quae1·itur;

278 2483 376 2523 quae
415 2470 592 2523 quidem
631 2471 674 2510 in
712 2469 778 2509 his
815 2469 1073 2522 plerumque
1109 2468 1389 2509 missionibus
1423 2474 1549 2508 tanta
1587 2474 1662 2516 est,
1696 2475 1744 2508 ut

274 2545 356 2584 nisi
401 2545 494 2597 ipse
528 2545 600 2597 qui
646 2545 836 2584 mittitur
872 2544 953 2584 sibi
997 2544 1078 2596 ipsi
1117 2544 1172 2582 sit
1208 2542 1282 2582 lex
1320 2556 1370 2582 ac
1412 2542 1652 2595 disciplina,
1686 2544 1742 2583 ad

272 2617 493 2658 szecularis
524 2619 626 2658 vitae
660 2617 907 2658 libertatem
937 2617 1140 2669 proxime
1166 2616 1356 2656 accedat.
1422 2616 1511 2656 Sed
1546 2617 1763 2669 quisquis>

272 2690 355 2732 hoc
378 2691 463 2731 fine
491 2692 673 2740 ducitur,
698 2691 951 2731 meminisse
973 2691 1105 2730 debet
1126 2691 1328 2742 primum,
1345 2703 1478 2742 quam
1501 2690 1745 2742 periculosa

276 2766 333 2806 sit
356 2766 559 2818 religioso
589 2764 779 2813 libertas,
799 2778 897 2817 quae
921 2765 1040 2805 omni
1074 2777 1173 2803 eum
1197 2763 1406 2816 religione
1427 2763 1598 2816 spoliat,
1622 2763 1766 2816 cujus.

276 2841 501 2892 proprium
550 2846 616 2880 est
668 2841 781 2879 intra
832 2838 1074 2892 disciplina:
1127 2837 1344 2878 cancellos
1396 2851 1441 2877 se
1493 2838 1715 2877 continere
1737 2851 1765 2876 .·.

717 2927 729 2947 1
755 2929 830 2961 Act.
853 2937 904 2960 20.
1042 2928 1055 2946 ‘³
1083 2937 1095 2958 Ι
1117 2928 1233 2959 Thess.
1255 2936 1285 2959 2.
