1903 3197
648 156 727 202 De
759 156 923 202 Eram
929 157 979 203 in
984 173 1014 204 e.
1468 171 1490 200 2
1499 171 1525 214 9
1539 171 1555 204 1

104 288 328 341 recognita
379 287 442 327 sit.
529 288 685 338 Itaque
736 286 841 338 quid
893 293 1092 339 superest
1143 293 1298 339 postea
1349 288 1560 340 temporis

103 361 278 413 reliquis
319 360 490 400 duabus
532 359 751 399 examinis
792 359 1028 411 partibus?
1111 360 1240 412 Saepe
1292 361 1407 400 enim
1459 366 1562 402 ante

105 447 182 474 nos
220 434 317 474 finis
354 434 572 486 apprimit,
607 445 740 484 quam
776 433 969 484 cogitata
1002 438 1080 472 aut
1116 432 1233 472 dicta
1266 433 1436 485 singula
1468 447 1564 486 per-

103 521 228 547 cursa
260 508 353 547 sint.

196 581 462 634 Respondeo
497 580 698 632 primum,
732 579 889 631 triplici
927 579 1078 619 ordine
1112 578 1251 630 juvari
1296 579 1564 628 memoriam,

105 655 270 707 primus
301 654 414 693 enim
439 653 547 693 ordo
577 659 642 693 est
675 666 762 693 non
792 653 925 692 modo
948 653 1158 705 temporis
1181 658 1224 692 et
1246 652 1462 700 horarum,
1487 654 1563 694 sed

94 728 238 768 *etiam
270 738 554 779 personarum
592 726 853 778 quibuscum
886 726 1066 778 egimus,
1105 726 1299 765 locorum
1343 726 1416 766 ubi
1459 726 1564 778 quid

94 800 284 852 regimus,
316 812 544 839 munerum
575 799 617 838 in
647 800 805 851 quibus
827 800 984 839 versati
1015 812 1191 847 sumus,
1224 812 1356 851 quem
1387 799 1566 851 quidem

94 873 301 913 ordinem
336 873 516 912 tradidit
554 872 678 912 nobis
720 886 850 925 supra
894 873 935 912 P.
963 873 1170 924 Ignafius,
1205 886 1304 912 cum
1346 873 1402 912 de
1443 879 1566 912 ante·

93 952 214 987 actae
236 947 337 986 vitae
372 946 639 985 discussione
671 947 937 998 przeciperet,
963 953 1005 986 et
1040 947 1138 985 ideo
1172 946 1253 994 hic,
1285 952 1331 986 ut
1363 947 1565 987 brevitati

98 1020 361 1067 consuleret,
401 1019 688 1072 praetermisit.
751 1019 880 1059 Alter
916 1020 1024 1059 ordo
1062 1033 1155 1059 esse
1191 1025 1338 1072 potest
1367 1020 1401 1059 si
1438 1020 1567 1069 dicta,

108 1093 232 1141 facta,
267 1099 310 1133 et
344 1093 537 1145 cogitata
575 1098 722 1132 nostra
754 1093 1091 1144 perpendantur,
1132 1098 1179 1132 ut
1216 1092 1283 1132 vel
1316 1093 1371 1132 ad
1406 1093 1565 1142 Deum,

106 1166 173 1206 vel
204 1166 260 1206 ad
294 1167 532 1218 proximos,
555 1166 622 1205 vel
655 1166 709 1205 ad
744 1179 822 1205 nos
856 1166 972 1218 ipsos
1005 1171 1233 1217 spectant;
1266 1179 1378 1212 nam,
1402 1180 1501 1206 cum
1525 1167 1568 1206 in

106 1240 156 1280 iis
207 1240 514 1291 delinquimus,
567 1239 758 1291 aliquem
815 1240 1011 1291 profecto
1063 1253 1121 1279 ex
1171 1239 1238 1278 his
1291 1239 1566 1281 offendimus.

107 1313 281 1353 Tertius
313 1313 421 1352 ordo
460 1325 608 1351 earum
647 1325 789 1351 rerum
827 1325 922 1351 esse
959 1318 1116 1364 potest,
1156 1313 1198 1351 in
1231 1327 1340 1364 quas
1376 1313 1570 1354 solemus

104 1387 362 1439 plerumque
384 1385 482 1433 labi,
506 1398 668 1437 easque
690 1391 864 1437 oportet
887 1398 973 1424 non
996 1384 1322 1425 dissimulanter
1344 1386 1567 1438 inspicere,

105 1473 207 1500 nam
231 1460 273 1498 in
297 1459 451 1499 eadem
475 1459 564 1498 fere
586 1458 777 1498 solemus
800 1458 997 1497 incidere.

194 1533 460 1585 Respondeo
498 1531 702 1579 secundo,
736 1544 787 1570 ea
816 1531 859 1569 in
897 1531 1055 1582 quibus
1093 1530 1387 1582 delinquimus
1430 1532 1568 1573 solere

104 1606 364 1659 plerumque
414 1617 623 1657 angorem
675 1604 896 1656 quendam
953 1604 1232 1644 conscientiae
1286 1618 1568 1657 morsumque

108 1679 358 1731 relinquere,
383 1679 457 1730 qui
481 1678 660 1730 quidem
691 1677 948 1717 memoriam
978 1683 1133 1730 postea
1157 1678 1281 1717 nobis
1305 1679 1471 1719 excitat
1492 1680 1568 1719 ad-

108 1752 252 1792 missae
274 1765 404 1792 noxae
427 1764 527 1790 cum
557 1751 775 1790 examinis
797 1756 996 1802 tempore
1018 1763 1159 1790 noxas
1190 1737 1319 1804 ipsas·
1335 1751 1570 1804 investiga—

109 1839 215 1866 mus.
252 1826 298 1867 Si
315 1839 415 1877 qua:
433 1831 582 1864 tamen
601 1823 695 1863 aliae
719 1829 991 1876 praetereant,
1009 1824 1081 1863 ubi
1101 1824 1204 1863 satis
1227 1825 1358 1865 studii
1382 1825 1425 1863 in
1443 1824 1570 1864 nobis

104 1898 354 1938 »scrutandis
376 1897 637 1936 collocatum
668 1902 745 1945 est,
767 1896 893 1936 venia
922 1896 1043 1948 digni
1076 1909 1252 1945 sumus;
1286 1910 1366 1939 nec
1394 1910 1570 1938 necesse

107 1972 323 2011 habemus
357 1970 504 2010 omnia
535 1969 603 2009 vel
636 1969 929 2009 minutissima
961 1976 1051 2009 tam
1084 1969 1268 2011 sollicite
1299 1971 1571 2022 perscrutari,

106 2050 156 2085 :ut
193 2044 236 2083 in
274 2044 531 2083 memoriam
565 2043 826 2094 redigantur.
893 2042 980 2082 Sed
1014 2055 1111 2093 quae
1144 2042 1325 2094 alicujus
1359 2044 1571 2084 momenti

109 2117 280 2166 fuerint,
319 2131 369 2157 ea
411 2130 489 2156 nos
531 2115 789 2168 plerumque
831 2129 918 2155 non
962 2115 1112 2165 latent,
1139 2122 1233 2157 tum
1272 2116 1373 2168 quia
1414 2130 1491 2168 per
1525 2131 1571 2157 se

107 2191 259 2233 statim
291 2196 517 2243 apparent,
541 2195 635 2229 tum
658 2190 771 2241 quia,
795 2194 843 2228 ut
868 2188 1075 2238 diximus,
1099 2190 1358 2229 memoriam
1380 2190 1571 2231 vulneris

108 2264 386 2317 reliquerunt.
449 2263 601 2315 Atque
638 2263 739 2302 hinc
777 2262 908 2302 etiam
948 2261 1231 2315 intelligimus
1263 2262 1306 2302 id
1345 2264 1570 2316 temporis,

109 2338 228 2390 quod
251 2337 531 2377 conscientiis
549 2337 832 2376 discutiendis
851 2337 1047 2389 quotidie
1068 2337 1206 2385 datur,
1225 2337 1331 2377 satis
1354 2351 1571 2390 superque

107 2412 254 2460 videri,
280 2411 382 2463 quia
405 2424 462 2450 ex
487 2411 701 2463 cogitatis,
725 2410 863 2459 dictis,
887 2416 931 2451 et
953 2410 1078 2450 factis
1100 2424 1198 2463 quae
1220 2411 1377 2451 vitiosa
1399 2411 1570 2462 fuerint,

111 2497 163 2524 ea
203 2485 350 2523 statim
400 2490 625 2537 apparent,
671 2497 749 2524 nec
802 2484 934 2537 longa
983 2484 1224 2525 admodum
1267 2485 1571 2537 disquisitione

109 2562 240 2609 egent
271 2563 319 2597 ut
350 2558 572 2610 patefiant.

197 2630 464 2682 Respondeo
511 2632 653 2682 tertio,
697 2633 753 2672 ad
799 2638 1034 2685 utrumque
1081 2633 1408 2675 incommodum
1453 2642 1568 2675 recte

108 2702 272 2743 consuli
305 2708 398 2743 tum
431 2704 643 2757 cujusque
677 2707 910 2756 memoriae,
939 2713 1032 2748 tum
1065 2708 1311 2748 necessitati
1343 2708 1565 2760 temporis,

106 2776 283 2829 gemino
310 2777 520 2830 cujusque
550 2779 635 2820 diei
666 2781 900 2832 examine,
934 2782 1068 2822 semel
1101 2783 1216 2822 enim
1246 2787 1378 2833 atque
1410 2781 1568 2821 iterum

109 2849 153 2890 in
181 2851 251 2892 die
278 2857 445 2894 certum
468 2853 551 2895 sibi
581 2855 770 2909 spatium
794 2869 963 2897 sumere
985 2856 1040 2898 ad
1064 2869 1164 2903 suas
1196 2854 1570 2908 recognoscendas

283 2926 312 2957 T
344 2928 368 2957 2
