1903 3197
618 221 687 267 In
722 221 940 283 Regulas
975 220 1040 266 M
1041 221 1233 268 odestz‘ae.
1567 227 1663 284 677

286 354 556 396 Scandalum
598 354 731 395 etiam
770 354 1010 407 praebendo
1048 355 1196 396 laedit:
1234 369 1337 396 nam
1375 356 1533 408 quibus
1571 357 1665 409 ejus

198 429 460 469 obtrectatio
502 442 590 468 non
632 428 787 481 placet,
832 429 859 467 ii
910 429 1103 481 graviter
1143 429 1435 470 offenduntur.
1520 432 1664 472 Bona-

197 509 392 552 ventura,
416 503 459 542 in
484 502 606 555 Spec.
633 502 750 543 Disc.
771 519 779 543 ι
803 506 823 521 “
838 503 1035 543 Pessima
1051 504 1144 544 vitii
1167 505 1415 557 corruptela
1437 505 1663 554 detractio,

199 591 298 631 quae
327 578 521 617 animam
551 576 753 625 maculat,
788 577 934 617 Deum
967 578 1162 626 offendit,
1193 580 1447 630 proximum
1481 581 1665 620 scanda-

197 651 340 692 lizat.''
401 651 646 691 Praesertim
683 665 786 691 vero
823 652 857 690 si
895 651 1122 704 religiosus
1159 653 1215 692 sit
1252 654 1298 702 is,
1334 655 1407 706 qui
1445 654 1665 704 detrahit3

199 726 313 779 quia,
337 731 384 765 ut
418 726 534 765 idem
572 726 633 765 ait
667 725 1004 766 Bonaventura:
1037 726 1326 779 “Religiosus
1361 742 1448 767 non
1484 735 1560 777 est,
1590 729 1663 781 qui

199 800 546 840 detractionibus
568 799 721 853 pascit,
744 800 813 840 vel
834 801 1030 853 pascitur
1051 800 1240 840 alienis.”
1305 802 1487 842 Ibidem.

285 873 448 927 Quoad
480 874 732 914 secundum.
797 875 866 914 De
898 875 1054 914 mediis
1086 874 1141 915 ad
1175 875 1425 916 evitandam
1459 876 1664 917 detracti-

196 961 338 989 onem.
383 948 545 997 Media,
568 956 611 988 et
631 949 715 988 viae
737 949 792 988 ad
823 949 1075 988 evitandam
1099 950 1429 999 detractionem,
1454 957 1496 990 et
1519 964 1664 990 susur-

196 1036 292 1063 rum
316 1023 509 1075 quinque
532 1036 627 1062 esse
649 1029 844 1076 possunt.
909 1022 1065 1071 Prima,
1091 1029 1138 1063 ut
1160 1024 1257 1076 quis
1287 1030 1455 1064 statuat
1478 1025 1595 1078 apud
1618 1039 1664 1065 se

196 1103 453 1138 constanter
487 1103 749 1150 perpetuum
788 1098 842 1137 de
879 1097 1032 1137 alienis
1070 1097 1207 1145 factis,
1245 1098 1313 1138 vel
1351 1099 1478 1138 dictis
1516 1106 1664 1139 tenere

195 1171 430 1220 silentium,
462 1171 543 1210 nisi
581 1171 693 1211 forte
729 1177 930 1223 spectent
966 1172 1021 1211 ad
1061 1171 1246 1211 laudem.
1330 1172 1588 1221 BernardUS,
1620 1174 1663 1212 in

195 1245 408 1286 Formula
448 1245 548 1285 hon.
582 1245 683 1285 vit.:
732 1245 839 1285 “De
876 1245 996 1285 nullo
1033 1259 1210 1298 prorsus
1247 1247 1420 1287 sinistre
1458 1247 1663 1300 loquaris,

194 1321 398 1374 quamvis
440 1320 496 1359 sit
536 1332 697 1368 verum,
741 1320 808 1359 vel
851 1319 1170 1360 manifestum.’'
1250 1321 1349 1361 Hoc
1392 1328 1661 1375 praeceptum

194 1394 399 1435 servabat
442 1394 495 1433 N.
542 1394 583 1434 P.
629 1394 840 1446 Ignatius,
880 1395 953 1447 qui
996 1408 1050 1434 ne
1091 1395 1147 1434 de
1189 1396 1429 1434 notissimis
1472 1396 1661 1448 quidem,

193 1468 676 1522 pervulgatissimisque
741 1468 970 1507 hominum
1021 1469 1138 1508 vitiis
1200 1469 1318 1521 loqui
1385 1471 1664 1510 consuevisse

195 1542 364 1583 dicitur.
420 1542 694 1594 Praeeeptum
718 1548 783 1582 est
806 1542 939 1582 etiam
963 1542 1008 1581 B.
1028 1542 1249 1591 Bernardi‚
1266 1557 1315 1582 ac
1340 1544 1662 1584 Bonaventurae

195 1617 252 1657 de
287 1617 465 1656 Inform.
499 1616 646 1656 Novit.
678 1630 710 1656 c.
737 1627 801 1666 24,
824 1630 912 1669 par.
944 1628 990 1656 1:
1024 1616 1133 1657 “Sic
1167 1617 1345 1670 loquere
1378 1619 1433 1658 de
1468 1619 1660 1666 absente,

197 1704 248 1731 ac
271 1691 306 1730 si
332 1691 463 1730 scires
493 1703 592 1730 eum
624 1704 761 1743 prope
791 1690 1004 1737 assistere,
1028 1697 1071 1730 et
1094 1691 1349 1731 auscultare.
1415 1692 1484 1731 Ne
1507 1693 1662 1732 timeat

194 1771 240 1805 te
277 1765 472 1817 quisque,
502 1764 620 1817 quod
664 1765 706 1804 in
749 1764 949 1804 absentia
986 1779 1065 1804 sua
1107 1764 1270 1805 famam
1314 1766 1407 1818 ejus
1444 1767 1658 1819 denigres.

197 1839 415 1892 Magnum
457 1839 611 1878 vitium
653 1844 720 1878 est
761 1838 964 1890 religioso
1007 1839 1149 1879 dicere
1190 1840 1246 1879 de
1297 1840 1489 1887 absente,
1542 1842 1660 1893 quod

196 1914 471 1954 erubesceret
512 1912 631 1965 loqui
673 1913 707 1951 si
750 1912 954 1952 audiret.”
1018 1913 1120 1952 Huc
1172 1914 1303 1965 igitur
1344 1921 1513 1966 spectat
1555 1915 1662 1955 illud

197 1986 329 2027 Eccli.
385 1987 437 2026 28
465 2002 472 2026 :
535 1985 657 2027 “Ori
709 1992 786 2025 tuo
838 1985 970 2026 facito
1022 1987 1145 2035 ostia,
1198 1993 1241 2027 et
1303 2001 1420 2027 seras
1481 1988 1659 2029 auribus

195 2061 319 2102 tuis.”

286 2135 492 2176 Secunda
520 2135 590 2174 via
623 2141 699 2184 est,
730 2134 891 2174 habere
920 2148 1009 2187 prae
1042 2135 1178 2174 oculis
1210 2136 1405 2175 divinum
1436 2136 1661 2178 charitatis

195 2215 479 2264 praeceptum,
503 2222 590 2261 quo
615 2208 821 2260 jubemur
849 2222 929 2248 nos
958 2210 1071 2248 inter
1096 2223 1175 2249 nos
1198 2223 1357 2259 amare,
1381 2217 1424 2250 et
1445 2218 1658 2264 tanquam

195 2284 279 2338 ipsi
316 2297 397 2323 nos
433 2283 687 2336 proximum
725 2296 944 2335 quemque
981 2283 1170 2335 diligere.
1235 2284 1347 2324 Cum
1385 2286 1489 2338 quid
1528 2287 1661 2339 igitur

194 2359 315 2412 loqui
348 2357 403 2398 de
436 2358 652 2411 proximis
684 2357 727 2397 in
760 2364 953 2397 mentem
986 2359 1116 2406 venit,
1140 2358 1415 2399 reflectamus
1447 2362 1658 2401 continuo

196 2433 394 2474 animum
424 2432 478 2471 ad
509 2446 560 2471 ea
589 2445 687 2484 quae
711 2432 907 2480 dicimus,
931 2431 1245 2485 videamusque
1278 2447 1332 2473 an
1363 2448 1414 2473 ea
1443 2435 1498 2475 de
1530 2436 1657 2476 nobis

196 2507 252 2547 ab
286 2506 382 2546 aliis
413 2506 497 2546 dici
530 2519 658 2558 aequo
690 2505 899 2545 ferremus
932 2506 1108 2556 animo;
1155 2508 1274 2559 quod
1313 2508 1346 2546 si
1385 2509 1546 2561 iniquo,
1584 2524 1660 2549 cur

195 2594 247 2621 ea
268 2594 350 2620 nos
371 2580 453 2633 ipsi
475 2580 530 2619 de
553 2579 647 2619 aliis
669 2580 814 2619 dicere
835 2594 923 2619 non
945 2594 1145 2620 veremur
1165 2581 1179 2620 ?

284 2654 496 2706 Praecepti
527 2659 675 2693 autem
697 2653 980 2693 violationem
1009 2668 1143 2706 poena
1172 2656 1368 2707 sequitur
1388 2655 1457 2695 hic
1481 2670 1657 2710 quoque

194 2728 399 2769 humanis
421 2727 590 2780 legibus
613 2727 860 2780 infligenda.
925 2728 1054 2768 Certe
1076 2728 1156 2768 hos
1178 2729 1446 2770 detractores
1468 2733 1659 2783 graviter

194 2802 323 2856 punit
359 2801 557 2850 Basilius,
588 2807 631 2841 et
666 2801 722 2841 ab
754 2801 849 2841 aliis
882 2803 1072 2854 separari
1100 2802 1235 2854 jubet.
1300 2803 1359 2842 Et
1391 2804 1433 2843 in
1467 2805 1657 2846 detesta-

193 2878 361 2918 tionem
391 2877 503 2916 tanti
536 2876 650 2924 mali,
678 2890 732 2916 ne
766 2890 876 2929 opus
910 2877 1087 2929 quidem
1118 2877 1237 2929 quod
1272 2878 1368 2930 quis
1403 2878 1655 2929 elaboravit,

194 2966 295 2993 cum
338 2951 433 2991 aliis
471 2951 640 2990 misceri
683 2951 906 3003 permittit.
972 2951 1030 2990 Et
1073 2952 1273 3003 quamvis
1312 2952 1382 2992 ille
1420 2954 1657 3006 resipiscat,
