1903 3197
327 185 343 216 1
357 183 420 230 30
639 167 721 215 De
753 167 942 214 ratione
977 168 1170 215 vivendi
1208 168 1468 216 Socz'elatzlr.

320 316 379 343 ex
401 301 540 342 tribus
572 301 808 354 propositis
838 302 1080 354 generibus.
1148 302 1236 343 Ubi
1268 303 1384 342 enim
1406 301 1610 342 voluntas
1640 309 1789 343 nostra

319 376 376 416 ad
418 388 598 428 poenam
640 376 898 428 propensior
935 382 1011 425 est,
1052 376 1109 415 ibi
1154 375 1338 416 efficitur
1379 381 1423 416 et
1465 375 1612 416 evadit
1653 389 1787 428 poena

321 450 418 503 ipsa
458 449 680 502 placidior.
738 449 886 502 Quare
928 450 971 489 in
1014 449 1215 503 eligenda
1248 463 1381 503 poena
1424 463 1523 489 cum
1558 449 1787 489 habendus

321 524 377 564 sit
419 523 613 564 delectus
656 530 750 564 tum
793 525 976 576 generis,
1014 531 1107 564 tum
1152 523 1478 577 mag11itudi11iS‚
1517 528 1611 562 tum
1654 524 1786 563 etiam

322 599 666 651 opportunitatis
697 611 747 637 ac
779 599 1001 651 temporis,
1028 599 1151 651 isque
1184 612 1271 638 non
1307 598 1362 637 ab
1395 611 1447 637 eo
1479 597 1553 649 qui
1586 596 1790 649 plectitur

321 678 365 713 et
406 685 561 724 poenas
603 671 693 719 luit,
738 672 815 711 secl
863 673 919 712 ab
963 686 1014 711 eo
1057 672 1131 724 qui
1184 672 1336 724 plectit
1383 678 1426 711 et
1467 672 1606 724 punit,
1650 670 1790 711 multo

320 745 518 798 profecto
552 745 768 785 difficilior
801 746 1100 785 existimanda
1135 753 1199 785 est
1236 746 1443 798 imposita
1477 758 1622 797 poena,
1656 758 1788 796 quam

322 819 435 860 ultro
469 824 683 871 suscepta,
709 819 848 859 multo
873 819 1049 871 majoris
1083 818 1155 859 illa
1190 820 1343 867 meriti,
1368 832 1501 871 quam
1533 817 1638 875 haec.

412 899 468 944 50,
513 892 565 932 Id
614 894 732 945 quod
776 893 819 932 in
870 894 1014 945 poenis
1058 894 1257 945 irrogatis
1310 892 1613 932 difficultatem
1660 898 1793 944 auget

323 972 388 1007 est
431 966 652 1019 irrogandi
696 967 865 1014 modus,
901 967 974 1017 qui
1017 966 1179 1018 triplex
1224 980 1317 1004 esse
1359 964 1480 1004 solet.
1558 965 1684 1005 Unus
1727 971 1794 1005 est

321 1054 420 1081 eum
452 1054 586 1093 poena
616 1045 776 1092 praeter
803 1039 1162 1091 expectationem
1194 1038 1434 1090 imponitur
1464 1038 1627 1078 indicta
1650 1052 1792 1087 causa,

321 1122 364 1155 et
388 1120 567 1166 repente
589 1113 852 1165 opprimitur
875 1113 1129 1165 imparatus,
1149 1113 1460 1164 interdumque
1483 1111 1578 1151 aliis
1602 1113 1794 1164 agitatus

321 1188 434 1228 curis
457 1193 589 1239 atque
612 1186 834 1226 molestiis.
892 1186 1128 1239 Inopinata
1157 1192 1305 1226 autem
1331 1185 1479 1225 omnia
1501 1191 1544 1225 et
1567 1185 1794 1238 repentina

322 1262 464 1314 magis
507 1266 649 1310 urunt,
686 1274 819 1312 quam
862 1261 1049 1313 przevisa
1093 1265 1136 1299 et
1179 1264 1425 1311 expectata.
1503 1259 1641 1298 Recte
1678 1258 1794 1298 enim

322 1337 365 1375 in
389 1349 440 1375 ea
461 1335 593 1375 verba
615 1335 701 1386 Job
730 1334 788 1374 16.
854 1339 872 1352 ‘⁴
891 1334 988 1374 Ecro
1012 1333 1084 1373 ille
1107 1333 1333 1385 quondam
1358 1332 1592 1385 opulentus
1617 1337 1797 1385 repente

323 1410 537 1450 contritus
567 1408 700 1457 sum,'’
733 1409 874 1460 inquit
907 1408 1155 1460 Gregorius,
1188 1407 1277 1446 “In
1309 1420 1360 1446 eo
1391 1406 1507 1458 quod
1542 1420 1588 1445 se
1618 1412 1799 1459 repente

323 1484 561 1524 contritum
586 1482 781 1531 asseruit,
806 1481 1077 1521 infirmorum
1108 1487 1303 1520 mentem
1338 1480 1631 1533 improvidam
1655 1480 1799 1533 desig-

323 1558 454 1598 navit.
495 1556 581 1609 Qui
606 1556 710 1596 dum
735 1556 864 1603 mala,
885 1569 982 1607 quae
1007 1555 1152 1595 futura
1175 1561 1286 1603 sunt,
1313 1554 1555 1607 praevidere
1578 1555 1799 1604 nesciunt3

325 1637 451 1671 tanto
484 1631 545 1670 eis
577 1630 778 1682 graviora
811 1629 932 1677 fiunt,
967 1634 1133 1681 quanto
1167 1634 1210 1668 et
1241 1629 1297 1668 ab
1335 1629 1395 1667 eis
1428 1629 1657 1681 inopinata
1690 1628 1799 1668 tole-

327 1703 534 1745 rantur.’'1
597 1704 698 1755 Jam
721 1703 918 1756 plerique
943 1702 1194 1743 mortalium
1219 1708 1388 1742 mentes
1410 1707 1569 1754 gerunt
1591 1701 1798 1751 infirmas,

326 1786 370 1819 et
401 1778 500 1818 ideo
530 1778 728 1831 plerique
758 1778 900 1830 magis
924 1777 1171 1830 inopinatis,
1196 1790 1328 1829 quam
1351 1776 1546 1828 praevisis
1568 1781 1798 1828 anguntur.

327 1853 589 1905 Inopinatus
629 1852 710 1892 suit
746 1851 960 1904 colaphus
998 1851 1069 1890 ille
1107 1851 1325 1903 impactus
1363 1850 1418 1889 ab
1447 1849 1628 1889 Abbate
1664 1848 1800 1889 Paulo

328 1926 547 1967 monacho
601 1926 882 1974 ministranti,
927 1925 982 1964 de
1029 1938 1116 1976 quo
1169 1938 1248 1964 nos
1294 1937 1425 1976 supra
1476 1937 1533 1962 ex
1588 1923 1800 1963 Cassiano

334 2001 442 2042 Coll.
482 2012 542 2052 19.
576 2015 607 2040 c.
648 2011 678 2039 I.
726 2017 729 2018 ⁷

415 2075 546 2114 Alter
589 2073 838 2126 irroganda²
882 2086 1028 2125 poenae
1072 2073 1228 2112 modus
1272 2078 1347 2119 est,
1382 2084 1480 2110 cum
1523 2071 1577 2110 ad
1620 2082 1799 2122 poenam

327 2149 474 2201 gravis
505 2148 763 2199 adjungitur
796 2147 1048 2199 objurgatio
1079 2151 1212 2197 atque
1246 2145 1541 2197 exprobratio,
1576 2158 1674 2196 quae
1707 2145 1802 2196 ipsa

328 2235 447 2274 saepe
485 2221 598 2261 fodit
631 2221 831 2260 animum
869 2220 1020 2269 acrius,
1055 2233 1187 2272 quam
1226 2219 1320 2271 ipsa
1357 2232 1499 2271 poena.
1562 2217 1683 2257 Talis
1721 2216 1802 2257 fuit

328 2309 380 2335 ea
410 2308 497 2347 qua
527 2294 865 2334 Alexandrinus
898 2293 969 2334 ille
998 2293 1166 2342 Abbas,
1191 2292 1314 2345 eujus
1346 2306 1477 2345 supra
1510 2291 1800 2339 meminimus,

330 2369 585 2409 monasterii
640 2369 788 2409 affecit
840 2381 1153 2418 oeconomum3
1206 2381 1307 2407 nam
1355 2367 1473 2420 prius
1519 2366 1708 2419 graviter
1758 2366 1802 2405 in

329 2443 554 2483 hominem
585 2443 797 2492 invectus,
820 2442 972 2495 projici
996 2442 1155 2482 deinde
1185 2441 1305 2481 illum
1335 2454 1391 2480 ex
1420 2439 1618 2480 Ecclesia
1643 2437 1804 2491 jussit.2

331 2517 507 2557 Tertius
540 2516 652 2556 solet
687 2530 781 2556 esse
816 2517 985 2565 modus,
1017 2529 1115 2555 cum
1156 2515 1421 2568 Praepositus
1453 2527 1566 2563 eum,
1589 2514 1662 2566 qui
1696 2513 1803 2553 deli-

330 2591 438 2643 quit,
476 2590 733 2643 perturbato
776 2590 887 2629 sorte
929 2590 1078 2630 animo
1126 2602 1212 2628 non
1259 2594 1441 2641 paterno
1483 2588 1704 2640 castigat;
1757 2586 1802 2627 id

328 2665 445 2704 enim
497 2665 690 2717 graviter
732 2663 933 2704 vulnerat
976 2664 1069 2715 ejus
1112 2664 1186 2715 qui
1239 2663 1469 2715 corripitur
1510 2662 1717 2710 animum,
1757 2666 1802 2700 et

328 2737 427 2778 bilis
464 2737 598 2778 bilem
637 2743 859 2791 provocat,
895 2743 938 2777 et
973 2738 1035 2777 ira
1074 2738 1192 2777 iram.
1278 2737 1342 2777 Ut
1376 2743 1523 2777 autem
1560 2737 1602 2775 in
1639 2737 1701 2785 iis,
1727 2735 1801 2787 qui

329 2811 543 2852 beneficia
575 2811 815 2861 conferunt,
847 2811 946 2864 plus
973 2825 1090 2864 saepe
1121 2811 1292 2851 animus
1326 2811 1418 2863 ipse
1450 2809 1639 2850 delectat
1668 2821 1799 2861 quam

605 2900 617 2919 1
644 2901 762 2932 Moral.
784 2901 805 2932 1.
830 2908 877 2941 13.
900 2911 927 2932 e.
952 2909 999 2940 14.
1181 2899 1193 2917 '-'
1219 2900 1354 2931 Cliniae.
1374 2900 1464 2940 grad.
1485 2909 1516 2939 4.
