1903 3197
437 171 515 217 De
547 170 703 216 nimia
737 170 951 231 corporis
985 167 1315 215 sollicitudine.
1514 179 1609 225 407

146 305 283 357 “Jam
311 303 554 356 quaeritur,‘'
578 301 730 354 inquit,
750 301 843 340 “ad
875 300 1159 350 induendum,
1183 314 1270 340 non
1298 299 1416 352 quod
1449 298 1610 349 utilius,

145 379 223 418 sed
256 379 374 430 quod
406 376 606 417 subtilius
638 374 910 423 inveniatur;
949 387 1036 413 non
1079 373 1198 426 quod
1241 373 1376 425 frigus
1413 372 1608 426 repellat,

147 452 223 492 sed
247 451 365 504 quod
391 450 614 503 superbire
636 447 900 500 compellat3
933 460 1021 486 non
1045 447 1233 499 denique
1256 447 1385 498 juxta
1414 446 1609 499 regulam

143 524 262 578 quod
304 524 429 564 vilius
466 522 709 575 comparari
760 525 919 573 potest,
962 520 1039 560 sed
1082 520 1202 572 quod
1243 521 1485 569 venustius,
1518 521 1608 560 imo

145 599 300 639 vanius
332 594 603 637 ostentari.'’1
666 594 907 635 Incidimus
937 607 1040 646 ergo
1074 594 1116 633 in
1140 594 1422 633 vanissimam
1458 593 1608 634 elatio-

147 686 259 721 nem,
284 673 389 712 dum
411 670 598 710 vestium
624 668 839 709 tenuitate
872 668 1110 720 quaerenda
1136 667 1386 708 consultum
1407 667 1610 707 volumus

139 746 337 798 corporis
360 743 604 784 commodo.
668 741 765 782 Aut
787 742 821 781 si
851 755 939 781 non
962 742 1005 781 in
1027 741 1151 791 hanc,
1175 747 1292 781 certe
1314 742 1355 781 in
1380 741 1608 781 mollitiem

146 819 370 871 quandam
402 832 427 857 a
461 817 636 858 Sanctis
673 817 790 864 item,
824 822 873 855 ut
914 815 1121 864 diximus,
1160 815 1480 868 reprehensam,
1521 816 1609 855 imo

147 907 172 933 a
195 892 359 933 Sancto
388 891 662 932 Sanctorum.
718 888 837 941 Quid
870 890 986 929 enim
1016 890 1050 929 is
1078 889 1138 929 ait
1161 889 1278 941 apud
1312 888 1610 929 Matthaeum?

138 969 169 986 ·“
184 967 300 1006 Ecce
329 965 403 1017 qui
439 964 643 1004 mollibus
671 963 927 1011 vestiuntur,
951 964 995 1002 in
1024 963 1229 1002 domibus
1263 976 1415 1014 regum
1449 960 1611 1002 sunt.''2

148 1040 208 1080 Et
237 1039 382 1091 glossa
409 1038 451 1077 in
474 1037 618 1077 locum
637 1050 645 1076 :
675 1037 814 1089 “Ipse
835 1037 1027 1088 Joannes
1056 1035 1250 1076 habebat
1270 1036 1531 1076 vestimenta
1554 1035 1609 1075 de

144 1112 244 1165 pilis
268 1109 571 1159 camelorum,'’
595 1110 719 1150 dicit:
744 1109 934 1150 “Servus
958 1109 1042 1149 Dei
1066 1123 1153 1149 non
1176 1109 1308 1149 debet
1330 1109 1491 1149 habere
1514 1123 1607 1148 ves-

147 1186 382 1225 timentum
414 1185 470 1224 ad
508 1185 710 1224 decorem
742 1182 811 1223 vel
844 1183 1193 1231 delectationem,
1229 1182 1305 1223 sed
1343 1189 1516 1222 tantum
1551 1182 1606 1222 ad

144 1258 382 1311 tegendam
405 1255 688 1296 nuditatem.”
752 1256 812 1296 Et
835 1256 1083 1296 Bernardus
1106 1270 1237 1309 supra
1257 1256 1457 1296 “Missus
1480 1262 1545 1295 est
1563 1270 1570 1295 :
1588 1254 1606 1268 ''

148 1329 380 1379 “Ornari‚'’
414 1330 566 1382 inquit,
597 1332 720 1369 “non
762 1330 919 1369 armari
956 1335 1173 1382 appetunt
1224 1329 1384 1369 milites
1434 1329 1608 1377 Christi,

144 1405 218 1457 qui
248 1405 354 1444 dum
387 1417 433 1443 se
464 1416 696 1455 preparare
728 1403 783 1442 ad
816 1402 1030 1455 proelium,
1063 1409 1106 1442 et
1138 1408 1290 1442 contra
1321 1403 1431 1442 aeris
1463 1408 1608 1455 potes-

142 1483 259 1517 tates
310 1476 584 1529 praetendere
635 1477 907 1528 paupertatis
961 1476 1130 1527 insigne
1176 1475 1419 1515 debuerant
1472 1476 1606 1527 (quod

142 1551 298 1603 utique
329 1550 564 1590 adversarii
597 1550 785 1589 multum
813 1549 1079 1601 formidant),
1104 1550 1146 1588 in
1170 1549 1352 1589 mollitie
1374 1550 1608 1589 vestimen-

144 1632 300 1675 torum,
343 1625 463 1677 pacis
506 1625 651 1677 potius
694 1637 827 1676 quam
870 1623 971 1663 belli
1014 1623 1343 1676 praeseferentes
1385 1623 1607 1672 indicium,

148 1699 262 1740 ultro
308 1713 353 1739 se
400 1699 487 1739 suis
524 1698 722 1738 hostibus
769 1698 862 1737 sine
908 1697 1121 1749 sanguine
1163 1698 1342 1737 tradunt
1384 1696 1607 1736 inermes.''

147 1772 306 1812 Molles
333 1785 435 1824 ergo
466 1771 704 1820 evadimus,
728 1772 834 1811 dum
868 1771 1051 1810 nimium
1073 1770 1269 1810 valentes
1302 1784 1481 1823 corpore
1514 1784 1608 1809 esse

144 1846 359 1886 volumus.

235 1919 287 1958 In
318 1924 529 1971 apparatu
552 1931 655 1957 vero
678 1917 1083 1970 compositioneque
1105 1918 1467 1957 vestimentorum
1492 1916 1608 1956 solli-

145 1993 295 2033 citudo
328 1992 475 2043 aliqua
512 2005 605 2031 esse
642 1996 798 2043 potest,
834 1991 939 2030 dum
978 2004 1028 2030 ea
1061 1990 1130 2030 vel
1168 1991 1352 2030 nimium
1391 1991 1505 2039 laxa,
1539 1991 1608 2030 vel

137 2066 274 2106 -nimis
303 2065 513 2104 adstricta
545 2064 862 2116 conquerimur.
927 2063 1040 2104 Sunt
1074 2065 1190 2103 enim
1226 2066 1299 2116 qui
1335 2066 1395 2104 ita
1426 2064 1608 2116 singulis

140 2144 249 2192 apta
279 2138 485 2178 membris
511 2139 774 2177 vestimenta
803 2137 1038 2189 requirunt,
1069 2143 1117 2177 ut
1145 2138 1263 2190 picta
1291 2139 1448 2190 potius,
1473 2151 1606 2190 quam

145 2212 351 2265 imposita
393 2212 585 2264 corporis
621 2211 689 2250 vel
731 2211 886 2250 induta
926 2210 1061 2250 videri
1104 2211 1282 2263 possint.
1347 2211 1516 2250 Nolunt
1559 2224 1609 2251 ea

139 2285 233 2326 ulla
262 2300 319 2326 ex
349 2292 473 2338 parte
502 2285 755 2333 redundare,
780 2298 834 2324 ne
863 2284 981 2324 sinus
1010 2284 1189 2336 quidem
1220 2283 1330 2324 ullos
1362 2290 1438 2324 aut
1467 2284 1609 2324 flexus

138 2366 374 2411 ⁴tamquam
408 2358 576 2411 frigoris
611 2357 886 2411 receptacula
916 2358 1026 2397 ferre
1057 2364 1242 2410 possunt
1260 2373 1268 2408 ;
1307 2358 1428 2397 aiunt
1456 2364 1607 2411 aptam

144 2440 312 2473 vestem
350 2446 507 2485 corpus
540 2446 566 2472 a
598 2432 757 2484 frigore
794 2432 934 2484 magis
971 2431 1216 2481 defendere,
1247 2445 1379 2483 quam
1408 2431 1606 2471 villosam

146 2512 191 2546 et
218 2506 329 2546 bene
362 2507 590 2555 munitam,
614 2519 713 2557 quae
742 2511 893 2545 tamen
923 2506 1091 2558 corpori
1126 2519 1213 2546 non
1242 2512 1335 2545 tam
1370 2511 1473 2558 apte
1508 2519 1609 2545 con-

145 2579 303 2619 veniat.
352 2579 446 2619 Nec
469 2579 663 2619 sentiunt
679 2593 726 2619 se
748 2580 791 2619 in
814 2580 1005 2632 corporis
1027 2579 1321 2619 sollicitudine
1343 2580 1606 2632 elegantiam

147 2652 352 2693 secularis
394 2652 536 2692 cultus
578 2654 818 2704 exquirere,
861 2667 948 2693 non
991 2654 1276 2693 commodum
1317 2652 1608 2702 valetudinis;

147 2725 352 2766 secularis
375 2726 490 2765 enim
512 2726 659 2779 potius
681 2731 747 2766 est
769 2726 907 2767 fastus
923 2733 1016 2767 tam
1039 2734 1144 2780 apta
1164 2727 1426 2767 vestimenta
1448 2739 1608 2778 gerere,

142 2812 283 2852 [quam
306 2799 521 2852 religiosae
544 2800 786 2840 modestiae.
830 2801 977 2841 Debet
999 2802 1116 2841 enim
1139 2814 1232 2841 esse
1254 2800 1396 2840 cultus
1417 2799 1610 2852 corporis

494 2887 507 2906 1
532 2889 573 2919 In
597 2888 743 2930 Apolog.
765 2890 805 2920 ad
831 2889 907 2921 Gul.
1030 2889 1043 2907 ²
1066 2889 1186 2920 Matth.
1211 2898 1258 2921 11.
