1903 3197
336 148 589 195 Patientia
625 149 830 210 exemplo
868 149 918 196 S.
934 150 1035 212 Job
1070 151 1364 198 assumenda.
1491 165 1585 214 579

124 293 222 319 eam
275 279 463 327 Satanas
504 286 774 328 reservasset,
819 294 906 321 non
958 295 1057 322 cum
1109 283 1256 323 liberis
1308 285 1584 326 extinxisset.

122 351 275 404 Auget
311 359 357 391 20
393 352 505 393 hane
541 353 727 400 laudem,
762 353 881 405 quod
920 368 1005 394 non
1044 355 1177 396 modo
1212 355 1318 396 nihil
1356 357 1398 396 in
1438 358 1583 398 Deum

121 425 265 477 impie,
303 439 453 465 verum
496 440 575 466 nec
616 427 659 465 in
700 427 841 479 ipsam
889 428 1067 479 quidem
1112 429 1345 482 conjugem
1388 432 1584 483 asperius

121 497 285 551 aliquid
319 500 462 548 dixit;
507 500 583 539 sed
618 500 845 540 moderate
880 513 976 540 eam
1010 501 1242 551 duntaxat,
1271 510 1317 543 ut
1350 505 1585 546 observant

120 571 304 611 Basilius
327 577 370 612 et
395 571 747 624 Chrysostomus,
767 573 1035 626 objurgavit:
1060 588 1146 615 non
1166 577 1279 616 enim
1301 578 1428 625 dixit,
1447 578 1583 619 stulta

121 658 166 684 es
188 650 320 697 atque
341 658 504 694 amens,
527 645 616 693 sed,
642 646 779 699 Quasi
804 661 890 687 una
913 648 968 687 de
990 648 1133 688 stultis
1158 649 1415 690 mulieribus
1438 651 1583 692 locuta

119 732 191 768 es;
215 719 337 770 quasi
361 719 498 758 dicat:
523 719 628 758 nihil
660 726 714 768 te,
738 720 844 760 nihil
869 721 1143 761 institutione
1168 728 1210 762 et
1233 723 1462 776 disciplina
1486 738 1584 765 mea

119 790 301 842 dignum
333 790 527 831 attulisti.
593 791 740 844 Quam
784 799 931 834 autem
975 794 1207 834 artificiose
1251 802 1294 836 et
1336 796 1491 836 callide
1532 811 1583 838 ea

120 863 309 904 Satanas
351 878 452 904 usus
505 865 560 905 sit
611 866 667 905 ad
710 866 950 906 fallendum
997 868 1400 921 debellandumque
1441 871 1582 910 virum

119 943 329 985 sanctum,
354 938 550 990 pluribus
579 940 817 980 ostendunt
840 941 980 981 Graeci
1006 942 1155 982 Patres
1179 943 1222 982 in
1247 942 1580 996 Olympiodoro.

120 1011 209 1052 Sed
231 1010 312 1051 hac
336 1011 408 1052 illa
430 1012 600 1053 devicta
619 1014 673 1053 de
690 1013 816 1054 hoste
834 1015 995 1067 pariter
1012 1016 1311 1069 triumphavit,
1329 1023 1375 1057 nt
1393 1019 1581 1071 amplius

118 1085 283 1124 hiscere
313 1099 399 1125 non
432 1087 487 1126 sit
518 1100 657 1127 ausus.
714 1087 915 1128 Cernitur
943 1095 988 1139 30
1019 1090 1243 1142 patientiae
1278 1091 1409 1131 robur
1441 1092 1482 1131 in
1516 1106 1578 1140 eo,

117 1158 235 1210 quod
259 1158 503 1198 tolerantiae
526 1161 785 1200 exercendfe
808 1175 938 1202 causa
961 1176 1061 1202 suos
1085 1163 1178 1216 ipse
1208 1164 1423 1204 cruciatus
1451 1165 1578 1206 facie-

118 1231 193 1270 bat
224 1232 475 1283 asperiOres,
506 1233 611 1272 dum
634 1239 747 1273 testa
776 1235 942 1274 saniem
978 1235 1159 1276 raderet.
1226 1237 1278 1276 Id
1311 1238 1429 1289 quod
1463 1240 1579 1291 apud

118 1303 488 1356 Olympiodorum
518 1306 831 1358 Polycln‘onius
861 1308 1178 1348 animadvertit.
1245 1310 1401 1361 “Job,'’
1426 1312 1578 1364 inquit,

117 1381 327 1416 “tantum
366 1378 421 1417 de
454 1378 701 1420 adversario
739 1380 963 1429 laboravit,
1003 1388 1051 1421 ut
1088 1396 1165 1422 sua
1204 1390 1360 1435 sponte
1398 1386 1580 1437 asperri-

116 1463 234 1490 mam
268 1457 573 1503 paupertatem
606 1454 839 1506 amplexus
873 1456 938 1503 sit,
963 1469 1013 1495 ac
1043 1461 1155 1496 testa
1186 1457 1379 1496 ulcerum
1413 1460 1578 1498 saniem

116 1524 358 1576 detergens
396 1524 675 1566 tolerantiam
718 1529 986 1568 exercuerit:
1026 1530 1068 1568 in
1107 1544 1194 1582 quo
1233 1537 1276 1570 et
1313 1532 1581 1572 cruciamen-

114 1603 257 1636 torum
287 1611 462 1637 suorum
494 1612 663 1640 morsus
696 1602 882 1641 acriores
915 1602 1144 1651 efficiebat,
1180 1609 1223 1643 et
1255 1618 1354 1643 cum
1389 1604 1578 1646 leniendi

115 1670 256 1710 morbi
289 1671 453 1711 nullam
484 1673 697 1713 rationem
725 1675 914 1724 duceret,
937 1676 1130 1716 invidum
1166 1677 1339 1718 hostem
1373 1678 1578 1732 despera-

113 1744 233 1783 tione
262 1743 504 1797 frangebat.
568 1745 726 1798 Quare,
751 1762 849 1788 cum
874 1749 916 1787 in
939 1762 1038 1789 eum
1064 1750 1256 1802 undique
1280 1752 1454 1803 sagittae
1479 1754 1578 1793 mit-

112 1824 316 1866 terentur,
342 1824 388 1858 ut
413 1819 755 1871 Chrysostomus
779 1823 850 1869 ait,
869 1823 1003 1862 tutior
1025 1837 1075 1863 ac
1098 1823 1262 1864 firmior
1283 1826 1551 1866 consistebat
1570 1841 1579 1866 :

113 1904 301 1943 cumque
339 1891 484 1943 jacula
527 1893 860 1935 innumerabilia
903 1897 1162 1949 excepisset,
1199 1897 1303 1937 nihil
1346 1899 1400 1938 de
1443 1900 1577 1939 animi

111 1964 269 2004 virtute
304 1965 494 2005 remisit:
533 1967 621 2006 imo
654 1967 815 2008 diaboli
846 1968 1019 2009 thecam
1059 1970 1263 2010 refertam
1297 1971 1453 2023 Jaculis
1483 1987 1578 2013 om-

116 2052 215 2077 nem
240 2038 479 2078 exhausit.'''

214 2111 511 2152 {umilitatem
554 2127 656 2154 vero
708 2115 853 2163 animi,
898 2117 1160 2158 modestiam
1204 2118 1469 2171 singularem
1512 2122 1577 2161 vir

108 2185 280 2237 sapiens
335 2186 378 2225 in
431 2200 482 2226 ea
532 2189 725 2240 corporis
776 2189 1059 2231 afflictatione
1111 2193 1364 2244 praesetulit.
1444 2193 1572 2246 Quia,

107 2259 308 2311 quamvis
344 2274 469 2300 suam
506 2274 592 2301 non
635 2262 854 2315 ignoraret
896 2265 1202 2314 innocentiam,
1238 2272 1281 2307 et
1318 2268 1573 2310 existimare

106 2338 255 2385 posset
286 2347 371 2374 non
406 2348 583 2375 suorum
614 2342 894 2388 peccatorum
929 2352 1060 2378 causa
1092 2352 1138 2379 se
1170 2353 1195 2380 a
1229 2340 1327 2381 Deo
1356 2341 1500 2394 plecti,
1528 2344 1572 2384 id

108 2407 226 2458 quod
267 2413 361 2448 tota
412 2422 511 2449 cum
563 2410 701 2450 tribus
750 2412 903 2467 'amicis
955 2413 1253 2465 disputatione
1296 2414 1570 2468 depellendae

105 2481 381 2520 contumeliae
439 2483 579 2534 gratia
634 2484 880 2536 significat3
942 2492 1091 2525 tamen
1154 2487 1330 2540 culpam
1387 2497 1572 2530 conatur

107 2566 342 2604 agnoscere
371 2555 443 2594 ubi
471 2555 590 2596 nulla
622 2563 714 2597 erat
746 2557 884 2610 culpa,
910 2564 953 2599 et
974 2559 1146 2600 occulta
1168 2561 1374 2612 quaedam
1397 2563 1568 2603 adoles-

107 2626 261 2666 centiae
296 2633 477 2680 peccata
514 2629 736 2682 confingit,
769 2645 954 2683 quorum
988 2633 1239 2685 aequissimo
1273 2635 1357 2676 Dei
1387 2635 1566 2686 judicio,

106 2706 344 2752 praesentes
380 2715 535 2753 poenas
575 2703 796 2754 penderet.
879 2706 961 2745 Est
1002 2711 1150 2746 autem
1191 2706 1380 2746 hominis
1422 2708 1477 2748 de
1518 2723 1565 2750 se

104 2772 326 2814 humiliter
347 2774 570 2815 sentientis
593 2776 845 2817 existimare
867 2778 1051 2831 flagella,
1075 2793 1173 2831 quae
1195 2779 1363 2830 tolerat,
1386 2795 1563 2822 suorum

101 2860 231 2887 causa
263 2854 542 2901 peccatorum
576 2849 654 2889 sibi
688 2863 781 2891 esse
813 2865 838 2892 a
869 2852 965 2893 Deo
991 2852 1121 2894 illata.
1186 2853 1288 2895 Hoc
1316 2855 1448 2907 igitur
1477 2855 1565 2908 Job

275 2923 335 2953 LL
372 2925 393 2953 2
