1903 3197
470 148 538 193 In
571 146 788 207 Regulas
822 145 1085 193 Modestia).
1421 145 1518 202 607

57 284 123 326 Ut
154 297 241 323 non
264 282 355 322 sine
377 295 508 322 causa
530 287 654 333 roget
678 279 823 319 David
843 277 875 319 :1
907 282 929 298 “
944 278 1110 319 Averte
1133 276 1283 318 oculos
1309 289 1442 325 meOS,
1466 289 1521 316 ne

56 358 236 400 videant
264 354 539 397 vanitatem.’'
603 355 662 394 Et
697 354 888 394 Hierem.
920 353 1081 393 Thren.
1117 363 1150 403 3.
1183 351 1340 391 dicitur
1371 350 1521 390 oculus

60 431 289 485 depredari
330 430 535 478 animam,
558 428 766 481 quoniam
809 441 906 468 eam
949 428 1069 468 omni
1112 427 1229 466 bono
1271 439 1321 466 ac
1362 425 1524 465 virtute

56 505 231 559 spoliat.
307 504 377 554 Et,
410 510 457 545 ut
494 503 729 556 Gregorius
772 500 887 542 ait:2
938 502 1129 541 “Homo
1172 499 1522 552 concupiscendo

54 580 256 629 visibilia,
284 577 518 618 invisibiles
549 577 730 617 virtutes
762 574 945 616 amisit.‘'
1022 576 1080 614 Et
1115 574 1321 627 Ephrem,
1356 574 1521 613 Paraen.

55 664 127 707 ¹37,
150 657 170 672 “
186 654 238 693 In
261 652 387 693 oculo
408 665 522 704 vago
544 656 587 691 et
609 650 818 690 distracto
840 649 1104 689 adulterium
1127 647 1361 688 consistit.''

150 727 339 768 Duobus
360 732 506 766 autem
530 725 673 765 modis
706 730 850 777 potest
873 723 1058 775 intelligi
1082 728 1297 775 quantum
1322 723 1364 761 in
1387 720 1523 761 oculis

62 803 119 842 sit
139 800 337 854 periculi;
365 801 554 853 primum
577 814 602 840 a
623 799 765 852 priori,
787 799 946 839 deinde
969 812 994 838 a
1016 797 1255 850 posteriori.
1318 795 1363 835 A
1392 796 1524 848 priori

54 876 243 929 -quidem
267 889 323 915 ex
347 875 675 927 comparatione
697 874 752 914 ad
775 880 955 913 caeteros
979 886 1143 921 sensus,
1163 877 1332 924 septem
1357 870 1525 910 circiter

64 950 208 990 modis
234 949 366 1001 juxta
397 955 565 1002 septem
588 948 867 997 differentias,
890 962 988 1000 quae
1021 947 1132 986 inter
1155 945 1379 986 oculorum
1412 945 1525 998 peri-

56 1024 224 1073 culum,
248 1030 292 1064 et
313 1029 570 1063 caeterorum
593 1036 797 1063 sensuum
821 1036 914 1063 esse
936 1027 1131 1075 possunt.

158 1104 211 1138 10.
270 1097 350 1137 Per
420 1097 585 1150 species
660 1098 775 1137 enim
847 1110 988 1136 rerum
1059 1095 1341 1142 sensibilium,
1415 1107 1524 1146 quas

66 1173 292 1226 recipiunt,
330 1178 373 1212 et
414 1173 654 1212 admittunt
695 1172 820 1221 oculi,
859 1172 1166 1224 imprimuntur
1209 1169 1345 1209 menti
1387 1168 1527 1222 phan-

65 1254 258 1289 tasmata
294 1246 570 1286 vehementia
606 1252 739 1299 atque
776 1246 967 1287 efficacia
1004 1245 1060 1285 ad
1102 1244 1446 1298 perturbandam
1484 1249 1529 1284 et

67 1321 433 1362 commovendam
466 1321 811 1373 intelligentiam.
875 1320 988 1361 Sunt
1021 1320 1136 1359 enim
1169 1318 1282 1359 oculi
1314 1324 1528 1370 tanquam

64 1395 267 1435 fenestrae
302 1395 472 1444 mentis,
496 1401 544 1435 ut
576 1395 638 1435 ait
665 1394 954 1447 Augustinus,
982 1400 1024 1433 et
1058 1393 1291 1445 Gregorius
1327 1403 1390 1431 21.
1417 1392 1527 1431 Mor.

66 1483 144 1523 per
165 1484 274 1522 quas
296 1483 439 1510 rerum
462 1470 658 1509 omnium
682 1482 986 1522 corporearum
1018 1468 1232 1520 imagines
1256 1466 1310 1506 ad
1334 1466 1528 1505 animam

65 1550 302 1586 transeunt.
365 1543 456 1583 Alii
488 1557 590 1584 vero
622 1557 775 1583 sensus
808 1557 894 1582 non
926 1556 1079 1582 omncs
1112 1542 1173 1581 sic
1205 1542 1453 1593 irrumpunt
1484 1540 1528 1578 in

67 1626 288 1668 mentem;
321 1632 421 1658 nam
455 1632 554 1671 quae
585 1619 822 1658 audiuntur
853 1631 940 1657 non
972 1616 1174 1670 proxime
1201 1622 1244 1655 et
1275 1613 1532 1654 immediate

69 1707 147 1747 per
180 1707 225 1733 se
258 1693 570 1745 phantasmata
603 1693 801 1745 gignunt,
825 1692 905 1731 nisi
933 1697 1151 1744 quatenus
1177 1695 1278 1729 sunt
1304 1689 1530 1728 oculorum

66 1767 159 1820 jam
189 1781 316 1807 sensu
349 1772 564 1820 percepta,
590 1780 730 1819 neque
762 1766 935 1818 objecta
967 1765 1151 1805 aliorum
1183 1776 1389 1804 sensuum
1413 1776 1532 1815 saepe

69 1843 266 1882 animum
299 1846 612 1893 permoverent,
640 1841 721 1879 nisi
753 1841 978 1892 proposita
1011 1839 1048 1879 ei
1081 1852 1158 1891 per
1179 1837 1328 1877 oculos
1360 1842 1532 1876 essent:

72 1929 164 1968 vg„
195 1915 473 1968 pulchritudo
510 1915 711 1967 corporis,
749 1928 881 1966 quam
913 1913 1114 1965 voluptas
1152 1911 1440 1963 consequitur,
1474 1910 1532 1949 ci-

72 1990 318 2042 borumque
338 1989 603 2042 jucunditas,
622 2003 721 2041 quae
743 1989 834 2028 visa
856 1989 1005 2027 statim
1029 1992 1306 2039 appetuntur,
1330 1998 1418 2024 non
1440 1984 1535 2024 visa

74 2065 219 2103 minus
251 2064 449 2103 excitant
489 2063 746 2116 appetitum.
810 2062 868 2102 Et
900 2067 1022 2114 patet
1059 2061 1388 2113 experimento:
1431 2059 1535 2111 quia

72 2138 213 2178 acrius
247 2143 425 2177 movent
459 2151 556 2190 quae
590 2137 802 2185 videntur,
826 2150 959 2188 quam
995 2150 1092 2188 quae
1122 2134 1365 2174 audiuntur.
1429 2133 1530 2173 Per-

76 2226 198 2253 curre
220 2212 474 2264 singillatim
507 2225 658 2251 sensus
690 2225 868 2251 omnes:
901 2224 1002 2250 nam
1026 2211 1066 2249 in
1090 2209 1308 2262 plerisque
1331 2209 1364 2248 si
1388 2207 1533 2247 minus

74 2287 118 2326 in
156 2287 361 2327 omnibus
398 2286 607 2335 sensibus,
635 2286 859 2326 oculorum
897 2298 1047 2324 sensus
1085 2284 1225 2336 magis
1263 2290 1330 2323 est
1365 2282 1534 2323 caeteris

78 2361 357 2415 periculosus.
439 2361 604 2401 Tactus
646 2361 824 2413 quidem
867 2374 892 2400 a
935 2360 1072 2399 Beato
1115 2357 1299 2398 Basilio3
1340 2358 1536 2398 omnium

77 2436 469 2488 perniciosissimus
507 2436 754 2488 judicatur:
802 2441 1017 2487 quatenus
1059 2440 1154 2474 toto
1195 2447 1374 2486 corpore
1415 2432 1536 2472 fusus

78 2515 155 2549 est.
219 2510 307 2551 Sed
330 2516 479 2550 tamen
501 2510 661 2558 oculus,
686 2516 733 2550 ut
761 2509 895 2550 habet
916 2509 1172 2561 adjunctum
1206 2507 1536 2560 quodammodo

81 2589 249 2623 tactum
289 2584 383 2636 (sua
419 2585 535 2624 enim
570 2585 736 2624 visione
773 2585 988 2636 contingit
1029 2583 1187 2631 omnia,
1227 2588 1274 2621 ut
1314 2587 1437 2635 patet
1478 2595 1537 2621 ex

80 2659 238 2699 eodem
295 2658 487 2711 Basilio),
539 2665 770 2712 propterea
812 2660 904 2712 ipse
945 2659 1089 2712 potius
1130 2658 1302 2697 videtur
1341 2656 1537 2696 omnium

74 2733 277 2774 >maxime
299 2734 470 2783 noxius,
492 2733 574 2773 nisi
597 2734 880 2774 contineatur.

170 2814 226 2848 20.
262 2806 390 2848 Oculi
433 2809 630 2849 excitant
670 2808 780 2848 alios
821 2821 971 2848 sensus
1012 2807 1068 2848 ad
1110 2820 1189 2846 sua
1229 2805 1402 2858 objecta
1437 2819 1538 2847 con-

198 2898 211 2916 ²
237 2899 320 2930 Psal.
344 2898 414 2930 118.
550 2897 564 2917 ²
586 2906 637 2931 21.
659 2898 777 2930 Moral.
798 2909 825 2931 c.
845 2907 875 2930 2.
1012 2896 1025 2916 ³
1051 2897 1120 2928 Lib.
1141 2896 1183 2928 de
1199 2896 1286 2928 Vero
1302 2896 1426 2938 Virgin.
