1903 3197
288 194 385 251 656
626 193 706 239 De
738 195 929 240 ratione
964 194 1159 241 vivendi
1194 194 1447 267 Sofz'etatz's

288 331 332 364 et
368 331 460 365 tam
498 326 542 365 in
576 327 781 376 vestibus,
816 341 949 380 quarn
988 328 1031 367 in
1070 329 1166 368 aliis
1202 328 1448 382 disciplinae
1484 343 1587 369 cura
1624 328 1759 381 negli-

285 399 413 452 gitur,
457 401 768 454 incompositio
820 403 1012 456 corporis
1059 403 1320 456 qualitatem
1374 404 1538 444 indicat
1584 404 1755 443 mentis.

286 474 405 514 Nam
429 489 528 528 quae
561 490 586 516 a
619 477 717 516 Deo
750 484 851 517 sunt
888 484 932 518 et
971 477 1136 519 Sancto
1174 478 1267 531 ejus
1306 478 1473 531 Spiritu
1511 478 1759 531 composita

285 549 423 590 sunt.’'
503 550 774 604 Exemplum
817 552 954 593 habes
996 554 1039 592 in
1076 553 1266 606 Angelis
1304 553 1423 606 apud
1459 553 1585 605 Joan.
1621 567 1654 592 c.
1691 563 1756 600 20,

283 625 357 677 qui
382 624 543 665 Christi
577 627 801 666 sudarium
834 628 1070 680 separatim
1104 627 1351 668 involutum
1385 628 1428 666 in
1452 640 1588 667 unum
1612 627 1757 666 locum

281 698 562 752 reliquerunt.
636 701 1017 754 Compositionem
1050 703 1238 742 amictus
1272 702 1317 742 B.
1344 703 1500 742 Mariae
1533 715 1758 742 commen-

283 773 361 813 dat
386 774 692 816 Damascenus
710 790 798 816 non
817 777 1010 827 obscure,
1029 791 1086 817 or.
1110 789 1139 816 1.
1156 778 1211 817 de
1235 777 1338 817 Nat.
1357 777 1490 817 Man:
1509 776 1755 830 “Quonam

283 848 452 898 modo,’‘
487 849 638 902 inquit,
670 852 1011 903 “gravissimum
1050 858 1174 891 tuum
1214 852 1433 891 incessum
1472 850 1755 904 exprimam?

285 922 494 976 Quonam
528 925 662 964 modo
695 926 905 965 amictum
925 925 970 965 ?'’

372 997 529 1037 Altera
551 1012 693 1049 causa,
717 1014 793 1039 cur
821 1013 879 1039 ex
910 1000 1167 1052 przescripto
1191 999 1376 1053 Regulae
1398 999 1591 1039 debeant
1612 1005 1756 1039 vestes

283 1084 378 1111 esse
407 1073 675 1125 compositae,
700 1080 766 1114 est
788 1080 967 1127 propter
998 1074 1305 1114 honestatem:
1338 1087 1394 1113 ne
1423 1074 1458 1113 si
1492 1074 1635 1113 minus
1668 1073 1754 1113 illae

283 1149 544 1201 compositae
566 1148 663 1197 sint,
695 1162 851 1201 parum
881 1150 1039 1189 decore
1072 1148 1274 1188 membra
1306 1147 1553 1188 nudentur:
1588 1147 1757 1188 “Cavet

284 1222 400 1262 enim
424 1223 566 1262 omnis
589 1222 833 1273 honestus,”
858 1230 905 1263 ut
928 1225 990 1263 ait
1014 1224 1337 1281 Bonaventura,
1361 1236 1494 1275 supra
1521 1236 1554 1262 6.
1580 1222 1603 1261 8
1623 1236 1632 1272 ;
1666 1224 1758 1261 “ne

284 1296 377 1349 ejus
412 1311 606 1350 unquam
640 1304 850 1350 appareat
883 1312 983 1338 caro
1018 1298 1148 1347 nuda,
1181 1297 1263 1337 nisi
1296 1303 1510 1350 quantum
1543 1295 1758 1349 compulit

285 1373 523 1412 necessitas
566 1371 861 1423 manifesta;''
895 1378 938 1413 et
972 1387 1010 1425 p.
1048 1384 1086 1423 4.
1124 1387 1155 1412 c.
1195 1383 1231 1420 2,
1269 1371 1407 1411 “Non
1440 1377 1541 1411 sunt
1578 1369 1758 1410 brachia

284 1446 538 1486 notabiliter
574 1446 850 1495 denudanda,
886 1461 964 1486 nec
999 1453 1143 1486 vestes
1186 1446 1369 1485 nimium
1412 1441 1755 1497 succingendae.’'

285 1520 373 1561 Sed
398 1521 537 1560 multo
561 1527 662 1561 ante
695 1522 812 1561 idem
836 1535 861 1561 a
886 1521 1061 1562 Sanctis
1083 1521 1183 1560 viris
1206 1525 1478 1573 praeceptum
1502 1525 1577 1559 est.
1612 1518 1755 1558 Doro-

281 1595 420 1643 theus,
457 1596 544 1636 Ser.
583 1607 663 1636 20:
702 1596 858 1636 “Cave
895 1609 949 1635 ne
992 1595 1139 1648 aliquo
1181 1601 1398 1648 praesente
1440 1594 1639 1634 membra
1676 1599 1751 1633 tua

282 1671 501 1722 detegas.''
592 1671 651 1710 Et
704 1685 779 1710 ser.
826 1682 909 1721 24:
953 1670 1174 1709 “Nullum
1229 1669 1525 1709 membrorum
1578 1675 1753 1708 tuorum

282 1746 438 1793 enuda,
473 1759 572 1785 cum
606 1746 732 1791 cales,
766 1752 809 1785 et
841 1745 1040 1785 aestiias.’'
1104 1745 1163 1784 Et
1198 1745 1323 1784 Isaac
1356 1742 1452 1795 Syr.
1476 1757 1508 1782 6.
1532 1752 1614 1793 45:
1649 1748 1668 1761 ‘¹
1684 1742 1753 1782 Ne

280 1820 477 1859 denudes
501 1820 666 1872 aliquid
690 1826 865 1859 tuorum
890 1820 1187 1859 membrorum
1211 1831 1359 1858 coram
1383 1816 1564 1869 aliquo.'‘
1613 1817 1752 1856 Isaias

282 1908 458 1947 quoque
495 1894 652 1934 Abbas
696 1908 754 1934 or.
790 1905 840 1944 3:
874 1894 981 1933 “Ne
1023 1907 1182 1946 corpus
1224 1899 1349 1932 tuum
1392 1905 1579 1945 expone,
1613 1896 1660 1930 ut
1697 1890 1753 1930 ab

281 1969 486 2008 omnibus
509 1968 743 2009 videatur.‘'
808 1969 867 2008 Et
892 1968 1051 2021 regulis
1079 1968 1237 2007 nostris
1262 1966 1569 2007 communibus
1591 1965 1753 2005 idcirco

281 2044 543 2096 praecipitur,
561 2050 606 2083 ut
630 2058 653 2083 e
676 2042 876 2083 cubiculo
900 2049 1033 2082 exeat
1056 2056 1196 2091 nemo,
1218 2042 1298 2081 nisi
1323 2041 1528 2081 decenter
1544 2039 1748 2079 vestitus:

284 2128 332 2168 13
359 2132 415 2157 ex
439 2118 758 2157 communibus.
809 2117 927 2170 Quin
957 2117 1089 2157 etiam
1122 2116 1336 2156 habemus
1368 2115 1450 2155 hoc
1482 2127 1750 2167 componen-

280 2193 435 2232 darum
469 2194 656 2232 vestium
699 2198 970 2245 praeceptum
1009 2198 1188 2244 propter
1229 2191 1508 2230 honestatem
1552 2190 1607 2228 ab
1645 2189 1750 2241 ipsis

277 2267 410 2306 etiam
449 2267 637 2319 Angelis
674 2266 1050 2314 commendatum,
1083 2266 1183 2306 Act.
1224 2276 1298 2305 12:
1333 2264 1500 2304 “Dixit
1542 2262 1745 2315 Angelus

278 2341 334 2380 ad
370 2342 559 2389 Petrum,
591 2343 870 2394 praecingere,
901 2348 944 2381 et
976 2341 1123 2380 calcea
1152 2347 1194 2380 te
1227 2340 1390 2393 caligas
1423 2344 1540 2387 tuas';
1573 2344 1616 2377 et
1649 2337 1750 2377 fecit

279 2415 360 2454 sic:
385 2421 428 2454 et
447 2416 561 2455 dixit
580 2415 660 2455 illi:
679 2415 915 2456 Circumda
931 2415 1010 2454 tibi
1029 2416 1342 2454 vestimentum
1357 2420 1492 2462 tuum,
1509 2418 1552 2452 et
1570 2425 1750 2464 sequere

279 2489 385 2529 mes
465 2490 523 2529 Et
562 2490 716 2529 Petrus
760 2490 852 2542 ipsc
895 2496 995 2542 post
1035 2489 1196 2529 Christi
1240 2489 1609 2535 resurrectionem,
1649 2499 1747 2526 cum

277 2564 483 2610 audisset,
508 2565 609 2616 quia
643 2564 863 2603 Dominus
896 2571 972 2611 cst,
997 2565 1145 2603 tunica
1178 2563 1398 2603 succinxit
1427 2576 1483 2611 se,
1509 2567 1600 2601 erat
1631 2561 1745 2600 enim

278 2639 433 2687 nudum
478 2646 521 2679 et
559 2639 694 2678 mittit
736 2653 781 2678 se
825 2640 867 2677 in
912 2653 1040 2678 marc.
1112 2638 1299 2678 Erubuit
1341 2638 1457 2677 enim
1501 2636 1746 2676 nuditatem

279 2728 403 2753 suam
443 2715 485 2753 in
525 2721 762 2767 conspectu
807 2714 998 2761 Domini,
1036 2720 1079 2753 et
1116 2719 1295 2766 propter
1330 2713 1617 2752 reverentiam
1654 2710 1746 2762 ejus

278 2789 428 2827 tunica
461 2789 679 2828 succinxit
702 2803 773 2828 se:
808 2795 854 2828 ut
887 2790 947 2828 ait
978 2789 1182 2840 Chrysos.
1206 2788 1320 2827 hom.
1347 2788 1412 2837 85.
1435 2786 1548 2838 Joan
1579 2796 1642 2825 21.

367 2863 485 2916 Quid
539 2864 787 2903 nuditatem
850 2864 1011 2903 narro?
1064 2876 1235 2916 pannos
1281 2876 1457 2915 quoque
1509 2861 1748 2908 interiores,

278 2944 492 2990 quantum
536 2938 625 2978 fieri
669 2944 824 2991 potest,
864 2939 1070 2979 occultari
1106 2939 1415 2978 Bonaventura
1453 2936 1606 2989 jubetg
1645 2934 1747 2987 quia
