1903 3197
558 169 625 215 In
659 168 874 231 Regulas
908 167 1171 214 Modestiae.
1505 179 1597 227 701

135 301 414 342 laudabiliter
433 301 635 342 celamus.
684 301 816 341 Tales
838 300 1018 353 quidem
1040 315 1119 354 per
1140 300 1470 353 corruptionem
1493 299 1597 341 facti

139 388 301 424 sumus,
324 381 372 415 ut
393 375 497 415 boni
519 375 654 415 videri
677 376 809 415 etiam
832 375 889 415 ab
914 374 1008 423 illis,
1032 375 1106 427 qui
1128 380 1324 427 praesunt
1346 375 1482 423 nobis,
1507 375 1601 415 sine

140 448 330 489 elatione
352 462 578 502 nunquam
599 448 863 489 valeamus.’'

226 524 402 572 Verum,
426 538 480 563 ne
510 524 607 576 quis
633 523 700 563 his
724 522 920 575 Gregorii
943 523 1085 563 verbis
1110 523 1165 562 ad
1190 523 1436 562 reticendas
1460 521 1600 576 Supe-

139 598 239 638 riori
269 598 451 638 virtutes
482 611 583 638 suas
614 604 854 647 moveatur,
876 597 1029 637 audiat
1061 611 1160 649 quae
1196 598 1232 636 is
1264 609 1372 637 mox
1399 597 1601 649 subjicit:

139 674 162 690 ‘¹
179 670 267 712 Sed
301 672 414 711 inter
442 671 573 720 haec,'’
596 672 750 724 inquit,
775 671 1038 711 “sciendum
1073 676 1149 719 est,
1174 670 1294 723 quod
1326 670 1386 710 illi
1417 671 1601 711 virtutes

140 744 279 785 celare
318 744 512 798 praelatis
552 745 641 785 suis
673 745 795 798 justa
836 746 1097 785 necessitate
1139 750 1335 797 possunt,
1374 745 1447 797 qui
1489 745 1603 785 bene

139 832 403 872 cognoscere
444 819 610 860 bonum
652 820 769 872 quod
813 825 961 872 agunt,
1004 819 1157 859 sciunt.
1223 818 1269 859 Si
1312 819 1429 859 enim
1470 818 1600 858 nimis

140 898 244 933 sunt
280 893 510 946 simplices,
548 907 667 946 saepe
703 908 791 934 non
834 900 900 933 est
936 893 1101 933 bonum
1140 893 1258 945 quod
1296 907 1391 933 esse
1431 892 1598 933 bonum

141 967 432 1019 arbitrantur;
465 973 509 1008 et
529 968 634 1008 dum
657 968 810 1008 vitium
833 968 956 1021 quasi
980 968 1185 1007 virtutem
1208 980 1296 1006 non
1326 966 1532 1017 indicant,
1557 967 1600 1007 in

142 1056 189 1082 se
210 1042 517 1083 absconditum
538 1042 711 1083 hostem
734 1041 950 1095 portant.''
1011 1042 1196 1091 Tamen,
1215 1042 1249 1081 si
1268 1041 1345 1082 dat
1364 1040 1602 1094 Gregorius

142 1117 329 1165 veniam,
351 1122 400 1156 ut
421 1117 638 1157 evitandae
670 1117 871 1157 elationis
903 1130 1034 1156 causa
1056 1115 1275 1155 interdum
1306 1116 1438 1155 etiam
1463 1115 1603 1168 Supe—

143 1190 276 1230 riores
298 1190 527 1230 benefacta
548 1190 766 1240 celemus;
799 1196 967 1242 quanto
999 1189 1139 1242 magis
1172 1189 1385 1229 debemus
1417 1203 1501 1237 eos,
1526 1190 1601 1242 qui

144 1277 231 1303 non
254 1263 380 1303 nobis
401 1270 607 1316 praesunt,
631 1265 751 1304 omni
774 1265 945 1304 ratione
966 1263 1106 1303 celare
1124 1262 1138 1302 ?

233 1337 322 1378 Cur
342 1343 489 1378 autem
512 1351 558 1378 se
580 1339 723 1391 ipsum
758 1338 948 1387 laudare,
971 1343 1047 1377 aut
1069 1351 1121 1377 ea
1142 1351 1242 1389 quae
1263 1336 1344 1377 sibi
1368 1336 1485 1377 laudi
1509 1350 1604 1377 esse

142 1417 338 1464 possunt,
362 1412 526 1460 afferre,
549 1412 756 1452 vitiosum
789 1413 856 1460 sit,
881 1412 1075 1465 explicat
1098 1411 1141 1450 in
1164 1425 1216 1451 eo
1238 1411 1461 1464 opusculo,
1485 1411 1604 1464 quod

143 1485 199 1525 de
220 1486 286 1525 sui
309 1485 438 1526 laude
462 1486 719 1526 Plutarchus
741 1487 972 1539 inscripsit.

233 1562 253 1579 “
268 1559 499 1609 Primum,'‘
533 1561 686 1613 inquit,
724 1561 862 1613 “quia
898 1559 1177 1613 impudentes
1214 1573 1289 1599 eos
1330 1560 1604 1611 arbitramur,

145 1634 220 1687 qui
251 1647 298 1674 se
329 1634 411 1686 ipsi
441 1633 636 1683 laudant,
659 1648 760 1674 cum
783 1635 916 1674 etiam
939 1640 1034 1674 tum
1058 1647 1133 1673 eos
1153 1633 1296 1686 pudor
1316 1634 1481 1683 deceat,
1505 1648 1605 1675 cum

144 1707 382 1748 laudantur
403 1707 460 1748 ab
481 1708 587 1749 aliis.
651 1708 836 1758 Deinde,
859 1708 962 1761 quia
984 1708 1066 1748 sibi
1088 1708 1170 1760 ipsi
1193 1714 1384 1756 sumunt,
1408 1709 1527 1761 quod
1551 1709 1610 1749 ab

146 1780 243 1821 aliis
279 1781 410 1821 tribui
445 1782 608 1822 debuit.
672 1782 910 1831 Postremo,
944 1782 1047 1834 quia
1078 1782 1113 1821 si
1146 1782 1189 1820 in
1221 1795 1371 1821 eorum
1405 1781 1608 1823 laudibus

146 1855 365 1904 sileamus,
408 1856 653 1896 videbimur
694 1857 839 1896 invidi.
923 1855 1000 1897 Sin
1042 1855 1125 1895 hoc
1166 1856 1368 1904 vitamus,
1412 1857 1612 1910 cogimur

148 1936 307 1982 praeter
328 1930 463 1969 animi
486 1930 622 1970 nostri
647 1930 910 1970 sententiam
938 1930 1019 1982 ipsi
1050 1943 1225 1982 quoque
1246 1943 1326 1970 nos
1348 1930 1403 1970 ad
1426 1930 1608 1971 laudan-

149 2004 254 2044 dum
278 2003 482 2052 conferre,
507 2010 582 2044 aut
605 2005 722 2057 ipsos
744 2004 1046 2044 testimonium
1069 2004 1256 2043 dicendo
1278 2005 1322 2043 in
1345 2017 1393 2043 os
1415 2003 1606 2055 laudare,

149 2091 237 2118 non
271 2078 366 2118 sine
398 2077 621 2118 illiberalis
658 2078 925 2118 adulationis
962 2077 1247 2131 suspicione.''
1311 2077 1399 2118 Sed
1437 2092 1517 2118 nos
1553 2078 1609 2118 de

147 2151 230 2192 hac
252 2166 307 2201 re,
329 2152 471 2204 deque
493 2153 558 2191 sui
581 2152 716 2204 ipsius
738 2152 868 2192 laude
897 2151 1103 2200 cavenda,
1127 2151 1263 2191 fusius
1295 2151 1412 2192 alias
1476 2152 1609 2193 Nunc

148 2225 244 2266 haec
266 2226 372 2266 satis
394 2226 480 2265 sint
502 2225 557 2265 ad
579 2226 806 2265 vitandam
830 2226 872 2265 in
895 2239 1096 2265 sermone
1114 2225 1385 2277 jactantiam,
1409 2232 1452 2266 et
1480 2240 1609 2267 ceno-

103 2324 106 2326 -
150 2299 345 2348 doxiam,
369 2312 422 2339 ne
450 2300 507 2339 sit
538 2299 680 2339 inanis
711 2300 943 2339 verborum
976 2306 1226 2339 nostrorum
1258 2299 1367 2348 finis,
1391 2299 1469 2340 sed
1502 2301 1609 2341 refe-

151 2380 271 2414 ratur
293 2373 348 2414 ad
374 2374 530 2423 Deum,
555 2379 598 2414 et
620 2374 676 2414 ad
700 2373 935 2414 utilitatem
958 2373 1273 2426 proximorum.

454 2601 831 2627 ANACEPHALAEOSIS
861 2601 1050 2634 QUAEDAM
1080 2600 1311 2628 DICTORUM.

241 2677 359 2717 Tota
389 2677 521 2729 igitur
551 2690 618 2717 res
649 2677 684 2716 si
716 2677 759 2716 in
792 2690 933 2729 pauca
963 2675 1220 2727 conferatur,
1244 2677 1374 2717 tribui
1398 2682 1544 2730 potest
1565 2677 1609 2718 in

155 2757 302 2804 partes
323 2756 422 2791 tres.

247 2831 311 2865 1¹¹¹.
347 2824 436 2866 Cur
456 2839 544 2865 non
566 2824 696 2866 liceat
716 2839 762 2866 se
784 2825 926 2879 ipsum
951 2826 1064 2866 inter
1090 2824 1359 2879 loquendum
1391 2839 1614 2868 commen-

155 2901 272 2952 dare,
295 2905 338 2941 et
360 2914 449 2941 suae
472 2900 608 2954 ipsius
627 2899 778 2954 gloriae
801 2900 969 2941 servire.
