1903 3197
283 177 381 220 404
608 160 688 205 De
720 159 911 206 ratione
944 160 1138 206 vivendi
1171 160 1431 207 Socz’etatz's.

283 294 325 333 in
358 293 478 333 libris
512 291 867 345 Apostolorum?
931 292 1045 333 Caro
1077 299 1121 333 et
1152 293 1329 345 sanguis
1361 306 1439 345 pro
1471 298 1590 333 certo
1633 306 1751 333 reve-

281 367 381 407 larit
417 366 496 406 tibi
536 365 652 406 hanc
686 366 960 419 sapientiam,
1000 380 1088 406 non
1130 366 1307 419 spiritus
1345 366 1497 416 Patris,
1530 371 1597 406 est
1632 367 1748 406 enim

846 440 853 455 9

283 441 424 481 carnis
465 440 561 480 haec
602 440 840 493 sapientia.’
916 440 1070 493 Atque
1101 440 1197 481 haec
1229 440 1409 493 quidem
1441 439 1513 480 ille
1553 439 1749 493 pluribus

283 514 568 568 persequitur.
633 513 742 554 Ideo
779 514 968 555 salutare
1004 514 1234 554 consilium
1266 528 1291 553 a
1325 513 1499 554 Sanctis
1537 513 1666 554 datur
1702 521 1750 554 ut

285 589 340 629 ad
373 587 615 628 tollendam
646 587 759 628 hanc
790 588 854 628 sui
881 589 1073 641 corporis
1095 588 1247 628 tuendi
1269 587 1622 636 sollicitudinem,
1647 588 1752 628 nihil

284 663 481 703 ciborum
517 663 560 702 in
595 676 745 703 mensa
783 676 1051 715 respuamus.
1116 663 1280 702 Beatus
1324 663 1481 702 Isaias:
1516 661 1601 703 “Si
1643 663 1749 714 quid

284 738 327 776 in
363 750 515 777 mensa
549 737 677 776 fuerit
709 751 735 776 a
762 751 849 789 quo
882 737 1063 776 fratrum
1097 737 1254 789 aliquis
1288 736 1531 786 abhorreat,
1555 750 1609 776 ne
1631 737 1750 777 dicat

285 825 337 851 eo
360 825 406 851 se
427 811 542 850 vesci
577 824 665 850 non
697 824 837 862 posse,
861 811 938 850 sed
977 810 1033 850 ad
1066 816 1252 850 mortem
1276 824 1413 863 usque
1435 810 1516 850 sibi
1549 811 1642 863 ipse
1662 811 1752 851 vim

283 885 447 934 afferat,
490 890 534 924 et
576 885 698 923 Deus
741 883 864 923 illum
906 882 1263 923 consolabitur.''l
1325 884 1523 924 Nimium
1567 885 1751 925 fortasse

284 964 467 1007 austere,
500 958 576 997 sed
611 957 713 997 hinc
746 956 929 1009 intelligi
972 957 1072 997 licet
1114 970 1248 1008 quam
1291 957 1457 997 alienus
1500 964 1750 999 sanctorum

284 1033 461 1072 Patrum
486 1032 703 1072 sententia
725 1032 781 1071 ab
810 1031 893 1071 hac
922 1031 1215 1070 sollicitudine
1245 1030 1406 1072 debeat
1439 1044 1533 1071 esse
1563 1032 1751 1073 famulus

284 1106 378 1145 Dei.
442 1106 501 1146 Et
532 1105 867 1145 Bonaventura:
903 1106 923 1123 “
941 1104 1263 1145 Communibus
1286 1104 1441 1144 fratres
1464 1105 1636 1145 discant
1657 1119 1751 1147 esse

281 1179 486 1228 contenti,
510 1193 559 1219 os
582 1192 709 1218 suum
733 1178 788 1218 ad
812 1179 972 1227 omnia,
993 1192 1092 1230 quae
1111 1178 1181 1218 alii
1201 1179 1452 1226 comedunt,
1468 1186 1724 1220 assuescant
1742 1195 1750 1230 ;

282 1260 340 1302 ut,
365 1254 399 1293 si
437 1253 528 1293 fieri
566 1259 723 1306 potest,
760 1252 929 1292 nullum
972 1253 1153 1293 omnino
1196 1253 1430 1305 repudient
1471 1259 1548 1293 aut
1582 1254 1749 1294 abomi—

283 1334 441 1368 nentur
477 1328 636 1376 cibum,
676 1327 843 1379 grande
879 1327 1034 1367 vitium
1072 1328 1106 1366 si
1144 1327 1374 1379 potagium
1420 1332 1463 1366 et
1500 1329 1751 1369 communia

282 1417 472 1455 respuas,
516 1409 564 1443 ut
616 1403 659 1442 in
702 1401 964 1454 specialibus
1007 1401 1168 1441 lautius
1210 1399 1544 1453 procurreris.”2
1604 1402 1664 1442 Et
1706 1402 1749 1443 S.

282 1476 567 1516 Vincentius:
603 1475 839 1525 “cibariis,
863 1488 962 1528 quae
995 1475 1200 1514 fratribus
1232 1480 1526 1527 apponuntur,
1559 1476 1617 1515 sis
1649 1490 1752 1517 con-

283 1549 497 1591 tentus.”3

372 1625 423 1664 In
458 1629 671 1677 apparatu
695 1637 798 1663 vero
832 1623 1087 1676 expetendo
1121 1622 1319 1662 ciborum
1353 1622 1466 1662 solet
1495 1623 1628 1663 etiam
1658 1638 1752 1664 esse

284 1698 545 1746 sollicitudo,
585 1703 633 1738 ut
673 1703 825 1750 aperte
861 1697 917 1736 ad
955 1696 1254 1736 valetudinem
1286 1702 1588 1748 praeparentur
1620 1702 1754 1750 atque

285 1778 540 1824 coquantur.
612 1771 732 1810 Hinc
770 1771 933 1810 crebrae
971 1770 1055 1809 illae
1093 1775 1138 1809 et
1174 1769 1387 1821 religiosis
1423 1770 1616 1822 indignae
1652 1785 1756 1824 que-

286 1845 398 1895 relae,
433 1859 532 1885 cum
575 1845 674 1897 quis
704 1843 773 1883 vel
815 1857 966 1883 carnes
1004 1856 1091 1883 non
1125 1844 1231 1883 satis
1268 1848 1427 1892 coctas,
1461 1843 1529 1883 vel
1566 1845 1755 1897 potagiis

285 1918 347 1958 sal
372 1918 622 1970 neglectum
645 1930 740 1957 esse
763 1917 1054 1969 conqueritur,
1080 1922 1156 1956 aut
1179 1916 1263 1956 alia
1286 1916 1329 1955 in
1356 1916 1451 1956 aliis
1473 1917 1756 1958 condimenta

285 1993 532 2041 desiderat;
578 2005 678 2044 quae
713 1991 892 2044 quidem
929 1991 1079 2030 omnia
1113 1996 1331 2031 testantur
1366 1990 1591 2030 hominem
1626 1991 1755 2031 nimis

286 2080 365 2119 pro
402 2080 482 2106 suo
520 2079 703 2118 corpore
737 2064 972 2104 sollicitum
1007 2078 1111 2104 esse.
1176 2064 1284 2104 Ideo
1313 2063 1471 2115 jubent
1504 2063 1667 2112 Sancti,
1701 2078 1756 2104 ne

287 2141 330 2179 in
362 2139 429 2180 his
452 2140 632 2192 quidem
656 2138 996 2179 sollicitudinem
1030 2138 1164 2178 ullam
1198 2151 1278 2178 nos
1300 2143 1502 2190 oportere
1523 2138 1752 2190 suscipere.

285 2213 355 2252 Ac
395 2212 648 2252 Dorotheus
670 2211 849 2264 quidem
884 2211 966 2251 hac
1002 2212 1057 2251 de
1091 2225 1135 2251 re
1171 2225 1197 2251 a
1229 2225 1275 2251 se
1309 2211 1404 2263 ipso
1438 2212 1752 2263 reposcendam

287 2299 381 2325 esse
419 2286 633 2326 rationem
665 2286 834 2338 vesperi
873 2285 1083 2338 praecipit,
1107 2291 1239 2337 atque
1274 2285 1334 2324 ita
1367 2297 1414 2324 se
1449 2285 1592 2336 ipsum
1628 2298 1753 2325 accu-

285 2372 406 2399 sare:
441 2359 567 2399 “Cur
601 2371 790 2411 coquum
826 2358 1076 2410 increpavi?
1116 2358 1205 2398 Cur
1237 2358 1405 2410 pudore
1438 2357 1561 2397 illum
1595 2358 1754 2398 affeci?

287 2433 375 2473 Cur
409 2446 491 2485 ego
521 2432 932 2485 impudentissimus
966 2431 1008 2470 in
1040 2445 1109 2471 me
1140 2432 1235 2484 ipse
1264 2432 1601 2482 obmurmuravi,
1634 2434 1753 2485 quod

284 2507 446 2546 cibaria
474 2519 561 2545 non
586 2506 697 2545 bene
720 2505 983 2553 decoxisset,
1008 2504 1241 2545 artificiose
1274 2504 1529 2546 curasset.''4
1591 2506 1754 2546 Beatus

286 2581 418 2620 etiam
445 2580 581 2619 Isaias
605 2579 666 2619 ita
689 2593 768 2619 nos
791 2579 1029 2619 admonet:
1065 2582 1086 2598 “
1104 2579 1150 2619 Si
1184 2579 1316 2619 frater
1337 2585 1437 2619 tuus
1461 2579 1605 2619 edulia
1636 2579 1753 2620 haud

284 2655 345 2694 ita
387 2654 498 2694 bene
542 2653 722 2702 coxerit,
767 2666 821 2692 ne
864 2653 1030 2692 dixeris
1078 2667 1178 2692 eum
1231 2653 1345 2693 male
1396 2652 1633 2693 coxisse.”5
1695 2655 1755 2694 Et

286 2728 621 2768 Bonaventura:
662 2726 768 2766 “Ne
812 2726 1052 2778 indigneris
1096 2727 1131 2766 si
1175 2727 1333 2779 aliquis
1374 2727 1571 2768 defectus
1613 2729 1670 2768 sit
1711 2729 1753 2767 in

394 2840 404 2860 ¹
432 2842 522 2874 Orat.
545 2850 574 2882 3.
714 2839 727 2858 ²
754 2841 849 2882 Spec.
872 2840 962 2872 Disc.
983 2852 1016 2882 p.
1038 2849 1066 2882 3.
1108 2866 1114 2872 .

1089 2852 1105 2872 c
1135 2850 1166 2881 4.
1293 2840 1307 2861 3
1330 2842 1438 2874 Tract.
1460 2842 1527 2874 Vit.
1550 2842 1634 2884 Spir.

761 2891 775 2910 ⁴
804 2892 870 2924 Ser.
896 2899 944 2923 11.
1092 2891 1105 2910 ⁵
1130 2893 1221 2925 Orat.
1243 2892 1273 2924 6.
