<?xml version="1.0" encoding="UTF-8"?>
<!DOCTYPE html PUBLIC "-//W3C//DTD XHTML 1.0 Transitional//EN"
    "http://www.w3.org/TR/xhtml1/DTD/xhtml1-transitional.dtd">
<html xmlns="http://www.w3.org/1999/xhtml" xml:lang="en" lang="en">
 <head>
  <title>
</title>
<meta http-equiv="Content-Type" content="text/html;charset=utf-8" />
  <meta name='ocr-system' content='tesseract 3.04.00' />
  <meta name='ocr-capabilities' content='ocr_page ocr_carea ocr_par ocr_line ocrx_word'/>
</head>
<body>
  <div class='ocr_page' id='page_1' title='image "./nicolaiorlandini00orla/nicolaiorlandini00orla_0513.png"; bbox 0 0 1903 3197; ppageno 0'>
   <div class='ocr_carea' id='block_1_1' title="bbox 168 187 1560 249">
    <p class='ocr_par' dir='ltr' id='par_1_1' title="bbox 168 187 1560 249">
     <span class='ocr_line' id='line_1_1' title="bbox 168 187 1560 249; baseline -0.001 -15"><span class='ocrx_word' id='word_1_1' title='bbox 168 188 247 234; x_wconf 78' lang='lat' dir='ltr'><strong>De</strong></span> <span class='ocrx_word' id='word_1_2' title='bbox 268 188 476 235; x_wconf 72' lang='lat' dir='ltr'><strong>ordinat.</strong></span> <span class='ocrx_word' id='word_1_3' title='bbox 500 204 605 249; x_wconf 67' lang='lat' dir='ltr'><strong>qua&gt;</strong></span> <span class='ocrx_word' id='word_1_4' title='bbox 627 204 684 232; x_wconf 74' lang='lat' dir='ltr'><strong>ex</strong></span> <span class='ocrx_word' id='word_1_5' title='bbox 704 187 931 248; x_wconf 72' lang='lat' dir='ltr'><strong>cujusque</strong></span> <span class='ocrx_word' id='word_1_6' title='bbox 940 187 1214 249; x_wconf 70' lang='lat' dir='ltr'><strong>prudentia</strong></span> <span class='ocrx_word' id='word_1_7' title='bbox 1225 187 1411 249; x_wconf 69' lang='lat' dir='ltr'><strong>pendet.</strong></span> <span class='ocrx_word' id='word_1_8' title='bbox 1465 201 1560 246; x_wconf 80' lang='lat'><strong>493</strong></span> 
     </span>
    </p>
   </div>
   <div class='ocr_carea' id='block_1_2' title="bbox 97 318 1594 2868">
    <p class='ocr_par' dir='ltr' id='par_1_2' title="bbox 97 318 1563 737">
     <span class='ocr_line' id='line_1_2' title="bbox 97 318 1558 372; baseline -0.001 -13"><span class='ocrx_word' id='word_1_9' title='bbox 97 319 242 360; x_wconf 86' lang='lat' dir='ltr'><strong>calore</strong></span> <span class='ocrx_word' id='word_1_10' title='bbox 282 319 429 372; x_wconf 80' lang='lat' dir='ltr'><strong>possit.</strong></span> <span class='ocrx_word' id='word_1_11' title='bbox 493 318 624 372; x_wconf 74' lang='lat' dir='ltr'><strong>Quod</strong></span> <span class='ocrx_word' id='word_1_12' title='bbox 666 319 701 357; x_wconf 92' lang='lat' dir='ltr'><strong>si</strong></span> <span class='ocrx_word' id='word_1_13' title='bbox 754 319 1092 371; x_wconf 88' lang='lat' dir='ltr'><strong>intemperantia</strong></span> <span class='ocrx_word' id='word_1_14' title='bbox 1135 325 1178 359; x_wconf 89' lang='lat' dir='ltr'><strong>et</strong></span> <span class='ocrx_word' id='word_1_15' title='bbox 1218 320 1470 367; x_wconf 78' lang='lat' dir='ltr'>voracitate,</span> <span class='ocrx_word' id='word_1_16' title='bbox 1513 324 1558 358; x_wconf 92' lang='lat' dir='ltr'><strong>et</strong></span> 
     </span>
     <span class='ocr_line' id='line_1_3' title="bbox 99 392 1558 445; baseline -0.001 -12"><span class='ocrx_word' id='word_1_17' title='bbox 99 393 340 442; x_wconf 79' lang='lat' dir='ltr'><strong>hebetetur,</strong></span> <span class='ocrx_word' id='word_1_18' title='bbox 385 399 429 434; x_wconf 94' lang='lat' dir='ltr'><strong>et</strong></span> <span class='ocrx_word' id='word_1_19' title='bbox 479 393 564 432; x_wconf 83' lang='lat' dir='ltr'><strong>illae</strong></span> <span class='ocrx_word' id='word_1_20' title='bbox 615 392 866 441; x_wconf 78' lang='lat' dir='ltr'>obruantur,</span> <span class='ocrx_word' id='word_1_21' title='bbox 914 392 1033 432; x_wconf 88' lang='lat' dir='ltr'><strong>nulla</strong></span> <span class='ocrx_word' id='word_1_22' title='bbox 1075 393 1236 445; x_wconf 90' lang='lat' dir='ltr'><strong>sperari</strong></span> <span class='ocrx_word' id='word_1_23' title='bbox 1287 393 1558 445; x_wconf 79' lang='lat' dir='ltr'><strong>perpetuitas</strong></span> 
     </span>
     <span class='ocr_line' id='line_1_4' title="bbox 100 464 1560 520; baseline -0.001 -14"><span class='ocrx_word' id='word_1_24' title='bbox 100 465 252 507; x_wconf 88' lang='lat' dir='ltr'><strong>salutis</strong></span> <span class='ocrx_word' id='word_1_25' title='bbox 289 472 444 520; x_wconf 89' lang='lat' dir='ltr'><strong>potest.</strong></span> <span class='ocrx_word' id='word_1_26' title='bbox 521 467 586 507; x_wconf 92' lang='lat' dir='ltr'><strong>Ut</strong></span> <span class='ocrx_word' id='word_1_27' title='bbox 626 472 742 505; x_wconf 90' lang='lat' dir='ltr'><strong>recte</strong></span> <span class='ocrx_word' id='word_1_28' title='bbox 785 464 988 505; x_wconf 75' lang='lat' dir='ltr'><strong>Clemens</strong></span> <span class='ocrx_word' id='word_1_29' title='bbox 1030 471 1156 517; x_wconf 91' lang='lat' dir='ltr'><strong>putet</strong></span> <span class='ocrx_word' id='word_1_30' title='bbox 1197 480 1374 506; x_wconf 78' lang='lat' dir='ltr'><strong>voraces</strong></span> <span class='ocrx_word' id='word_1_31' title='bbox 1416 479 1560 518; x_wconf 63' lang='lat' dir='ltr'><strong>graeco</strong></span> 
     </span>
     <span class='ocr_line' id='line_1_5' title="bbox 100 537 1563 590; baseline -0.001 -11"><span class='ocrx_word' id='word_1_32' title='bbox 100 539 279 579; x_wconf 90' lang='lat' dir='ltr'><strong>nomine</strong></span> <span class='ocrx_word' id='word_1_33' title='bbox 329 540 469 579; x_wconf 87' lang='lat' dir='ltr'><strong>dictos</strong></span> <span class='ocrx_word' id='word_1_34' title='bbox 521 545 678 586; x_wconf 90' lang='lat' dir='ltr'><strong>asotos,</strong></span> <span class='ocrx_word' id='word_1_35' title='bbox 731 538 854 590; x_wconf 86' lang='lat' dir='ltr'><strong>quasi</strong></span> <span class='ocrx_word' id='word_1_36' title='bbox 902 540 1070 585; x_wconf 72' lang='grc' dir='ltr'><strong>ἀσώτους,</strong></span> <span class='ocrx_word' id='word_1_37' title='bbox 1119 537 1283 578; x_wconf 88' lang='lat' dir='ltr'><strong>scilicet</strong></span> <span class='ocrx_word' id='word_1_38' title='bbox 1329 539 1494 578; x_wconf 77' lang='lat' dir='ltr'><strong>alienos</strong></span> <span class='ocrx_word' id='word_1_39' title='bbox 1537 552 1563 578; x_wconf 95' lang='lat' dir='ltr'><strong>a</strong></span> 
     </span>
     <span class='ocr_line' id='line_1_6' title="bbox 102 611 1560 664; baseline -0.001 -11"><span class='ocrx_word' id='word_1_40' title='bbox 102 612 252 660; x_wconf 90' lang='lat' dir='ltr'><strong>salute,</strong></span> <span class='ocrx_word' id='word_1_41' title='bbox 306 613 373 653; x_wconf 92' lang='lat' dir='ltr'><strong>cui</strong></span> <span class='ocrx_word' id='word_1_42' title='bbox 425 612 724 664; x_wconf 88' lang='lat' dir='ltr'><strong>intemperatis</strong></span> <span class='ocrx_word' id='word_1_43' title='bbox 765 611 873 651; x_wconf 89' lang='lat' dir='ltr'><strong>escis</strong></span> <span class='ocrx_word' id='word_1_44' title='bbox 925 611 1112 663; x_wconf 83' lang='lat' dir='ltr'><strong>pessime</strong></span> <span class='ocrx_word' id='word_1_45' title='bbox 1164 611 1405 651; x_wconf 89' lang='lat' dir='ltr'><strong>consulunt.</strong></span> <span class='ocrx_word' id='word_1_46' title='bbox 1471 611 1560 652; x_wconf 83' lang='lat' dir='ltr'><strong>Sed</strong></span> 
     </span>
     <span class='ocr_line' id='line_1_7' title="bbox 99 685 1491 737; baseline -0.001 -11"><span class='ocrx_word' id='word_1_47' title='bbox 99 686 228 727; x_wconf 92' lang='lat' dir='ltr'><strong>obest</strong></span> <span class='ocrx_word' id='word_1_48' title='bbox 258 686 497 726; x_wconf 89' lang='lat' dir='ltr'><strong>valetudini</strong></span> <span class='ocrx_word' id='word_1_49' title='bbox 531 685 870 737; x_wconf 76' lang='lat' dir='ltr'><strong>intemperantia</strong></span> <span class='ocrx_word' id='word_1_50' title='bbox 901 685 1039 725; x_wconf 89' lang='lat' dir='ltr'><strong>tribus</strong></span> <span class='ocrx_word' id='word_1_51' title='bbox 1070 685 1290 737; x_wconf 82' lang='lat' dir='ltr'><strong>praecipue</strong></span> <span class='ocrx_word' id='word_1_52' title='bbox 1323 685 1491 724; x_wconf 88' lang='lat' dir='ltr'><strong>modis:</strong></span> 
     </span>
    </p>

    <p class='ocr_par' dir='ltr' id='par_1_3' title="bbox 100 758 1578 1765">
     <span class='ocr_line' id='line_1_8' title="bbox 192 758 1559 811; baseline -0.001 -12"><span class='ocrx_word' id='word_1_53' title='bbox 192 759 361 799; x_wconf 88' lang='lat' dir='ltr'><strong>Primo:</strong></span> <span class='ocrx_word' id='word_1_54' title='bbox 399 759 501 811; x_wconf 90' lang='lat' dir='ltr'><strong>quia</strong></span> <span class='ocrx_word' id='word_1_55' title='bbox 537 759 713 799; x_wconf 85' lang='lat' dir='ltr'><strong>morbos</strong></span> <span class='ocrx_word' id='word_1_56' title='bbox 753 759 907 811; x_wconf 82' lang='lat' dir='ltr'><strong>gignit,</strong></span> <span class='ocrx_word' id='word_1_57' title='bbox 945 764 989 799; x_wconf 91' lang='lat' dir='ltr'><strong>et</strong></span> <span class='ocrx_word' id='word_1_58' title='bbox 1029 759 1167 798; x_wconf 88' lang='lat' dir='ltr'><strong>vitam</strong></span> <span class='ocrx_word' id='word_1_59' title='bbox 1210 758 1376 798; x_wconf 87' lang='lat' dir='ltr'><strong>minuit.</strong></span> <span class='ocrx_word' id='word_1_60' title='bbox 1442 758 1559 798; x_wconf 90' lang='lat' dir='ltr'><strong>Nam</strong></span> 
     </span>
     <span class='ocr_line' id='line_1_9' title="bbox 103 830 1563 884; baseline -0.001 -12"><span class='ocrx_word' id='word_1_61' title='bbox 103 846 162 873; x_wconf 84' lang='lat' dir='ltr'><strong>ex</strong></span> <span class='ocrx_word' id='word_1_62' title='bbox 204 830 544 872; x_wconf 83' lang='lat' dir='ltr'><strong>Ecclesiastico1</strong></span> <span class='ocrx_word' id='word_1_63' title='bbox 576 845 707 884; x_wconf 90' lang='lat' dir='ltr'><strong>supra</strong></span> <span class='ocrx_word' id='word_1_64' title='bbox 743 832 965 871; x_wconf 82' lang='lat' dir='ltr'><strong>diximus:</strong></span> <span class='ocrx_word' id='word_1_65' title='bbox 1009 832 1099 871; x_wconf 90' lang='lat' dir='ltr'><strong>“In</strong></span> <span class='ocrx_word' id='word_1_66' title='bbox 1141 831 1290 871; x_wconf 88' lang='lat' dir='ltr'><strong>multis</strong></span> <span class='ocrx_word' id='word_1_67' title='bbox 1331 832 1441 870; x_wconf 88' lang='lat' dir='ltr'><strong>escis</strong></span> <span class='ocrx_word' id='word_1_68' title='bbox 1485 831 1563 871; x_wconf 87' lang='lat' dir='ltr'><strong>erit</strong></span> 
     </span>
     <span class='ocr_line' id='line_1_10' title="bbox 104 903 1565 958; baseline -0.001 -13"><span class='ocrx_word' id='word_1_69' title='bbox 104 904 344 955; x_wconf 87' lang='lat' dir='ltr'><strong>infirmitas,</strong></span> <span class='ocrx_word' id='word_1_70' title='bbox 367 911 411 945; x_wconf 90' lang='lat' dir='ltr'><strong>et</strong></span> <span class='ocrx_word' id='word_1_71' title='bbox 432 905 619 945; x_wconf 89' lang='lat' dir='ltr'><strong>aviditas</strong></span> <span class='ocrx_word' id='word_1_72' title='bbox 641 904 1016 958; x_wconf 84' lang='lat' dir='ltr'><strong>appropinquabit</strong></span> <span class='ocrx_word' id='word_1_73' title='bbox 1038 918 1176 957; x_wconf 89' lang='lat' dir='ltr'><strong>usque</strong></span> <span class='ocrx_word' id='word_1_74' title='bbox 1197 904 1253 944; x_wconf 87' lang='lat' dir='ltr'><strong>ad</strong></span> <span class='ocrx_word' id='word_1_75' title='bbox 1277 903 1498 944; x_wconf 88' lang='lat' dir='ltr'><strong>choleram</strong></span> <span class='ocrx_word' id='word_1_76' title='bbox 1518 918 1525 944; x_wconf 91' lang='lat'>:</span> <span class='ocrx_word' id='word_1_77' title='bbox 1546 904 1565 918; x_wconf 88' lang='lat'>”</span> 
     </span>
     <span class='ocr_line' id='line_1_11' title="bbox 103 977 1563 1031; baseline 0 -14"><span class='ocrx_word' id='word_1_78' title='bbox 103 977 291 1018; x_wconf 82' lang='lat' dir='ltr'><strong>aviditas</strong></span> <span class='ocrx_word' id='word_1_79' title='bbox 323 978 498 1028; x_wconf 90' lang='lat' dir='ltr'><strong>scilicet,</strong></span> <span class='ocrx_word' id='word_1_80' title='bbox 520 992 608 1031; x_wconf 88' lang='lat' dir='ltr'><strong>qua</strong></span> <span class='ocrx_word' id='word_1_81' title='bbox 639 979 735 1031; x_wconf 89' lang='lat' dir='ltr'><strong>quis</strong></span> <span class='ocrx_word' id='word_1_82' title='bbox 767 992 813 1018; x_wconf 92' lang='lat' dir='ltr'><strong>se</strong></span> <span class='ocrx_word' id='word_1_83' title='bbox 845 979 1030 1018; x_wconf 91' lang='lat' dir='ltr'><strong>nimium</strong></span> <span class='ocrx_word' id='word_1_84' title='bbox 1059 983 1212 1018; x_wconf 89' lang='lat' dir='ltr'><strong>onerat</strong></span> <span class='ocrx_word' id='word_1_85' title='bbox 1234 983 1278 1017; x_wconf 92' lang='lat' dir='ltr'><strong>et</strong></span> <span class='ocrx_word' id='word_1_86' title='bbox 1309 977 1563 1029; x_wconf 78' lang='lat' dir='ltr'><strong>ingurgitat,</strong></span> 
     </span>
     <span class='ocr_line' id='line_1_12' title="bbox 100 1050 1561 1104; baseline -0.001 -14"><span class='ocrx_word' id='word_1_87' title='bbox 100 1051 197 1091; x_wconf 82' lang='lat' dir='ltr'><strong>haec</strong></span> <span class='ocrx_word' id='word_1_88' title='bbox 230 1050 449 1091; x_wconf 85' lang='lat' dir='ltr'><strong>choleram</strong></span> <span class='ocrx_word' id='word_1_89' title='bbox 483 1058 673 1104; x_wconf 90' lang='lat' dir='ltr'><strong>generat,</strong></span> <span class='ocrx_word' id='word_1_90' title='bbox 697 1058 741 1092; x_wconf 86' lang='lat' dir='ltr'><strong>et</strong></span> <span class='ocrx_word' id='word_1_91' title='bbox 774 1052 1027 1092; x_wconf 90' lang='lat' dir='ltr'><strong>morborum</strong></span> <span class='ocrx_word' id='word_1_92' title='bbox 1059 1065 1213 1091; x_wconf 82' lang='lat' dir='ltr'><strong>causas</strong></span> <span class='ocrx_word' id='word_1_93' title='bbox 1245 1051 1561 1090; x_wconf 86' lang='lat' dir='ltr'><strong>subministrat.</strong></span> 
     </span>
     <span class='ocr_line' id='line_1_13' title="bbox 107 1124 1565 1178; baseline -0.001 -14"><span class='ocrx_word' id='word_1_94' title='bbox 107 1125 182 1165; x_wconf 84' lang='lat' dir='ltr'><strong>Ex</strong></span> <span class='ocrx_word' id='word_1_95' title='bbox 224 1125 388 1165; x_wconf 86' lang='lat' dir='ltr'><strong>morbis</strong></span> <span class='ocrx_word' id='word_1_96' title='bbox 428 1139 529 1165; x_wconf 92' lang='lat' dir='ltr'><strong>vero</strong></span> <span class='ocrx_word' id='word_1_97' title='bbox 572 1139 690 1178; x_wconf 79' lang='lat' dir='ltr'><strong>saepe</strong></span> <span class='ocrx_word' id='word_1_98' title='bbox 731 1139 847 1166; x_wconf 92' lang='lat' dir='ltr'><strong>mors</strong></span> <span class='ocrx_word' id='word_1_99' title='bbox 889 1126 1053 1174; x_wconf 88' lang='lat' dir='ltr'><strong>oritur;</strong></span> <span class='ocrx_word' id='word_1_100' title='bbox 1107 1125 1295 1176; x_wconf 91' lang='lat' dir='ltr'><strong>ideoque</strong></span> <span class='ocrx_word' id='word_1_101' title='bbox 1338 1124 1565 1176; x_wconf 83' lang='lat' dir='ltr'><strong>Scriptura</strong></span> 
     </span>
     <span class='ocr_line' id='line_1_14' title="bbox 106 1197 1568 1251; baseline -0.001 -13"><span class='ocrx_word' id='word_1_102' title='bbox 106 1197 307 1250; x_wconf 87' lang='lat' dir='ltr'><strong>subjicit:</strong></span> <span class='ocrx_word' id='word_1_103' title='bbox 353 1199 574 1251; x_wconf 90' lang='lat' dir='ltr'><strong>“Propter</strong></span> <span class='ocrx_word' id='word_1_104' title='bbox 606 1198 830 1251; x_wconf 89' lang='lat' dir='ltr'><strong>crapulam</strong></span> <span class='ocrx_word' id='word_1_105' title='bbox 871 1199 996 1239; x_wconf 89' lang='lat' dir='ltr'><strong>multi</strong></span> <span class='ocrx_word' id='word_1_106' title='bbox 1031 1198 1259 1246; x_wconf 81' lang='lat' dir='ltr'><strong>obierunt3</strong></span> <span class='ocrx_word' id='word_1_107' title='bbox 1304 1197 1376 1249; x_wconf 88' lang='lat' dir='ltr'><strong>qui</strong></span> <span class='ocrx_word' id='word_1_108' title='bbox 1420 1203 1568 1237; x_wconf 87' lang='lat' dir='ltr'><strong>autem</strong></span> 
     </span>
     <span class='ocr_line' id='line_1_15' title="bbox 106 1269 1568 1323; baseline -0.003 -11"><span class='ocrx_word' id='word_1_109' title='bbox 106 1271 332 1312; x_wconf 88' lang='lat' dir='ltr'><strong>abstinens</strong></span> <span class='ocrx_word' id='word_1_110' title='bbox 365 1276 440 1320; x_wconf 89' lang='lat' dir='ltr'><strong>est,</strong></span> <span class='ocrx_word' id='word_1_111' title='bbox 474 1271 651 1323; x_wconf 89' lang='lat' dir='ltr'><strong>adjiciet</strong></span> <span class='ocrx_word' id='word_1_112' title='bbox 681 1271 854 1312; x_wconf 88' lang='lat' dir='ltr'><strong>vitam.&#39;&#39;</strong></span> <span class='ocrx_word' id='word_1_113' title='bbox 927 1272 1304 1323; x_wconf 88' lang='lat' dir='ltr'><strong>Verissimumque</strong></span> <span class='ocrx_word' id='word_1_114' title='bbox 1340 1276 1416 1318; x_wconf 89' lang='lat' dir='ltr'><strong>est,</strong></span> <span class='ocrx_word' id='word_1_115' title='bbox 1451 1269 1568 1322; x_wconf 87' lang='lat' dir='ltr'><strong>quod</strong></span> 
     </span>
     <span class='ocr_line' id='line_1_16' title="bbox 103 1342 1571 1397; baseline 0 -15"><span class='ocrx_word' id='word_1_116' title='bbox 103 1342 295 1396; x_wconf 89' lang='lat' dir='ltr'><strong>jactatur</strong></span> <span class='ocrx_word' id='word_1_117' title='bbox 335 1343 379 1382; x_wconf 88' lang='lat' dir='ltr'><strong>in</strong></span> <span class='ocrx_word' id='word_1_118' title='bbox 419 1343 572 1396; x_wconf 89' lang='lat' dir='ltr'><strong>vulgis,</strong></span> <span class='ocrx_word' id='word_1_119' title='bbox 607 1344 823 1385; x_wconf 87' lang='lat' dir='ltr'><strong>cruditate</strong></span> <span class='ocrx_word' id='word_1_120' title='bbox 863 1345 1009 1397; x_wconf 89' lang='lat' dir='ltr'><strong>plures</strong></span> <span class='ocrx_word' id='word_1_121' title='bbox 1053 1345 1229 1385; x_wconf 88' lang='lat' dir='ltr'><strong>interire</strong></span> <span class='ocrx_word' id='word_1_122' title='bbox 1272 1357 1405 1396; x_wconf 88' lang='lat' dir='ltr'><strong>quam</strong></span> <span class='ocrx_word' id='word_1_123' title='bbox 1450 1342 1571 1382; x_wconf 89' lang='lat' dir='ltr'><strong>ferro.</strong></span> 
     </span>
     <span class='ocr_line' id='line_1_17' title="bbox 109 1416 1574 1470; baseline -0.001 -14"><span class='ocrx_word' id='word_1_124' title='bbox 109 1416 267 1469; x_wconf 89' lang='lat' dir='ltr'><strong>Neque</strong></span> <span class='ocrx_word' id='word_1_125' title='bbox 299 1416 440 1457; x_wconf 89' lang='lat' dir='ltr'><strong>solum</strong></span> <span class='ocrx_word' id='word_1_126' title='bbox 463 1418 650 1467; x_wconf 59' lang='lat' dir='ltr'><strong>morbos</strong></span> <span class='ocrx_word' id='word_1_127' title='bbox 673 1418 750 1458; x_wconf 89' lang='lat' dir='ltr'><strong>sed</strong></span> <span class='ocrx_word' id='word_1_128' title='bbox 782 1419 915 1459; x_wconf 87' lang='lat' dir='ltr'><strong>etiam</strong></span> <span class='ocrx_word' id='word_1_129' title='bbox 950 1417 1272 1470; x_wconf 89' lang='lat' dir='ltr'><strong>proclivitatem</strong></span> <span class='ocrx_word' id='word_1_130' title='bbox 1305 1417 1361 1456; x_wconf 92' lang='lat' dir='ltr'><strong>ad</strong></span> <span class='ocrx_word' id='word_1_131' title='bbox 1398 1417 1574 1456; x_wconf 89' lang='lat' dir='ltr'><strong>morbos</strong></span> 
     </span>
     <span class='ocr_line' id='line_1_18' title="bbox 109 1489 1573 1543; baseline -0.002 -13"><span class='ocrx_word' id='word_1_132' title='bbox 109 1490 314 1531; x_wconf 87' lang='lat' dir='ltr'><strong>saturitas</strong></span> <span class='ocrx_word' id='word_1_133' title='bbox 336 1490 487 1543; x_wconf 81' lang='lat' dir='ltr'><strong>gignit.</strong></span> <span class='ocrx_word' id='word_1_134' title='bbox 542 1490 746 1531; x_wconf 88' lang='lat' dir='ltr'><strong>Clemens</strong></span> <span class='ocrx_word' id='word_1_135' title='bbox 768 1492 812 1530; x_wconf 92' lang='lat' dir='ltr'><strong>in</strong></span> <span class='ocrx_word' id='word_1_136' title='bbox 837 1490 1001 1542; x_wconf 79' lang='lat' dir='ltr'><strong>Paedag</strong></span> <span class='ocrx_word' id='word_1_137' title='bbox 1020 1505 1028 1531; x_wconf 73' lang='grc' dir='ltr'>ε</span> <span class='ocrx_word' id='word_1_138' title='bbox 1062 1491 1255 1530; x_wconf 89' lang='lat' dir='ltr'><strong>“Victus</strong></span> <span class='ocrx_word' id='word_1_139' title='bbox 1278 1490 1352 1541; x_wconf 91' lang='lat' dir='ltr'><strong>qui</strong></span> <span class='ocrx_word' id='word_1_140' title='bbox 1376 1489 1573 1538; x_wconf 88' lang='lat' dir='ltr'><strong>inundat,</strong></span> 
     </span>
     <span class='ocr_line' id='line_1_19' title="bbox 111 1563 1573 1614; baseline -0.001 -11"><span class='ocrx_word' id='word_1_141' title='bbox 111 1569 156 1604; x_wconf 92' lang='lat' dir='ltr'><strong>et</strong></span> <span class='ocrx_word' id='word_1_142' title='bbox 197 1563 341 1604; x_wconf 90' lang='lat' dir='ltr'><strong>obruit</strong></span> <span class='ocrx_word' id='word_1_143' title='bbox 382 1564 698 1614; x_wconf 86' lang='lat' dir='ltr'><strong>sufficientiam,</strong></span> <span class='ocrx_word' id='word_1_144' title='bbox 735 1564 901 1604; x_wconf 85' lang='lat' dir='ltr'><strong>homini</strong></span> <span class='ocrx_word' id='word_1_145' title='bbox 940 1563 1130 1604; x_wconf 85' lang='lat' dir='ltr'><strong>multum</strong></span> <span class='ocrx_word' id='word_1_146' title='bbox 1168 1563 1331 1604; x_wconf 84' lang='lat' dir='ltr'><strong>officit:</strong></span> <span class='ocrx_word' id='word_1_147' title='bbox 1379 1563 1573 1602; x_wconf 88' lang='lat' dir='ltr'><strong>animam</strong></span> 
     </span>
     <span class='ocr_line' id='line_1_20' title="bbox 110 1636 1578 1691; baseline -0.001 -14"><span class='ocrx_word' id='word_1_148' title='bbox 110 1636 292 1689; x_wconf 87' lang='lat' dir='ltr'><strong>quidem</strong></span> <span class='ocrx_word' id='word_1_149' title='bbox 339 1651 518 1690; x_wconf 86' lang='lat' dir='ltr'><strong>segnem</strong></span> <span class='ocrx_word' id='word_1_150' title='bbox 561 1644 605 1679; x_wconf 92' lang='lat' dir='ltr'><strong>et</strong></span> <span class='ocrx_word' id='word_1_151' title='bbox 646 1640 830 1679; x_wconf 89' lang='lat' dir='ltr'><strong>inertem</strong></span> <span class='ocrx_word' id='word_1_152' title='bbox 872 1638 1027 1688; x_wconf 88' lang='lat' dir='ltr'><strong>reddit,</strong></span> <span class='ocrx_word' id='word_1_153' title='bbox 1065 1652 1222 1691; x_wconf 90' lang='lat' dir='ltr'><strong>corpus</strong></span> <span class='ocrx_word' id='word_1_154' title='bbox 1266 1651 1368 1677; x_wconf 89' lang='lat' dir='ltr'><strong>vero</strong></span> <span class='ocrx_word' id='word_1_155' title='bbox 1410 1636 1578 1677; x_wconf 92' lang='lat' dir='ltr'><strong>valetu-</strong></span> 
     </span>
     <span class='ocr_line' id='line_1_21' title="bbox 114 1711 970 1765; baseline 0.002 -15"><span class='ocrx_word' id='word_1_156' title='bbox 114 1711 331 1751; x_wconf 86' lang='lat' dir='ltr'><strong>dinarium</strong></span> <span class='ocrx_word' id='word_1_157' title='bbox 366 1718 409 1752; x_wconf 91' lang='lat' dir='ltr'><strong>et</strong></span> <span class='ocrx_word' id='word_1_158' title='bbox 442 1713 499 1752; x_wconf 89' lang='lat' dir='ltr'><strong>ad</strong></span> <span class='ocrx_word' id='word_1_159' title='bbox 535 1712 710 1752; x_wconf 89' lang='lat' dir='ltr'><strong>morbos</strong></span> <span class='ocrx_word' id='word_1_160' title='bbox 742 1711 970 1765; x_wconf 82' lang='lat' dir='ltr'><strong>proclive.”</strong></span> 
     </span>
    </p>

    <p class='ocr_par' dir='ltr' id='par_1_4' title="bbox 115 1784 1581 2194">
     <span class='ocr_line' id='line_1_22' title="bbox 205 1784 1579 1838; baseline -0.001 -13"><span class='ocrx_word' id='word_1_161' title='bbox 205 1784 371 1825; x_wconf 90' lang='lat' dir='ltr'><strong>Contra</strong></span> <span class='ocrx_word' id='word_1_162' title='bbox 391 1799 493 1825; x_wconf 92' lang='lat' dir='ltr'><strong>vero</strong></span> <span class='ocrx_word' id='word_1_163' title='bbox 522 1786 815 1838; x_wconf 89' lang='lat' dir='ltr'><strong>temperantia</strong></span> <span class='ocrx_word' id='word_1_164' title='bbox 844 1799 894 1825; x_wconf 86' lang='lat' dir='ltr'><strong>ac</strong></span> <span class='ocrx_word' id='word_1_165' title='bbox 925 1786 1116 1838; x_wconf 88' lang='lat' dir='ltr'><strong>parcitas</strong></span> <span class='ocrx_word' id='word_1_166' title='bbox 1150 1798 1306 1825; x_wconf 89' lang='lat' dir='ltr'><strong>sanum</strong></span> <span class='ocrx_word' id='word_1_167' title='bbox 1341 1798 1509 1836; x_wconf 90' lang='lat' dir='ltr'><strong>corpus,</strong></span> <span class='ocrx_word' id='word_1_168' title='bbox 1534 1789 1579 1824; x_wconf 92' lang='lat' dir='ltr'><strong>et</strong></span> 
     </span>
     <span class='ocr_line' id='line_1_23' title="bbox 116 1855 1581 1912; baseline 0 -15"><span class='ocrx_word' id='word_1_169' title='bbox 116 1872 144 1898; x_wconf 88' lang='lat' dir='ltr'><strong>a</strong></span> <span class='ocrx_word' id='word_1_170' title='bbox 165 1858 328 1898; x_wconf 89' lang='lat' dir='ltr'><strong>morbis</strong></span> <span class='ocrx_word' id='word_1_171' title='bbox 350 1864 497 1899; x_wconf 90' lang='lat' dir='ltr'><strong>tuetur</strong></span> <span class='ocrx_word' id='word_1_172' title='bbox 518 1860 723 1899; x_wconf 90' lang='lat' dir='ltr'><strong>immune.</strong></span> <span class='ocrx_word' id='word_1_173' title='bbox 788 1859 920 1912; x_wconf 75' lang='lat' dir='ltr'><strong>Quod</strong></span> <span class='ocrx_word' id='word_1_174' title='bbox 950 1859 1012 1899; x_wconf 87' lang='lat' dir='ltr'><strong>sic</strong></span> <span class='ocrx_word' id='word_1_175' title='bbox 1040 1858 1201 1912; x_wconf 86' lang='lat' dir='ltr'><strong>probat</strong></span> <span class='ocrx_word' id='word_1_176' title='bbox 1235 1855 1581 1910; x_wconf 73' lang='lat' dir='ltr'><strong>Hieronymusz²</strong></span> 
     </span>
     <span class='ocr_line' id='line_1_24' title="bbox 116 1931 1581 1985; baseline -0.001 -13"><span class='ocrx_word' id='word_1_177' title='bbox 116 1931 243 1985; x_wconf 76' lang='lat' dir='ltr'><strong>“Qui</strong></span> <span class='ocrx_word' id='word_1_178' title='bbox 277 1938 475 1984; x_wconf 81' lang='lat' dir='ltr'><strong>aegrotat,</strong></span> <span class='ocrx_word' id='word_1_179' title='bbox 498 1946 585 1972; x_wconf 92' lang='lat' dir='ltr'><strong>non</strong></span> <span class='ocrx_word' id='word_1_180' title='bbox 618 1932 744 1972; x_wconf 90' lang='lat' dir='ltr'><strong>aliter</strong></span> <span class='ocrx_word' id='word_1_181' title='bbox 775 1933 928 1985; x_wconf 90' lang='lat' dir='ltr'><strong>recipit</strong></span> <span class='ocrx_word' id='word_1_182' title='bbox 956 1933 1203 1981; x_wconf 89' lang='lat' dir='ltr'><strong>sanitatem,</strong></span> <span class='ocrx_word' id='word_1_183' title='bbox 1226 1931 1308 1971; x_wconf 90' lang='lat' dir='ltr'><strong>nisi</strong></span> <span class='ocrx_word' id='word_1_184' title='bbox 1331 1933 1450 1971; x_wconf 89' lang='lat' dir='ltr'><strong>tenui</strong></span> <span class='ocrx_word' id='word_1_185' title='bbox 1483 1931 1581 1971; x_wconf 91' lang='lat' dir='ltr'><strong>cibo</strong></span> 
     </span>
     <span class='ocr_line' id='line_1_25' title="bbox 115 2004 1575 2058; baseline -0.002 -12"><span class='ocrx_word' id='word_1_186' title='bbox 115 2011 160 2046; x_wconf 88' lang='lat' dir='ltr'><strong>et</strong></span> <span class='ocrx_word' id='word_1_187' title='bbox 188 2005 403 2058; x_wconf 87' lang='lat' dir='ltr'><strong>castigato</strong></span> <span class='ocrx_word' id='word_1_188' title='bbox 425 2006 569 2046; x_wconf 91' lang='lat' dir='ltr'><strong>victu:</strong></span> <span class='ocrx_word' id='word_1_189' title='bbox 602 2006 761 2058; x_wconf 87' lang='lat' dir='ltr'><strong>quibus</strong></span> <span class='ocrx_word' id='word_1_190' title='bbox 795 2019 899 2058; x_wconf 91' lang='lat' dir='ltr'><strong>ergo</strong></span> <span class='ocrx_word' id='word_1_191' title='bbox 935 2006 1041 2047; x_wconf 90' lang='lat' dir='ltr'><strong>cibis</strong></span> <span class='ocrx_word' id='word_1_192' title='bbox 1076 2005 1281 2058; x_wconf 87' lang='lat' dir='ltr'><strong>recipitur</strong></span> <span class='ocrx_word' id='word_1_193' title='bbox 1309 2005 1483 2052; x_wconf 82' lang='lat' dir='ltr'><strong>sanitas,</strong></span> <span class='ocrx_word' id='word_1_194' title='bbox 1507 2004 1575 2044; x_wconf 91' lang='lat' dir='ltr'><strong>his</strong></span> 
     </span>
     <span class='ocr_line' id='line_1_26' title="bbox 116 2078 1581 2132; baseline -0.002 -13"><span class='ocrx_word' id='word_1_195' title='bbox 116 2084 163 2120; x_wconf 87' lang='lat' dir='ltr'><strong>et</strong></span> <span class='ocrx_word' id='word_1_196' title='bbox 185 2080 428 2120; x_wconf 91' lang='lat' dir='ltr'><strong>conservari</strong></span> <span class='ocrx_word' id='word_1_197' title='bbox 451 2079 633 2132; x_wconf 89' lang='lat' dir='ltr'><strong>potest.’&#39;</strong></span> <span class='ocrx_word' id='word_1_198' title='bbox 698 2080 800 2120; x_wconf 93' lang='lat' dir='ltr'><strong>Hoc</strong></span> <span class='ocrx_word' id='word_1_199' title='bbox 822 2085 888 2120; x_wconf 89' lang='lat' dir='ltr'><strong>est</strong></span> <span class='ocrx_word' id='word_1_200' title='bbox 917 2080 1048 2131; x_wconf 88' lang='lat' dir='ltr'><strong>igitur</strong></span> <span class='ocrx_word' id='word_1_201' title='bbox 1070 2080 1258 2132; x_wconf 88' lang='lat' dir='ltr'><strong>primum</strong></span> <span class='ocrx_word' id='word_1_202' title='bbox 1288 2078 1581 2130; x_wconf 86' lang='lat' dir='ltr'><strong>intemperan-</strong></span> 
     </span>
     <span class='ocr_line' id='line_1_27' title="bbox 120 2152 403 2194; baseline 0 -1"><span class='ocrx_word' id='word_1_203' title='bbox 120 2153 195 2193; x_wconf 86' lang='lat' dir='ltr'><strong>tiae</strong></span> <span class='ocrx_word' id='word_1_204' title='bbox 228 2152 403 2194; x_wconf 90' lang='lat' dir='ltr'><strong>malum.</strong></span> 
     </span>
    </p>

    <p class='ocr_par' dir='ltr' id='par_1_5' title="bbox 121 2224 1588 2722">
     <span class='ocr_line' id='line_1_28' title="bbox 210 2224 1586 2280; baseline -0.002 -13"><span class='ocrx_word' id='word_1_205' title='bbox 210 2225 464 2267; x_wconf 88' lang='lat' dir='ltr'><strong>Secundum</strong></span> <span class='ocrx_word' id='word_1_206' title='bbox 497 2240 600 2267; x_wconf 93' lang='lat' dir='ltr'><strong>vero</strong></span> <span class='ocrx_word' id='word_1_207' title='bbox 635 2232 712 2275; x_wconf 90' lang='lat' dir='ltr'><strong>est,</strong></span> <span class='ocrx_word' id='word_1_208' title='bbox 737 2226 855 2280; x_wconf 89' lang='lat' dir='ltr'><strong>quod</strong></span> <span class='ocrx_word' id='word_1_209' title='bbox 889 2225 1062 2267; x_wconf 90' lang='lat' dir='ltr'><strong>dolores</strong></span> <span class='ocrx_word' id='word_1_210' title='bbox 1095 2225 1345 2278; x_wconf 89' lang='lat' dir='ltr'><strong>frequenter</strong></span> <span class='ocrx_word' id='word_1_211' title='bbox 1377 2224 1517 2273; x_wconf 87' lang='lat' dir='ltr'><strong>inurit,</strong></span> <span class='ocrx_word' id='word_1_212' title='bbox 1541 2229 1586 2264; x_wconf 90' lang='lat' dir='ltr'><strong>et</strong></span> 
     </span>
     <span class='ocr_line' id='line_1_29' title="bbox 121 2297 1587 2354; baseline -0.003 -13"><span class='ocrx_word' id='word_1_213' title='bbox 121 2314 280 2353; x_wconf 89' lang='lat' dir='ltr'><strong>corpus</strong></span> <span class='ocrx_word' id='word_1_214' title='bbox 312 2305 499 2353; x_wconf 86' lang='lat' dir='ltr'><strong>torquet,</strong></span> <span class='ocrx_word' id='word_1_215' title='bbox 522 2306 571 2340; x_wconf 91' lang='lat' dir='ltr'><strong>ut</strong></span> <span class='ocrx_word' id='word_1_216' title='bbox 603 2300 647 2340; x_wconf 89' lang='lat' dir='ltr'><strong>in</strong></span> <span class='ocrx_word' id='word_1_217' title='bbox 680 2301 731 2340; x_wconf 92' lang='lat' dir='ltr'><strong>iis</strong></span> <span class='ocrx_word' id='word_1_218' title='bbox 765 2300 946 2354; x_wconf 91' lang='lat' dir='ltr'><strong>planum</strong></span> <span class='ocrx_word' id='word_1_219' title='bbox 982 2305 1058 2350; x_wconf 87' lang='lat' dir='ltr'><strong>est,</strong></span> <span class='ocrx_word' id='word_1_220' title='bbox 1081 2300 1156 2352; x_wconf 89' lang='lat' dir='ltr'><strong>qui</strong></span> <span class='ocrx_word' id='word_1_221' title='bbox 1187 2298 1256 2339; x_wconf 91' lang='lat' dir='ltr'><strong>vel</strong></span> <span class='ocrx_word' id='word_1_222' title='bbox 1288 2298 1487 2352; x_wconf 84' lang='lat' dir='ltr'><strong>podagra</strong></span> <span class='ocrx_word' id='word_1_223' title='bbox 1518 2297 1587 2337; x_wconf 86' lang='lat' dir='ltr'><strong>vel</strong></span> 
     </span>
     <span class='ocr_line' id='line_1_30' title="bbox 121 2370 1585 2426; baseline -0.003 -12"><span class='ocrx_word' id='word_1_224' title='bbox 121 2373 288 2414; x_wconf 88' lang='lat' dir='ltr'><strong>calculo</strong></span> <span class='ocrx_word' id='word_1_225' title='bbox 328 2373 397 2414; x_wconf 90' lang='lat' dir='ltr'><strong>vel</strong></span> <span class='ocrx_word' id='word_1_226' title='bbox 437 2374 585 2426; x_wconf 91' lang='lat' dir='ltr'><strong>aliquo</strong></span> <span class='ocrx_word' id='word_1_227' title='bbox 636 2373 889 2426; x_wconf 89' lang='lat' dir='ltr'><strong>hujusmodi</strong></span> <span class='ocrx_word' id='word_1_228' title='bbox 932 2373 1081 2413; x_wconf 90' lang='lat' dir='ltr'><strong>dolore</strong></span> <span class='ocrx_word' id='word_1_229' title='bbox 1131 2378 1360 2413; x_wconf 81' lang='lat' dir='ltr'><strong>vexantur.</strong></span> <span class='ocrx_word' id='word_1_230' title='bbox 1437 2370 1585 2411; x_wconf 92' lang='lat' dir='ltr'><strong>“Cum</strong></span> 
     </span>
     <span class='ocr_line' id='line_1_31' title="bbox 124 2445 1588 2498; baseline -0.003 -11"><span class='ocrx_word' id='word_1_231' title='bbox 124 2448 309 2488; x_wconf 89' lang='lat' dir='ltr'><strong>satiatus</strong></span> <span class='ocrx_word' id='word_1_232' title='bbox 343 2447 483 2498; x_wconf 85' lang='lat' dir='ltr'><strong>fuerit,</strong></span> <span class='ocrx_word' id='word_1_233' title='bbox 515 2447 764 2495; x_wconf 88' lang='lat' dir='ltr'><strong>arctabitur,</strong></span> <span class='ocrx_word' id='word_1_234' title='bbox 793 2447 1008 2497; x_wconf 64' lang='lat' dir='ltr'><strong>aestuabit,</strong></span> <span class='ocrx_word' id='word_1_235' title='bbox 1044 2452 1087 2487; x_wconf 93' lang='lat' dir='ltr'><strong>et</strong></span> <span class='ocrx_word' id='word_1_236' title='bbox 1119 2447 1261 2487; x_wconf 88' lang='lat' dir='ltr'><strong>omnis</strong></span> <span class='ocrx_word' id='word_1_237' title='bbox 1299 2445 1424 2486; x_wconf 88' lang='lat' dir='ltr'><strong>dolor</strong></span> <span class='ocrx_word' id='word_1_238' title='bbox 1455 2446 1588 2484; x_wconf 86' lang='lat' dir='ltr'><strong>irruet</strong></span> 
     </span>
     <span class='ocr_line' id='line_1_32' title="bbox 125 2518 1587 2574; baseline -0.002 -14"><span class='ocrx_word' id='word_1_239' title='bbox 125 2534 254 2574; x_wconf 90' lang='lat' dir='ltr'><strong>super</strong></span> <span class='ocrx_word' id='word_1_240' title='bbox 276 2519 437 2561; x_wconf 78' lang='lat' dir='ltr'><strong>eum.&#39;&#39;3</strong></span> <span class='ocrx_word' id='word_1_241' title='bbox 497 2521 661 2562; x_wconf 91' lang='lat' dir='ltr'><strong>Crebro</strong></span> <span class='ocrx_word' id='word_1_242' title='bbox 692 2527 842 2562; x_wconf 88' lang='lat' dir='ltr'><strong>autem</strong></span> <span class='ocrx_word' id='word_1_243' title='bbox 863 2521 1213 2562; x_wconf 89' lang='lat' dir='ltr'><strong>vehementiores</strong></span> <span class='ocrx_word' id='word_1_244' title='bbox 1236 2519 1390 2572; x_wconf 86' lang='lat' dir='ltr'><strong>capitis</strong></span> <span class='ocrx_word' id='word_1_245' title='bbox 1413 2518 1587 2558; x_wconf 88' lang='lat' dir='ltr'><strong>dolores</strong></span> 
     </span>
     <span class='ocr_line' id='line_1_33' title="bbox 122 2592 1586 2648; baseline -0.003 -14"><span class='ocrx_word' id='word_1_246' title='bbox 122 2600 271 2645; x_wconf 83' lang='lat' dir='ltr'><strong>creat3</strong></span> <span class='ocrx_word' id='word_1_247' title='bbox 315 2600 448 2647; x_wconf 88' lang='lat' dir='ltr'><strong>atque</strong></span> <span class='ocrx_word' id='word_1_248' title='bbox 488 2594 590 2635; x_wconf 91' lang='lat' dir='ltr'><strong>hinc</strong></span> <span class='ocrx_word' id='word_1_249' title='bbox 631 2594 855 2648; x_wconf 88' lang='lat' dir='ltr'><strong>crapulam</strong></span> <span class='ocrx_word' id='word_1_250' title='bbox 893 2595 1058 2635; x_wconf 88' lang='lat' dir='ltr'><strong>dictam</strong></span> <span class='ocrx_word' id='word_1_251' title='bbox 1097 2594 1325 2634; x_wconf 85' lang='lat' dir='ltr'><strong>existimat</strong></span> <span class='ocrx_word' id='word_1_252' title='bbox 1369 2592 1586 2640; x_wconf 88' lang='lat' dir='ltr'><strong>Clemens,</strong></span> 
     </span>
     <span class='ocr_line' id='line_1_34' title="bbox 130 2667 1312 2722; baseline -0.002 -14"><span class='ocrx_word' id='word_1_253' title='bbox 130 2668 256 2721; x_wconf 89' lang='lat' dir='ltr'><strong>quasi</strong></span> <span class='ocrx_word' id='word_1_254' title='bbox 291 2670 507 2718; x_wconf 62' lang='grc' dir='ltr'><strong>κραιπάλην,</strong></span> <span class='ocrx_word' id='word_1_255' title='bbox 532 2669 651 2720; x_wconf 90' lang='lat' dir='ltr'><strong>quod</strong></span> <span class='ocrx_word' id='word_1_256' title='bbox 685 2675 818 2722; x_wconf 91' lang='lat' dir='ltr'><strong>caput</strong></span> <span class='ocrx_word' id='word_1_257' title='bbox 850 2668 990 2709; x_wconf 88' lang='lat' dir='ltr'><strong>vibret</strong></span> <span class='ocrx_word' id='word_1_258' title='bbox 1026 2673 1070 2708; x_wconf 93' lang='lat' dir='ltr'><strong>et</strong></span> <span class='ocrx_word' id='word_1_259' title='bbox 1104 2667 1312 2720; x_wconf 81' lang='lat' dir='ltr'><strong>exagitet.</strong></span> 
     </span>
    </p>

    <p class='ocr_par' dir='ltr' id='par_1_6' title="bbox 127 2737 1594 2868">
     <span class='ocr_line' id='line_1_35' title="bbox 217 2737 1594 2791; baseline -0.004 -10"><span class='ocrx_word' id='word_1_260' title='bbox 217 2741 381 2791; x_wconf 91' lang='lat' dir='ltr'><strong>Tertio,</strong></span> <span class='ocrx_word' id='word_1_261' title='bbox 414 2755 591 2781; x_wconf 91' lang='lat' dir='ltr'><strong>somnos</strong></span> <span class='ocrx_word' id='word_1_262' title='bbox 623 2742 789 2782; x_wconf 90' lang='lat' dir='ltr'><strong>aufert:</strong></span> <span class='ocrx_word' id='word_1_263' title='bbox 834 2741 1064 2782; x_wconf 86' lang='lat' dir='ltr'><strong>“Somnus</strong></span> <span class='ocrx_word' id='word_1_264' title='bbox 1106 2740 1307 2780; x_wconf 88' lang='lat' dir='ltr'><strong>sanitatis</strong></span> <span class='ocrx_word' id='word_1_265' title='bbox 1339 2739 1382 2778; x_wconf 91' lang='lat' dir='ltr'><strong>in</strong></span> <span class='ocrx_word' id='word_1_266' title='bbox 1414 2737 1594 2777; x_wconf 90' lang='lat' dir='ltr'><strong>homine</strong></span> 
     </span>
     <span class='ocr_line' id='line_1_36' title="bbox 127 2811 1592 2868; baseline -0.003 -13"><span class='ocrx_word' id='word_1_267' title='bbox 127 2828 291 2868; x_wconf 91' lang='lat' dir='ltr'><strong>parco;</strong></span> <span class='ocrx_word' id='word_1_268' title='bbox 335 2814 524 2856; x_wconf 84' lang='lat' dir='ltr'><strong>dormiet</strong></span> <span class='ocrx_word' id='word_1_269' title='bbox 565 2829 703 2868; x_wconf 87' lang='lat' dir='ltr'><strong>usque</strong></span> <span class='ocrx_word' id='word_1_270' title='bbox 744 2828 884 2866; x_wconf 88' lang='lat' dir='ltr'><strong>mane,</strong></span> <span class='ocrx_word' id='word_1_271' title='bbox 923 2821 966 2856; x_wconf 92' lang='lat' dir='ltr'><strong>et</strong></span> <span class='ocrx_word' id='word_1_272' title='bbox 1002 2815 1152 2855; x_wconf 87' lang='lat' dir='ltr'><strong>anima</strong></span> <span class='ocrx_word' id='word_1_273' title='bbox 1187 2813 1322 2867; x_wconf 88' lang='lat' dir='ltr'><strong>ipsius</strong></span> <span class='ocrx_word' id='word_1_274' title='bbox 1359 2825 1456 2852; x_wconf 92' lang='lat' dir='ltr'><strong>cum</strong></span> <span class='ocrx_word' id='word_1_275' title='bbox 1496 2811 1592 2864; x_wconf 88' lang='lat' dir='ltr'><strong>ipso</strong></span> 
     </span>
    </p>
   </div>
   <div class='ocr_carea' id='block_1_3' title="bbox 322 2901 1398 2947">
    <p class='ocr_par' dir='ltr' id='par_1_7' title="bbox 322 2901 1398 2947">
     <span class='ocr_line' id='line_1_37' title="bbox 322 2901 1398 2947; baseline -0.004 -10"><span class='ocrx_word' id='word_1_276' title='bbox 322 2903 335 2923; x_wconf 78' lang='lat'>¹</span> <span class='ocrx_word' id='word_1_277' title='bbox 360 2905 398 2937; x_wconf 94' lang='lat' dir='ltr'><strong>C.</strong></span> <span class='ocrx_word' id='word_1_278' title='bbox 420 2912 473 2946; x_wconf 83' lang='lat'><strong>37.</strong></span> <span class='ocrx_word' id='word_1_279' title='bbox 653 2903 666 2922; x_wconf 82' lang='lat'>2</span> <span class='ocrx_word' id='word_1_280' title='bbox 688 2905 727 2936; x_wconf 93' lang='lat' dir='ltr'><strong>L.</strong></span> <span class='ocrx_word' id='word_1_281' title='bbox 748 2912 778 2938; x_wconf 90' lang='lat'><strong>2.</strong></span> <span class='ocrx_word' id='word_1_282' title='bbox 800 2909 913 2938; x_wconf 81' lang='lat' dir='ltr'><strong>contra</strong></span> <span class='ocrx_word' id='word_1_283' title='bbox 933 2905 1044 2947; x_wconf 86' lang='lat' dir='ltr'><strong>Jovin.</strong></span> <span class='ocrx_word' id='word_1_284' title='bbox 1224 2901 1238 2922; x_wconf 74' lang='lat'><strong>³</strong></span> <span class='ocrx_word' id='word_1_285' title='bbox 1257 2902 1324 2944; x_wconf 89' lang='lat' dir='ltr'><strong>Job</strong></span> <span class='ocrx_word' id='word_1_286' title='bbox 1347 2910 1398 2934; x_wconf 88' lang='lat'><strong>20.</strong></span> 
     </span>
    </p>
   </div>
  </div>
 </body>
</html>
