1903 3197
778 199 866 246 251

314 751 837 807 OPUSCULUM
898 748 1325 803 DECIMUM.

262 879 339 916 DE
386 878 661 925 EXAMINE,
711 877 784 914 ET
832 874 1202 915 DISCUSSIONE
1248 874 1373 912 SUAE

608 938 1019 978 CONSCIENTIAE.

89 1053 217 1094 TRIA
239 1052 308 1093 hic
330 1052 529 1093 videnda.
594 1051 800 1100 Primum,
824 1055 1002 1104 quantae
1032 1047 1305 1090 necessitatis
1326 1048 1382 1088 sit
1404 1047 1547 1101 quoti-

90 1129 223 1169 diana
243 1127 455 1168 discussio
477 1126 666 1180 pectoris
687 1126 764 1166 sui.
799 1125 1063 1173 Secundum,
1079 1128 1257 1177 quantae
1274 1122 1477 1163 utilitatis
1493 1122 1551 1163 sit

90 1209 134 1243 et
155 1201 377 1243 commodi
399 1200 645 1254 spiritualis.
694 1200 907 1249 Tertium,
930 1199 1003 1252 qui
1026 1197 1185 1238 modus
1208 1198 1251 1237 in
1273 1196 1550 1237 discutiendo

87 1290 135 1316 se
167 1277 263 1328 ipso
296 1289 322 1315 a
356 1275 399 1314 P.
425 1274 477 1314 N.
505 1273 680 1326 Ignatio
715 1273 922 1313 tradatur.
984 1272 1244 1324 Antequam
1274 1276 1423 1311 autem
1455 1270 1549 1311 haec

89 1349 330 1403 aggrediar,
367 1348 608 1389 videndum
644 1347 861 1388 breviter:
900 1347 1005 1399 quid
1042 1346 1099 1386 sit
1137 1346 1357 1396 Examen,
1395 1351 1438 1386 et
1475 1358 1550 1385 cur

89 1425 259 1465 dicatur
294 1422 573 1463 conscientiae
611 1421 834 1462 examen?

177 1498 248 1539 De
281 1497 459 1538 nomine
493 1495 740 1537 Examinis.
803 1494 1074 1535 Examinare
1106 1494 1280 1547 proprie
1314 1498 1380 1534 est
1414 1493 1551 1533 lancis

92 1587 167 1614 seu
204 1578 390 1621 staterae,
426 1585 514 1625 qua
549 1571 747 1625 pondera
782 1570 1024 1623 probantur
1060 1582 1111 1609 ac
1147 1568 1406 1609 indicantur.
1470 1568 1554 1608 Est

93 1647 209 1689 enirn
261 1659 451 1687 examen
502 1644 645 1698 stylus
686 1644 759 1684 ille
800 1644 874 1697 qui
916 1649 982 1684 cst
1023 1644 1066 1683 in
1109 1642 1244 1692 lance,
1288 1643 1451 1695 quique
1496 1640 1555 1682 ad

94 1721 304 1774 cujusque
344 1721 433 1760 vim
485 1718 692 1772 ponderis
734 1717 802 1759 vel
844 1723 943 1767 stat,
985 1717 1053 1757 vel
1105 1717 1209 1765 exit,
1252 1730 1332 1770 pro
1384 1714 1554 1756 ratione

92 1812 299 1866 ponderis
339 1824 391 1851 ac
432 1809 654 1850 momenti.
739 1808 786 1849 Si
829 1808 1016 1848 multum
1059 1808 1162 1857 exit,
1204 1821 1337 1861 grave
1378 1806 1552 1860 pondus

91 1892 188 1936 est;
238 1885 273 1926 si
326 1885 568 1933 minimum,
615 1883 718 1923 leve.
784 1882 904 1922 Hinc
955 1881 1212 1935 intelligitur
1262 1880 1550 1922 examinandi

92 1961 274 2002 verbum
317 1972 404 1999 non
445 1964 537 1999 tam
578 1957 695 1997 vitiis
736 1963 869 2009 atque
909 1957 1113 2009 peccatis,
1155 1970 1254 2009 quae
1293 1955 1459 2008 judicio
1500 1969 1552 1997 ac

93 2034 354 2089 probatione
388 2046 477 2073 non
518 2037 660 2085 egent,
690 2044 789 2072 cum
830 2044 908 2083 per
941 2044 987 2071 se
1021 2030 1138 2071 mala
1171 2030 1269 2079 sint,
1304 2030 1551 2080 convenire,

92 2122 225 2163 quam
267 2108 319 2148 iis
359 2107 606 2148 actionibus
642 2111 776 2159 atque
817 2105 953 2155 factis,
991 2119 1092 2158 quae
1133 2111 1252 2145 recta
1290 2103 1360 2144 vel
1400 2104 1552 2144 lauda-

92 2183 198 2225 bilia
246 2182 382 2224 videri
434 2187 631 2235 possunt,
677 2194 875 2234 quaeque,
927 2181 1073 2233 posita
1123 2179 1167 2219 in
1217 2178 1343 2219 lance
1389 2177 1553 2230 judicii,

93 2258 336 2312 probantur
375 2270 432 2297 an
471 2269 573 2296 vere
612 2255 701 2295 sint
736 2255 863 2295 bona.
925 2252 1195 2307 Quanquam
1231 2258 1380 2306 potest
1416 2252 1563 2301 etiamr

95 2333 181 2374 dici
225 2344 415 2372 examen
460 2330 551 2370 fieri
594 2329 649 2370 ad
693 2328 944 2383 probandas
987 2328 1184 2368 actiones
1227 2333 1399 2368 nostras
1445 2339 1553 2379 quo-

94 2407 296 2455 tidianas,
344 2410 389 2446 et
438 2403 764 2453 conscientiam,
810 2409 858 2443 ut
908 2402 1122 2455 quidquid
1173 2416 1231 2442 ex
1276 2401 1360 2442 hac
1405 2400 1552 2448 oritur,

95 2480 226 2534 quale
275 2480 332 2521 sit
381 2492 683 2533 agnoscamus.
757 2477 860 2531 Quo
919 2490 1048 2518 sensu
1108 2476 1215 2517 dicit
1276 2475 1436 2516 Paulus
1496 2473 1554 2514 ad

97 2553 308 2595 Galatas:
361 2553 526 2607 “Opus
576 2565 704 2593 suum
750 2552 907 2605 probet
956 2548 1350 2604 unusquisque;''1
1401 2555 1446 2590 et
1495 2547 1553 2588 ad

97 2627 381 2670 Corinthios:
425 2627 767 2680 “Vosmetipsos
802 2631 981 2675 tentate,
1019 2626 1054 2665 si
1091 2625 1196 2665 estis
1231 2625 1275 2664 in
1312 2623 1398 2664 fide
1418 2638 1428 2674 ;
1472 2621 1554 2675 ipsi

95 2716 175 2743 vos
225 2700 474 2755 probate.''2
550 2701 651 2742 Hoc
701 2707 778 2750 est,
820 2706 868 2741 ut
918 2701 1229 2753 interpretatur
1277 2697 1320 2739 S.
1343 2696 1552 2744 Thomas,

98 2777 370 2818 Examinate
441 2781 485 2817 et
556 2776 830 2816 considerate
894 2781 1018 2816 aetus
1088 2779 1265 2814 vestros.
1358 2771 1556 2823 Ideoque

99 2858 217 2894 recte
252 2857 401 2892 noster
442 2851 486 2892 P.
516 2851 715 2903 Ignatius
749 2850 967 2904 inscripsit
1001 2848 1207 2889 Examen
1250 2845 1554 2895 Conscientiae‚

531 2938 544 2958 ²
568 2940 642 2972 Gal.
662 2940 693 2972 6.
897 2938 910 2957 ²
933 2947 953 2970 2
970 2939 1046 2971 Cor.
1070 2945 1118 2978 13.
