1903 3197
412 209 492 254 De
522 226 568 254 sc
600 208 797 253 invicem
834 207 1198 268 mamfrslando.
1454 218 1509 263 17
1522 221 1538 249 1

75 343 270 385 >defertur
312 342 425 395 aequi
467 341 660 393 bonique
701 339 890 379 consulit
931 340 1259 383 correctionem,
1305 343 1381 378 aut
1424 343 1541 379 certe

75 431 136 458 ex
191 415 588 457 Constitutionibus
631 414 690 453 ita
733 412 874 453 debet.
950 412 1046 451 Illic
1088 419 1315 452 accusator
1356 411 1442 451 alio
1484 411 1539 452 ad

78 491 373 531 accusandum
435 489 593 534 animo,
646 487 732 526 alio
793 485 878 525 fine
932 486 1120 533 ducitur,
1175 485 1325 524 animo
1379 485 1543 537 quippe

77 564 266 611 inimico,
306 563 391 603 fine
424 575 526 602 vero
562 561 628 601 vel
664 559 888 613 repetendi
926 573 1015 607 sua,
1053 558 1121 597 vel
1158 557 1420 605 ulciscendi;
1473 558 1543 596 hic

77 638 153 690 qui
217 637 452 677 denunciat
514 649 564 675 ac
628 633 780 681 defert,
839 633 942 673 facit
1007 632 1064 679 id,
1130 631 1164 670 5ἰ
1229 629 1542 670 Constitutioni

24 729 35 739 ³
78 711 365 763 obtemperet,
409 722 508 749 cum
552 721 699 747 amore
751 713 794 747 et
845 706 1073 751 charitate,
1127 709 1171 743 et
1223 702 1278 742 ad
1332 701 1542 754 majorem

77 785 254 837 spiritus
313 782 568 836 profectum.
666 780 760 820 Illic
810 780 950 832 judex
1012 792 1189 830 quoque
1244 775 1329 816 alio
1397 775 1544 815 animo

74 857 250 910 alioque
302 856 387 896 fine
443 855 623 907 judicat,
687 854 835 894 animo
891 853 1070 905 quidem
1129 849 1455 891 condemnandi
1509 849 1542 888 si

77 943 187 984 opus
229 930 294 978 sit,
348 928 433 968 fine
469 943 571 968 vero
609 933 803 980 qusestus
847 941 895 967 ac
939 926 1055 973 lucri,
1101 926 1191 964 sive
1235 923 1290 964 sit
1332 922 1542 975 pecuniae,

75 1004 168 1044 sive
239 1004 371 1043 etiam
443 1002 620 1055 gloriae3
702 1002 771 1041 hic
843 1006 990 1041 autem
1065 998 1274 1051 Superior
1344 997 1540 1037 animum

78 1084 311 1130 paternum
363 1077 485 1128 gerit,
540 1088 626 1115 non
675 1074 846 1126 judicis,
900 1080 944 1114 et
995 1078 1228 1126 propterea
1291 1070 1363 1110 illa
1419 1069 1543 1109 addit

84 1151 352 1192 Constitutio
394 1150 552 1190 verba:
597 1148 720 1201 “Qui
764 1148 935 1188 illorum
982 1160 1131 1187 curam
1180 1145 1326 1198 gerit.’'
1384 1144 1544 1184 Gerere

77 1225 196 1266 enim
249 1237 395 1265 curam
450 1223 636 1263 filiorum
697 1222 752 1263 ad
809 1228 1040 1275 paternum
1102 1225 1273 1273 Spectat
1334 1231 1542 1263 amorem,

81 1299 240 1340 deinde
288 1298 496 1350 Superior
536 1296 669 1336 finem
711 1296 845 1336 habet
890 1295 1106 1342 ultimum,
1146 1294 1329 1345 gloriam
1374 1291 1457 1332 Dei
1501 1298 1545 1331 et

81 1373 258 1425 quidem
303 1371 559 1418 maximam,
606 1370 793 1421 ideoque
835 1369 1014 1409 additur
1050 1369 1092 1407 in
1130 1373 1330 1407 extrema
1368 1366 1543 1418 regula:

80 1445 181 1486 “Ad
214 1445 426 1499 majorem
462 1445 544 1484 Dei
578 1443 798 1497 gloriam.'’

171 1520 267 1559 Has
304 1519 435 1572 igitur
468 1517 740 1558 conditiones
776 1517 818 1555 in
853 1515 1099 1555 indicandis
1134 1514 1337 1554 fratribus
1372 1512 1547 1554 Consti-

78 1593 190 1634 tutio
232 1593 421 1645 requirit.
514 1591 603 1632 Sed
647 1591 702 1631 ad
745 1590 986 1644 pleniorem
1040 1589 1133 1641 ejus
1187 1587 1544 1641 explicationem,

80 1669 163 1709 tria
204 1667 347 1708 adhuc
390 1667 518 1720 objici
561 1672 755 1719 possunt.
830 1665 975 1704 Prima
1017 1663 1210 1715 objectio
1249 1667 1395 1715 potest
1427 1675 1548 1702 esse:

84 1743 136 1782 In
171 1756 258 1794 qua
296 1755 397 1782 nam
437 1755 481 1781 re
519 1739 817 1780 manifestatio
859 1738 953 1778 haec
989 1744 1142 1778 mutua
1176 1736 1336 1777 versari
1374 1736 1546 1783 debeat,

83 1816 126 1855 in
178 1815 369 1869 peccatis
422 1828 474 1854 ne
527 1814 766 1854 dumtaxat
815 1813 923 1860 unis,
967 1825 1022 1852 an
1076 1811 1209 1851 etiam
1252 1811 1295 1849 in
1347 1810 1397 1849 iis
1449 1822 1547 1861 quae

84 1889 189 1929 nihil
225 1889 391 1929 habent
425 1887 615 1928 criminis
650 1900 700 1927 ac
733 1886 932 1939 peccati?
996 1884 1264 1925 Constitutio
1299 1883 1415 1923 enim
1447 1895 1546 1922 cum

84 1962 221 2003 dicit:
265 1961 590 2002 “Manifestare
639 1973 733 2000 sese
776 1960 961 1999 invicem
1004 1958 1091 1998 sint
1132 1955 1310 2010 parati,’'
1365 1955 1407 1996 id
1460 1969 1546 1995 non

85 2037 304 2091 exprimit.
371 2036 664 2089 Respondeo:
712 2035 763 2074 In
800 2033 1005 2074 omnibus
1043 2046 1141 2084 quae
1183 2030 1340 2071 occulti
1382 2029 1548 2083 aliquid

84 2112 259 2160 habent,
300 2111 390 2150 sive
431 2110 579 2150 affinia
617 2109 703 2148 sint
744 2108 897 2160 culpae,
936 2107 1025 2146 sive
1063 2105 1191 2159 culpa
1227 2111 1384 2145 vacent
1419 2103 1549 2156 (ejus-

87 2186 206 2226 modi
240 2191 389 2226 tamen
423 2185 522 2233 sint,
568 2198 667 2236 quae
710 2188 876 2223 secreta
918 2195 1012 2221 esse
1053 2194 1104 2220 ac
1141 2185 1258 2220 tecta
1299 2178 1549 2228 volumus);

84 2258 191 2299 nihil
245 2259 360 2299 enim
416 2264 543 2298 extra
595 2256 786 2310 sigillum
838 2255 1120 2296 confessionis
1173 2254 1367 2294 clausum
1417 2258 1550 2304 atque

86 2332 305 2374 occultum
352 2332 576 2385 Superiori
621 2345 714 2371 esse
762 2331 903 2379 debet,
947 2335 995 2369 ut
1046 2328 1148 2369 alibi
1203 2327 1550 2368 Constitutiones

85 2406 277 2448 docent.1

177 2480 382 2522 Secunda
415 2479 634 2532 objectio:
678 2478 797 2531 Quid
830 2479 925 2530 ipsa
956 2482 1149 2530 peccata,
1185 2484 1285 2516 sunt
1317 2489 1370 2515 ne
1403 2476 1551 2515 omnia

91 2553 398 2606 Superioribus
432 2553 696 2602 indicanda3
730 2553 877 2604 magni
912 2552 1027 2591 enim
1062 2551 1116 2591 sit
1148 2550 1324 2603 negotii,
1358 2550 1392 2589 si
1425 2548 1550 2601 quid—

87 2628 193 2680 quid
217 2628 357 2680 culpae
380 2627 564 2680 vitiique
586 2627 824 2680 aspexeriS,
849 2627 998 2666 statim
1023 2625 1222 2665 deferas?
1257 2624 1550 2677 Respondeo:

86 2700 199 2754 Quae
239 2701 386 2754 magni
426 2702 640 2741 momenti
679 2715 729 2741 ac
763 2700 969 2753 ponderis
1008 2700 1100 2739 visa
1132 2699 1301 2747 suerint,
1341 2704 1387 2737 ut
1424 2710 1554 2749 supra

88 2774 441 2828 significavimus,
476 2789 528 2815 ea
558 2775 839 2828 potissimum
875 2779 975 2813 sunt
1014 2773 1274 2821 indicanda;
1315 2784 1416 2810 nam
1451 2782 1550 2821 quae

86 2848 197 2889 levia
239 2849 496 2901 minimique
538 2849 754 2902 ponderis,
792 2848 872 2887 nisi
916 2861 942 2887 a
984 2847 1216 2900 Superiore
1258 2843 1545 2896 interrogeriS,

648 2936 659 2955 ¹
688 2938 723 2969 P.
743 2947 773 2978 4.
794 2948 821 2969 c.
847 2946 894 2969 10.
916 2938 977 2977 §5
