1903 3197
562 140 630 186 In
663 139 881 201 ngulas
917 139 1177 187 Modestz‘ae.
1512 143 1604 200 691

144 273 372 326 cundeque
405 273 554 313 audire
586 273 822 322 consuevit,
846 272 882 313 is
915 278 959 313 et
991 273 1110 325 quod
1147 273 1254 313 utile
1288 278 1354 313 est
1382 274 1610 325 sermonis,

144 346 340 400 percipit,
359 352 402 386 et
423 346 575 386 inutile
592 346 759 386 facilius
775 345 1064 399 deprehendit
1076 361 1085 396 ;
1117 346 1393 399 habeturque
1413 347 1610 388 veritatis

144 420 367 460 studiosus
399 421 546 474 potius
579 431 712 473 quam
747 419 1087 460 contentiosus.''
1149 420 1288 469 Idem,
1318 421 1451 474 paulo
1480 427 1610 462 ante:

143 493 413 535 “Silentium
455 494 651 535 maxime
691 500 787 534 tum
829 494 1020 546 prodest,
1055 508 1155 534 cum
1197 495 1383 534 audiens
1425 509 1514 536 non
1552 496 1607 536 ad

88 611 91 614 ,
143 568 315 621 singula
350 568 535 608 dicentis
569 568 703 608 verba
738 567 906 615 elatrat,
944 568 1020 608 sed
1058 568 1231 608 etiamsi
1270 582 1358 609 non
1400 570 1609 622 probetur

141 643 293 692 oratio,
336 643 522 683 sustinet
562 648 722 692 tamen,
766 648 1064 695 expectatque
1107 643 1213 682 dum
1255 643 1432 683 dicendi
1474 644 1608 685 finem

146 716 314 757 saciat.’'

228 789 513 843 Quamquam
545 797 693 831 autem
715 791 770 831 de
792 791 988 830 oratione
1010 791 1254 831 continenti
1279 791 1486 844 loquatur
1508 792 1607 833 Plu-

140 865 329 914 tarchus,
352 878 442 905 non
473 865 529 905 de
553 864 784 918 colloquio,
807 878 1133 918 congressuque
1156 865 1371 914 familiari,
1390 871 1539 907 tamen
1562 867 1606 907 id

141 939 227 980 huc
260 940 394 980 etiam
428 939 573 980 referri
607 945 763 992 potest.
833 939 920 980 Sed
950 939 1134 992 planius,
1166 939 1328 993 Opusc.
1359 940 1415 980 de
1446 940 1606 982 Garru-

143 1013 280 1054 litate.

227 1087 315 1140 Job
350 1098 429 1140 29:
469 1087 592 1140 “Qui
626 1100 697 1127 me
730 1087 981 1137 audiebant,
1005 1087 1305 1140 expectabant
1339 1088 1606 1129 sententiam

142 1175 299 1212 meam,
330 1169 374 1202 et
406 1162 560 1202 intenti
592 1161 800 1201 tacebant
830 1161 887 1201 ad
920 1161 1152 1201 consilium
1185 1162 1370 1202 meum.”
1434 1161 1606 1215 Quibus

141 1236 285 1277 verbis
316 1236 562 1276 ostenditur
592 1248 840 1275 sermonem
863 1248 1025 1284 eorum,
1050 1236 1125 1288 qui
1148 1237 1314 1288 priores
1337 1237 1463 1277 nobis
1486 1237 1606 1290 loqui

141 1317 379 1365 coeperunt,
404 1311 719 1363 interrumpere
741 1323 820 1349 nos
843 1323 930 1349 non
953 1310 1124 1350 debere.

230 1386 290 1426 Et
322 1385 581 1434 Bernardus,
613 1397 713 1424 cum
745 1384 919 1437 superbi
951 1385 1224 1424 conditiones
1258 1392 1496 1434 enumerat,
1520 1386 1605 1427 hoc

139 1461 284 1513 tangit
319 1460 502 1500 vitium:
553 1458 842 1509 “Praevenit‚‘’
885 1460 1036 1511 inquit,
1080 1460 1473 1512 “interrogantem,
1517 1475 1604 1502 non

140 1535 355 1588 quaerenti
387 1534 635 1586 respondet,
661 1534 753 1586 ipse
775 1534 943 1585 quaerit,
967 1534 1059 1586 ipse
1081 1534 1221 1582 solvit,
1246 1541 1290 1574 et
1311 1535 1445 1575 verba
1471 1535 1603 1576 collo-

140 1609 303 1650 cutoris
325 1608 581 1661 imperfecta
609 1607 897 1660 praescindit.’'
960 1607 1000 1648 S.
1024 1608 1149 1648 Isaac
1172 1608 1266 1661 Syr.
1291 1623 1322 1648 c.
1346 1617 1398 1660 45
1420 1623 1429 1650 2
1463 1610 1603 1650 “Non

140 1683 354 1738 praecidas
376 1683 557 1723 verbum
580 1680 835 1734 loquentis.''

231 1763 286 1808 50.
322 1757 487 1798 Contra
510 1770 677 1796 morem
700 1757 833 1796 etiam
856 1755 959 1796 facit
982 1756 1025 1796 in
1047 1756 1279 1809 loquendo,
1299 1758 1372 1809 qui
1396 1757 1604 1811 loquendi

141 1839 290 1886 partes
328 1832 409 1872 sibi
443 1845 597 1871 omnes
633 1830 837 1880 vindicat,
874 1830 1002 1870 sociis
1040 1830 1181 1871 nullas
1218 1831 1434 1884 relinquit.
1525 1833 1607 1874 Est

142 1907 259 1948 enim
291 1906 374 1947 hoc
405 1906 678 1959 garrulorum
709 1906 906 1944 maxime
928 1906 1093 1954 vitium,
1117 1912 1165 1946 ut
1186 1919 1359 1959 semper
1381 1907 1462 1960 ipsi
1485 1907 1604 1961 loqui

140 1982 288 2032 velint,
326 1981 435 2021 alios
472 1986 620 2021 autem
658 1993 746 2019 non
785 1980 971 2020 libenter
1006 1980 1197 2021 audiant.
1278 1981 1416 2021 Recte
1452 1989 1600 2023 autem

141 2055 412 2106 Plutarchus,
441 2054 602 2107 Opusc.
625 2054 680 2094 de
713 2054 1006 2094 Garrulitate:
1040 2055 1179 2094 “Duo
1201 2055 1307 2103 hzec,
1332 2061 1374 2096 et
1396 2057 1538 2108 prima
1559 2063 1604 2098 et

140 2131 352 2181 maxima,
404 2129 565 2178 audire,
608 2135 652 2169 et
693 2129 842 2177 audiri,
886 2134 1088 2168 neutrum
1130 2129 1345 2182 contingit
1392 2131 1601 2183 garrulis:

139 2218 291 2246 eorum
324 2204 548 2258 proprium
581 2209 648 2243 est
679 2203 940 2253 communia,
972 2209 1048 2243 aut
1080 2203 1231 2243 eadem
1267 2217 1384 2256 saepe
1416 2218 1600 2255 narrare,

140 2279 259 2319 mala
291 2285 335 2320 et
363 2279 481 2319 bona
512 2284 677 2318 temere
706 2277 950 2327 enunciare,
974 2277 1134 2317 nullius
1159 2277 1299 2326 famae,
1324 2292 1373 2318 ac
1396 2279 1601 2332 dignitati

140 2360 381 2407 parcentes,
419 2365 580 2393 arcana
616 2351 811 2405 prodere,
849 2358 892 2391 et
929 2352 973 2392 id
1008 2366 1148 2405 genus
1185 2352 1270 2392 alia
1307 2352 1501 2404 effutire;
1549 2369 1600 2395 ac

139 2433 373 2481 propterea
406 2427 602 2467 maxime
629 2426 754 2466 invisi
777 2425 921 2466 fiunt.'’
983 2426 1148 2466 Ferunt
1170 2433 1317 2466 autem
1340 2441 1429 2467 suae
1451 2442 1600 2480 garru-

137 2501 275 2542 litatis
298 2502 501 2551 fructum,
519 2501 637 2554 quod
660 2501 820 2540 frustra
837 2500 1058 2540 auditores
1075 2501 1131 2541 ab
1153 2501 1205 2540 iis
1226 2507 1519 2554 appetuntur;
1553 2509 1600 2544 ut

139 2576 202 2617 ait
244 2576 528 2617 Plutarchus:
577 2575 762 2615 “Nemo
805 2574 956 2624 enim,’'
995 2575 1146 2628 inquit,
1188 2580 1297 2615 “eos
1339 2590 1426 2616 non
1464 2577 1599 2617 effuse

137 2650 260 2703 fugit,
296 2657 340 2691 et
377 2651 450 2691 ubi
485 2651 605 2690 videt
640 2649 862 2703 garrulum
900 2650 1117 2700 accedere,
1154 2649 1268 2690 illico
1302 2650 1404 2690 inde
1437 2652 1596 2704 migra-

136 2725 304 2765 tionem
327 2723 489 2778 parat.’'

224 2799 294 2839 De
334 2799 418 2839 hoc
457 2799 564 2839 vitio
607 2798 738 2838 etiam
782 2797 1045 2847 Dorotheus,
1086 2797 1176 2839 Ser.
1212 2810 1251 2849 4,
1290 2799 1362 2839 ubi
1399 2799 1462 2840 ait
1502 2814 1599 2843 esse

136 2874 334 2915 omnium
365 2873 571 2915 vitiorum
604 2873 898 2924 seminarium,
921 2879 964 2914 et
986 2872 1240 2927 religionem
1265 2886 1441 2917 ornnem
1466 2875 1597 2920 timo-

314 2948 362 2981 SS
394 2951 419 2980 2
