1903 3197
640 143 720 190 De
756 142 999 190 castitate.
1460 154 1486 198 3
1499 154 1515 184 1
1529 149 1552 195 7

94 279 280 331 ideoque
312 276 466 317 maluit
497 275 541 316 id
574 274 771 314 universe
801 274 1049 327 praecipere‚
1074 272 1288 313 castitatis
1314 272 1552 311 dumtaxat

97 364 327 399 summam,
363 364 450 402 quo
484 348 619 389 nostri
654 347 733 386 niti
767 346 944 396 debent,
978 346 1211 398 attingens.
1273 345 1375 384 Non
1409 343 1555 397 potuit

98 432 246 466 autem
289 423 442 464 melius
484 421 528 461 id
570 420 769 460 universe
809 418 1058 472 praecipere,
1102 431 1182 457 nec
1222 431 1324 457 vero
1369 416 1553 469 planius,

98 511 231 551 quam
281 497 327 546 si,
380 495 498 536 brevi
558 494 751 546 quadam
811 491 1140 544 comparatione
1191 504 1248 530 ex
1301 489 1556 542 angelorum

98 571 288 624 puritate
324 569 465 617 ducta,
500 566 714 620 quidquid
750 579 776 606 a
814 565 856 606 S.
874 565 1075 605 Patribus
1112 563 1380 604 enucleatius
1417 563 1558 603 fuerat

98 644 156 684 de
176 643 369 697 perfecta
390 641 592 683 castitate
612 644 882 693 praeceptum
905 637 1306 691 comprehenderet.

188 717 320 756 Porro
351 716 394 754 in
426 713 640 754 castitatis
671 718 786 761 voto,
808 711 954 765 potius
986 711 1361 763 comparationem
1393 708 1560 762 perfec-

99 789 230 830 tionis
252 802 308 828 ex
332 787 497 840 angelis
519 799 702 835 sumere,
724 797 857 838 quam
886 783 1063 825 aliunde
1092 783 1248 824 maluit
1269 798 1277 833 ;
1311 783 1424 835 quia,
1449 782 1561 822 inter

99 867 279 902 caeteras
330 873 480 901 eorum
521 860 793 911 virtutesque
837 858 1018 906 divinas,
1064 857 1115 896 iis
1157 856 1354 896 maxime
1395 855 1561 908 puritas

100 934 288 975 adscribi
330 933 450 974 solet.
527 933 620 972 “In
661 931 975 972 resurrectione
1015 943 1157 983 neque
1198 930 1376 978 nubent,
1419 941 1562 980 neque

101 1008 329 1056 nubentur,
368 1007 445 1047 sed
483 1011 609 1046 erunt
644 1005 757 1045 sicut
792 1004 937 1057 angeli
976 1004 1059 1045 Dei
1097 1004 1140 1043 in
1177 1001 1356 1043 coe10.'’1
1419 1003 1564 1043 Lucas

102 1081 237 1121 dicit:
291 1079 527 1133 “AEquales
568 1078 736 1131 angelis
777 1076 938 1119 sunt.”2
998 1077 1058 1117 Et
1098 1076 1368 1129 respondens
1409 1075 1561 1124 Achis,

102 1154 314 1194 “locutus
347 1158 413 1194 est
444 1153 500 1193 ad
534 1152 710 1192 David:
743 1151 845 1192 Scio
877 1151 980 1203 quia
1010 1151 1152 1192 bonus
1184 1164 1229 1191 es
1265 1156 1312 1190 tu
1350 1151 1393 1190 in
1427 1149 1564 1189 oculis

103 1227 223 1277 meis,
246 1228 358 1267 sicut
379 1225 561 1278 angelus
583 1223 728 1265 Dei.⁷’3
771 1225 932 1266 “Sicut
954 1225 1070 1264 enim
1094 1224 1274 1277 angelus
1297 1224 1391 1272 Dei,
1417 1223 1477 1263 sic
1499 1227 1566 1263 est

103 1300 308 1340 dominus
341 1312 464 1339 meus
497 1312 587 1347 rex,
617 1303 665 1338 ut
696 1311 776 1338 nec
807 1298 1122 1346 benedictione,
1146 1311 1225 1337 nec
1257 1296 1565 1337 maledictione

105 1371 392 1413 moveatur.”4

193 1446 282 1487 Cur
332 1451 479 1487 autem
532 1445 735 1498 puritatis
786 1443 995 1497 perfectio
1055 1443 1223 1496 angelis
1283 1443 1566 1491 adscribatur,

104 1521 289 1574 purique
319 1519 451 1573 vulgo
483 1520 774 1567 nominentur,
806 1517 969 1570 triplex
1001 1522 1149 1570 potest
1185 1530 1279 1556 esse
1315 1528 1458 1564 causa,
1490 1520 1567 1556 aut

106 1595 239 1635 etiam
263 1592 549 1646 quadruplex.
615 1592 761 1631 Prima
789 1596 854 1631 est
883 1591 985 1643 quia
1013 1596 1115 1630 sunt
1143 1590 1198 1630 ab
1228 1590 1348 1630 omni
1371 1588 1565 1630 materiae

108 1667 384 1707 concretione
435 1665 631 1718 sejuncti,
683 1670 727 1705 et
777 1677 876 1704 cum
927 1664 1182 1717 corporibus
1233 1663 1339 1703 nihil
1389 1662 1566 1712 habent,

109 1747 158 1780 ut
192 1739 398 1780 humanae
435 1744 617 1787 mentes,
656 1751 842 1790 quorum
879 1737 1143 1790 contagione
1179 1750 1230 1777 ac
1271 1736 1569 1790 permixtione

111 1813 341 1861 foedentur,
361 1812 437 1853 sed
459 1812 554 1851 haec
575 1824 708 1851 causa
733 1824 821 1851 non
850 1816 916 1850 est
945 1810 1045 1850 talis
1074 1823 1150 1849 cur
1178 1809 1220 1850 S.
1237 1809 1424 1862 Angelis
1453 1809 1569 1861 puri-

111 1887 215 1927 tatis
246 1886 454 1939 perfectio
486 1885 710 1926 tribuatur.
773 1884 856 1924 Est
883 1884 999 1923 enim
1029 1883 1090 1932 iis,
1113 1896 1213 1923 cum
1246 1882 1372 1923 malis
1403 1881 1571 1935 angelis

111 1959 485 2011 daemonibusque,
514 1957 771 2005 communis,
804 1957 878 2009 qui
911 1962 955 1997 et
988 1956 1069 2009 ipsi
1105 1969 1281 2008 quoque
1313 1955 1572 1996 substantiae

115 2032 319 2084 quaedam
351 2032 584 2072 abstractae
616 2035 727 2080 sunt,
759 2035 804 2070 et
833 2029 890 2069 ab
922 2030 1041 2069 omni
1073 2029 1266 2082 corporis
1297 2029 1573 2069 concretione

114 2106 335 2159 sejunctae,
358 2112 402 2145 et
433 2111 582 2145 tamen
615 2103 830 2143 immundi
863 2103 1039 2156 spiritus
1065 2103 1354 2143 nominantur.
1418 2101 1572 2143 “Cum

115 2180 369 2220 immundus
405 2178 581 2232 spiritus
617 2177 775 2218 exierit
811 2176 867 2217 ab
903 2174 1142 2222 homine.”5
1178 2182 1233 2225 et,
1272 2176 1449 2216 “Dedit
1490 2175 1574 2216 illis

116 2258 383 2306 potestatem
424 2252 655 2305 spirituum
698 2248 1086 2300 immundorum,''⁶
1127 2255 1182 2300 et,
1221 2250 1311 2289 “In
1353 2255 1574 2302 potestate

117 2328 249 2368 etiam
273 2326 494 2380 spiritibus
520 2325 758 2365 immundis
781 2325 979 2377 imperat,
1002 2329 1046 2364 et
1067 2323 1280 2364 obediunt
1301 2321 1398 2363 ei.”⁷
1460 2323 1575 2364 Sunt

118 2400 250 2452 igitur
270 2400 368 2441 aliae
389 2405 476 2440 tres
500 2398 541 2439 S.
558 2397 834 2451 Angelorum
866 2397 1064 2437 maxime
1092 2397 1290 2450 propriae,
1314 2409 1501 2449 quaeque
1530 2396 1574 2436 in

120 2473 258 2514 malos
280 2473 459 2526 angelos
480 2472 660 2513 omnino
681 2484 769 2511 non
791 2471 964 2512 cadunt.

209 2546 414 2587 Secunda
443 2559 575 2586 causa
605 2550 672 2585 est
702 2544 806 2597 quia
836 2557 914 2597 per
941 2543 1103 2585 amoris
1124 2543 1330 2585 affectum
1354 2543 1397 2585 S.
1413 2542 1579 2596 Angeli

123 2619 465 2671 conjunctissimi
518 2619 617 2659 Deo
666 2623 780 2666 sunt,
833 2629 913 2657 nec
963 2617 1097 2658 alium
1149 2622 1393 2658 amatorem
1445 2629 1580 2669 agno-

125 2698 260 2741 scunt,
313 2697 471 2744 praeter
531 2692 690 2741 Deum,
741 2690 865 2743 cujus
916 2689 1073 2731 faciem
1125 2703 1297 2743 semper
1347 2691 1579 2731 intuentur.

191 2796 204 2817 1
228 2796 348 2830 Matth.
368 2804 420 2829 22.
554 2794 569 2814 ²
592 2796 670 2829 Luc.
691 2803 744 2828 20.
889 2792 904 2814 3
930 2803 957 2827 1.
979 2795 1062 2836 Reg.
1083 2802 1135 2836 29.
1270 2793 1284 2813 ⁴
1306 2802 1336 2826 2.
1358 2794 1440 2836 Reg.
1464 2801 1514 2836 14.

384 2846 397 2866 ⁵
422 2847 502 2880 Luc.
526 2854 574 2880 11.
752 2844 766 2890 9
789 2845 909 2879 Matth.
933 2853 995 2888 ιο,
1162 2844 1176 2888 3
1198 2844 1282 2878 Mar.
1305 2853 1332 2878 1.
