1903 3197
583 159 650 205 In
685 158 900 221 ngrulas
934 158 1007 204 M
1002 157 1198 205 odeslz'ae.
1530 159 1625 217 695

254 299 309 333 20.
357 293 612 335 Cavendum
650 299 716 334 est
752 294 897 343 etiam,
930 307 985 333 ne
1016 293 1072 333 sit
1109 305 1267 345 aspera
1298 305 1349 331 ac
1381 290 1516 341 fusca,
1549 290 1627 331 sed

165 367 273 409 Ievis
314 382 365 408 ac
405 367 552 409 dulcis.
636 369 871 421 Propterea
914 367 1018 420 Ugo
1066 379 1225 407 sonum
1278 366 1397 406 vocis
1449 378 1629 405 suavem

167 442 373 495 requirit;
404 448 453 482 ut
481 443 615 482 etiam
644 442 965 491 Bonaventura,
989 447 1083 481 tum
1105 440 1223 489 alibi,
1246 446 1341 480 tum
1365 439 1490 492 Spec.
1510 439 1628 480 Disc.

166 530 207 570 p.
243 528 282 567 4.
319 530 351 557 c.
393 524 443 568 5:
494 515 788 569 “Sapientis,''
826 516 978 569 inquit,
1022 518 1044 535 “
1059 520 1137 564 est,
1180 514 1301 567 loqui
1342 514 1543 562 suaviter,
1587 519 1632 554 et

166 590 405 642 demisse;”
423 596 467 631 et
485 591 732 631 Bernardus
752 607 759 631 :
778 590 874 631 “Ut
897 589 1181 639 molliculum,
1197 595 1240 629 et
1263 588 1497 629 infractum
1511 587 1631 628 vocis

166 678 324 705 sonum
342 679 429 705 non
452 665 600 717 probo,
619 665 681 705 ita
697 678 839 718 neque
856 670 1073 717 agrestem
1092 677 1142 703 ac
1160 663 1393 712 rusticum;
1426 668 1630 702 naturam

169 740 430 781 imitandam
462 739 656 780 censeo.''

257 819 313 865 3⁰.
347 814 417 853 Ne
438 813 494 853 sit
522 814 713 864 confusa,
737 819 870 866 atque
901 826 1120 866 oppressa,
1145 812 1221 852 sed
1252 810 1371 852 clara
1393 824 1444 850 ac
1466 809 1633 849 medio-

168 887 297 929 criter
332 902 551 942 expressa.
626 888 770 929 Valde
807 888 923 928 enim
965 887 1257 928 laborandum
1296 891 1373 935 est,
1413 890 1461 925 ut
1498 884 1634 938 aliqui

170 963 493 1014 exaudiantur3
534 963 596 1003 ita
631 963 886 1016 opprimunt
913 963 1056 1011 verba,
1087 962 1177 1001 sive
1220 960 1264 1001 id
1305 974 1363 1001 ex
1406 959 1551 1008 nimia,
1585 963 1636 998 ut

171 1037 339 1078 dictum
361 1044 436 1087 est,
459 1037 681 1078 celeritate
703 1043 916 1085 nascatur,
940 1036 1030 1076 sive
1062 1050 1120 1076 ex
1154 1035 1284 1075 nimis
1316 1048 1467 1088 pressa
1499 1039 1635 1086 atque

171 1111 380 1152 inclinata
411 1111 618 1165 loquendi
650 1112 827 1152 ratione.
891 1111 1069 1151 Laudat
1092 1110 1255 1159 Cicero,
1281 1120 1311 1149 Ι.
1333 1108 1417 1150 Off.
1440 1106 1635 1157 Catulos,

171 1185 217 1225 in
238 1186 396 1239 quibus
418 1186 554 1226 literae
577 1199 718 1239 neque
744 1199 966 1239 oppressae
995 1190 1129 1233 erant,
1154 1197 1234 1224 nec
1263 1196 1498 1236 expressae,
1521 1181 1636 1222 idest

174 1260 382 1310 obscurae‚
407 1275 486 1301 nec
508 1260 702 1314 putidius
725 1274 959 1313 expressae.

259 1341 319 1385 40.
352 1335 423 1375 Ne
448 1336 504 1375 sit
535 1334 770 1384 modulata,
795 1341 871 1375 aut
902 1334 958 1374 ad
991 1339 1169 1374 cantum
1202 1332 1376 1379 inflexa,
1401 1331 1477 1371 sed
1511 1330 1638 1371 fami-

173 1408 301 1458 liaris,
335 1416 379 1450 et
415 1409 634 1462 simplex:
680 1423 767 1462 quo
802 1409 981 1449 nomine
1014 1407 1252 1448 laudantur
1285 1421 1311 1447 a
1349 1405 1560 1447 Cicerone
1597 1405 1638 1455 ii,

174 1496 285 1536 quos
316 1483 421 1533 dixi,
450 1483 607 1533 Catuli,
640 1483 758 1536 quod
791 1484 834 1523 in
866 1483 917 1523 iis
950 1488 1064 1522 esset
1095 1482 1187 1522 sine
1218 1481 1502 1521 contentione
1532 1494 1635 1529 vox,

177 1570 257 1598 nec
278 1558 501 1612 languens,
526 1572 605 1598 nec
627 1571 796 1598 canora.

268 1639 322 1683 50.
356 1633 426 1673 Ne
449 1633 505 1673 sit
527 1632 671 1672 mollis
693 1638 825 1685 atque
848 1630 1130 1678 effoeminata,
1151 1630 1226 1670 sed
1249 1629 1395 1679 virilis,
1418 1634 1461 1668 et
1483 1628 1638 1681 gravis.

177 1706 284 1746 Alia
324 1708 440 1747 enim
472 1707 613 1747 virum
654 1719 844 1759 gravem,
877 1704 1052 1758 qualem
1095 1718 1141 1744 se
1181 1704 1376 1757 praebere
1413 1702 1641 1755 religiosus

179 1780 322 1829 debet,
365 1781 452 1821 alia
501 1794 684 1834 puerum
737 1780 1020 1820 foeminamve
1065 1792 1156 1818 vox
1207 1778 1364 1827 decet;
1415 1776 1641 1817 muliebris

181 1854 297 1894 enim
339 1869 428 1895 vox
470 1854 728 1894 muliebrem
770 1867 945 1906 quoque
996 1859 1039 1892 et
1081 1851 1401 1892 effoeminatum
1443 1851 1640 1891 animum

179 1929 354 1970 indicat.

271 2003 532 2052 Bernardus,
554 2003 610 2043 de
633 2001 801 2043 Ordine
816 2001 935 2042 Vitae
954 2018 961 2041 ε
985 2004 1007 2021 “
1022 2000 1142 2040 Nihil
1169 1999 1464 2049 foemineum‚”
1488 1998 1641 2052 inquit,

181 2079 392 2128 “sonans,
430 2076 559 2130 quale
596 2076 721 2116 multi
758 2076 985 2129 gravitatis
1027 2075 1172 2128 specie
1213 2074 1418 2114 simulare
1459 2087 1644 2114 consue-

181 2157 363 2202 verunt;
414 2152 490 2192 sed
532 2151 718 2191 formam
761 2150 996 2203 quandam,
1036 2164 1084 2189 ac
1127 2149 1334 2202 regulam,
1372 2163 1422 2189 ac
1464 2161 1642 2189 succum

183 2226 351 2266 virilem
414 2224 644 2265 reserans.''
738 2225 953 2274 Clemens,
1006 2235 1042 2265 2.
1095 2224 1270 2277 Paedag.
1317 2238 1350 2264 c.
1401 2233 1457 2275 7:
1505 2223 1644 2264 “Vox

183 2314 358 2354 quoque
389 2300 539 2349 fracta,
573 2306 616 2341 et
648 2305 853 2340 enervata
884 2306 951 2339 est
983 2298 1212 2339 foeminae.”

664 2508 729 2539 DE
761 2508 879 2539 FINE
912 2507 1182 2548 LOQUENDI.

274 2599 395 2638 Finis
418 2598 636 2652 loquendi,
661 2605 709 2638 ut
731 2599 959 2638 modestus
985 2598 1250 2650 humilisque
1272 2598 1328 2639 sit
1349 2611 1504 2647 sermo,
1528 2598 1647 2639 haud

185 2673 319 2714 dubie
341 2673 485 2713 referri
511 2673 566 2714 ad
597 2673 743 2713 Deum
769 2673 912 2722 debet,
935 2672 1116 2725 ejusque
1141 2672 1365 2722 honorem,
1385 2680 1427 2713 et
1449 2673 1647 2726 gloriam,

188 2762 278 2788 non
320 2747 377 2788 ad
417 2747 603 2800 gloriam
645 2747 910 2801 laudemque
954 2753 1150 2787 nostram
1171 2760 1180 2797 ;
1232 2747 1276 2786 in
1317 2761 1405 2800 quo
1456 2746 1581 2787 facile
1623 2761 1650 2788 a

186 2822 408 2876 plerisque
443 2828 658 2875 peccatur.
722 2820 1035 2874 Quamobrem,
1063 2827 1112 2862 ut
1144 2822 1342 2862 modeste
1373 2822 1417 2861 in
1449 2835 1652 2863 sermone

185 2896 442 2946 habeamur,
466 2896 710 2937 cavendum
740 2896 865 2937 nobis
889 2896 979 2945 erit,
1003 2910 1058 2936 ne
1088 2895 1239 2949 gloriae
1272 2896 1523 2948 serviamus,
1547 2910 1656 2938 neve
