1903 3197
275 188 371 233 324
596 175 677 221 De
710 175 899 221 ratione
933 175 1127 222 vivendi
1161 175 1421 223 Socz'mtz‘s.

272 304 390 358 Quia
440 319 540 346 cum
593 307 690 359 quis
742 307 878 347 semel
928 322 1006 361 per
1063 308 1291 349 libidinem
1350 314 1515 361 peccat,
1557 309 1739 362 perinde

270 379 457 419 afficitur
477 393 528 420 ac
557 381 591 419 si
621 381 836 433 peccandi
867 382 910 421 in
933 395 985 421 eo
1011 396 1173 434 genere
1204 381 1405 421 habitum
1435 382 1739 433 contraxisset,

270 453 447 493 habitus
489 460 638 494 autem
681 455 858 496 difficile
909 456 1085 496 tollitur.
1170 456 1305 496 Ratio
1355 469 1485 508 porro
1527 469 1626 496 cum
1678 457 1739 497 ita

270 528 497 577 afficiatur,
521 542 572 568 ea
601 535 667 569 est
692 529 852 582 partim
876 531 979 582 quia
1008 530 1051 569 in
1080 529 1163 570 hoc
1189 529 1381 570 libidinis
1403 530 1509 570 vitio
1538 530 1738 570 fomitem

269 600 484 642 habemus
526 603 582 642 ab
634 603 813 656 originis
863 610 1057 656 peccato,
1100 604 1174 656 qui
1226 610 1293 644 est
1344 605 1481 644 instar
1532 604 1739 656 habitus;

270 676 433 727 partim
475 676 579 728 quia
621 691 733 716 unus
774 683 898 717 actus
940 678 1068 730 hujus
1115 679 1283 731 peccati
1333 678 1486 718 fortius
1527 678 1740 731 imprimit

272 749 337 789 sui
369 749 614 802 vestigium,
648 756 692 790 et
726 751 938 791 intensior
971 758 1036 792 est
1065 766 1198 804 quam
1221 752 1375 804 viginti
1405 758 1528 792 actus
1561 751 1739 792 alterius

271 825 451 876 peccati.
494 824 559 864 Ut
581 825 696 864 enim
720 825 781 864 ait
803 825 1067 865 Aristoteles
1086 839 1093 865 :
1127 826 1212 865 “In
1234 826 1300 866 his
1322 827 1508 879 quisque
1530 827 1740 866 intentius

271 897 374 950 agit,
398 899 441 937 in
463 897 622 950 quibus
646 899 788 949 magis
810 899 1055 938 delectatur
1071 912 1080 948 3
1097 898 1115 914 ''
1149 900 1226 939 sed
1260 900 1302 939 in
1324 901 1517 953 corporis
1539 900 1741 953 volupta-

271 972 390 1011 tibus
428 971 547 1011 nulla
584 977 651 1011 est
686 972 768 1012 hac
800 972 1093 1012 delectatione
1131 973 1282 1024 major,
1315 980 1362 1013 ut
1396 987 1453 1013 ex
1485 974 1740 1026 Augustino

270 1045 476 1085 diximus.
561 1045 843 1098 Relinquitur
874 1060 988 1098 ergo,
1023 1053 1071 1086 ut
1103 1047 1177 1099 qui
1210 1046 1345 1086 semel
1387 1048 1430 1086 in
1471 1047 1554 1087 hoc
1584 1048 1739 1088 vitium

272 1118 421 1170 lapsus
448 1124 524 1167 est,
549 1118 650 1159 licet
678 1133 724 1159 se
750 1120 825 1160 diu
857 1120 1134 1172 multumque
1161 1121 1204 1159 in
1226 1121 1459 1160 virtutibus
1486 1121 1741 1170 exercuerit,

271 1192 453 1244 perinde
490 1192 705 1232 afficiatur
736 1207 786 1233 ac
823 1195 857 1233 si
897 1193 1059 1234 multos
1091 1207 1230 1234 annos
1269 1195 1312 1234 in
1351 1194 1507 1235 eodem
1545 1195 1601 1235 sit
1633 1195 1740 1235 vitio

271 1278 322 1305 ac
356 1265 455 1305 labe
488 1273 695 1307 versatus.

361 1338 473 1391 Quae
511 1354 611 1381 cum
650 1342 712 1381 ita
746 1343 843 1390 sint,
868 1343 965 1395 quis
993 1342 1086 1394 jam
1121 1356 1208 1382 non
1241 1342 1457 1395 intelligat
1491 1347 1657 1395 quanta
1685 1342 1742 1383 sit

273 1414 552 1454 imbecillitas
589 1415 783 1456 humana
820 1417 1028 1456 adversus
1066 1417 1207 1456 carnis
1249 1430 1445 1469 pugnam
1487 1423 1622 1469 atque
1654 1417 1741 1456 vic-

272 1488 443 1537 toriam,
486 1503 586 1528 cum
639 1496 682 1530 et
733 1491 776 1529 in
828 1490 1019 1530 hominis
1071 1497 1238 1539 natura,
1283 1496 1331 1530 ut
1382 1490 1420 1530 ei
1463 1503 1563 1530 cum
1608 1490 1740 1530 mutis

274 1562 573 1603 animantibus
616 1569 681 1603 est
722 1565 982 1613 communis,
1027 1570 1070 1604 et
1122 1565 1165 1604 in
1216 1565 1414 1604 omnium
1466 1564 1742 1616 proclivitate

274 1649 494 1685 sensuum,
525 1643 568 1676 et
605 1637 648 1676 in
687 1638 822 1690 ipsius
857 1638 1016 1678 mentis
1054 1638 1308 1678 infirmitate
1344 1638 1575 1678 cernatur?
1637 1638 1740 1678 Non

274 1710 391 1750 enim
415 1711 580 1751 tuendo
610 1712 849 1752 dumtaxat
878 1726 1070 1765 corpore,
1094 1719 1137 1752 et
1172 1726 1197 1752 a
1218 1712 1497 1765 voluptatum
1529 1711 1742 1752 illecebris

273 1783 553 1824 defendendo
606 1786 785 1825 castitas
838 1787 933 1838 ipsa
985 1786 1268 1835 defenditur3
1325 1786 1401 1825 sed
1454 1785 1744 1826 custodienda

273 1871 450 1910 quoque
483 1871 608 1898 mens
640 1865 706 1899 est
742 1866 786 1900 et
817 1860 993 1908 tuenda,
1018 1873 1118 1912 quae
1151 1860 1185 1900 si
1218 1859 1416 1900 delicatis
1442 1859 1743 1912 voluptatibus

275 1932 559 1985 mollitiisque
601 1934 730 1974 fuerit
771 1934 1011 1986 inquinata,
1047 1935 1169 1987 parvi
1213 1934 1344 1974 refert
1377 1948 1536 1987 corpus
1572 1940 1743 1975 castum

273 2006 665 2060 incorruptumque
688 2009 857 2048 servari.
895 2009 1004 2048 Ideo
1026 2009 1186 2048 dicitur
1207 2008 1250 2047 in
1274 2008 1472 2061 Regula:
1506 2009 1741 2061 “corporis,

271 2086 316 2121 et
351 2082 510 2122 mentis
545 2088 706 2122 nostrae
737 2082 988 2123 munditia.’'

596 2298 869 2325 DIFFICULTAS
900 2297 955 2323 EX
986 2298 1128 2325 PUGNA
1158 2297 1423 2324 UNIVERSALI.

364 2381 580 2421 Praeterea
629 2382 815 2422 difficilis
860 2387 926 2422 est
967 2382 1183 2422 castitatis
1234 2395 1395 2435 pugna,
1428 2382 1530 2433 quia
1572 2381 1743 2421 univer-

275 2454 378 2494 salis
415 2460 482 2495 est
516 2455 825 2508 neminemque
862 2456 951 2496 fere
988 2456 1166 2508 excipit,
1199 2455 1291 2495 sive
1327 2460 1481 2496 aetates
1513 2454 1742 2495 hominum

275 2535 457 2581 specte5‚
481 2529 571 2569 sive
600 2530 909 2570 conditionem.

365 2603 482 2642 Nam
526 2603 645 2655 quod
687 2604 845 2644 attinet
886 2604 942 2643 ad
984 2609 1148 2652 aetates,
1182 2608 1361 2643 aetatem
1398 2616 1576 2643 omnem
1611 2602 1743 2641 intes-

275 2677 394 2717 tinus
434 2676 505 2717 hic
545 2676 686 2717 hostis
728 2683 985 2730 oppugnat3
1038 2683 1085 2717 ut
1127 2678 1243 2717 enim
1283 2676 1627 2729 Chrysostomus
1668 2675 1741 2724 ait,

276 2749 426 2802 dejicit
466 2750 710 2803 pueritiam,
749 2750 894 2803 perdit
944 2750 1235 2802 juventutem,
1279 2750 1401 2790 illicit
1442 2756 1486 2790 et
1528 2749 1744 2801 inquietat

277 2829 522 2863 emortuam
558 2829 840 2864 senectutem.
906 2823 1000 2863 Nec
1035 2823 1175 2863 multo
1209 2837 1334 2863 secus
1357 2822 1636 2875 Augustinus
1669 2820 1745 2873 qui

276 2896 366 2937 ait:
398 2896 698 2938 “Castitatem
736 2898 867 2938 etiam
907 2897 950 2936 in
992 2897 1098 2950 ipsis
1135 2897 1277 2950 aegris,
1310 2896 1379 2937 vel
1421 2895 1597 2936 senibus
1633 2893 1746 2948 peri-
