1903 3197
535 183 614 228 De
644 182 897 229 delationis
931 184 1224 244 dffcullczte.
1506 198 1593 246 155

131 315 327 357 bibulam
364 314 638 368 appellasset,
677 328 729 354 eo
766 314 913 367 puella
954 316 1127 367 sapiens
1170 330 1376 369 percussa
1416 317 1596 359 stimulo

133 391 328 442 respexit
363 389 609 429 foeditatem
647 401 783 436 suam,
826 388 1147 440 confestimque
1189 391 1417 431 damnavit
1459 398 1594 444 atque

131 464 266 503 exuit.
316 463 385 503 Ita
409 463 530 502 Deus
551 463 606 502 de
629 462 804 502 alterius
827 462 985 502 animae
1010 463 1181 502 insania
1203 465 1375 504 sanavit
1396 464 1593 513 alteram,

135 542 181 576 ut
204 537 311 576 dicit
333 534 640 588 Augustinus.l

221 609 391 662 Quarta
426 610 561 649 oritur
597 608 830 650 difficultas
868 623 925 649 cx
962 615 1087 662 parte
1125 609 1229 661 ejus,
1262 610 1318 649 ad
1357 624 1489 662 quem
1527 625 1596 652 res

132 689 292 723 nostrae
335 682 597 722 deferuntur.
681 683 887 727 Primum,
931 682 1046 721 enim
1095 683 1292 721 maxime
1346 696 1425 722 nos
1473 685 1595 737 angit

132 761 266 808 atque
300 756 533 803 excruciat,
567 756 684 808 quod
718 769 918 796 veremur
958 769 1013 795 ne
1050 769 1137 808 qua
1171 756 1316 795 minus
1359 758 1595 798 commoda

133 828 188 869 de
230 830 356 870 nobis
398 829 546 882 opinio
589 830 631 869 in
676 829 921 883 Superioris
959 836 1106 870 mente
1149 830 1386 882 gignatur;
1428 836 1515 879 aut,
1559 831 1594 871 si

132 903 276 942 minus
317 903 430 943 bene
471 903 526 943 de
568 903 697 944 nobis
739 909 841 944 ante
883 904 1112 949 sentiebat,
1156 911 1368 956 augeatur
1409 910 1453 944 et
1495 918 1597 944 con-

129 975 335 1016 firmetur.
416 976 528 1025 Hoc,
568 977 758 1030 inquam,
798 992 877 1018 nos
913 978 1198 1018 vehementer
1235 979 1331 1018 urit.
1396 976 1514 1030 Quia
1551 979 1594 1018 in

130 1051 364 1103 Religione
404 1051 645 1091 secundum
690 1052 837 1091 Deum
876 1053 956 1092 toti
996 1066 1021 1092 a
1059 1051 1294 1104 Superiore
1335 1053 1595 1105 pendemus,

132 1125 175 1163 in
210 1138 349 1177 eoque
384 1131 531 1165 nostra
574 1126 722 1165 omnia
764 1126 909 1178 posita
942 1126 1220 1175 arbitramur;
1256 1132 1389 1179 atque
1434 1127 1599 1168 idcirco

132 1200 329 1238 maxime
367 1199 499 1238 etiam
535 1204 682 1238 nostra
726 1199 934 1239 interesse
968 1206 1187 1252 putamus,
1226 1201 1261 1239 si
1299 1201 1334 1240 is
1369 1201 1424 1240 de
1468 1200 1599 1241 nobis

132 1286 266 1324 quam
289 1272 456 1324 optime
478 1272 649 1312 sentiat.
724 1272 860 1324 Cujus
888 1274 947 1312 rei
975 1274 1149 1325 signum
1177 1279 1253 1322 est,
1285 1275 1403 1326 quod
1441 1287 1596 1327 quam-

132 1346 197 1384 vis
229 1346 400 1385 caeteris
434 1345 683 1397 patefactus
716 1346 771 1385 sit
804 1360 921 1386 error
952 1352 1111 1394 noster,
1146 1346 1252 1386 dum
1285 1353 1435 1387 tamen
1473 1348 1508 1387 is
1540 1348 1598 1388 ad

133 1418 378 1472 Superioris
400 1432 525 1459 aures
548 1433 635 1459 non
658 1421 867 1472 pervenit,
891 1433 978 1460 non
1002 1433 1271 1473 magnopere
1293 1421 1556 1461 laboramus.

222 1493 486 1541 Secundum,
530 1507 587 1533 ex
630 1494 786 1534 eodem
829 1494 973 1547 capite
1015 1493 1179 1534 delatio
1221 1494 1451 1547 displicet;
1495 1496 1598 1547 quia

132 1567 272 1607 acrius
309 1567 529 1607 interdum
572 1581 652 1607 nos
695 1567 904 1620 Superior
944 1568 1161 1621 objurgat,
1194 1582 1438 1621 poenasque
1479 1583 1599 1610 acer-

132 1641 274 1681 biores
317 1641 516 1694 imponit,
555 1641 660 1681 dum
702 1640 855 1681 humili
908 1641 1005 1682 loco
1048 1656 1127 1682 nos
1170 1641 1316 1693 habet,
1359 1649 1403 1684 et
1438 1650 1600 1697 praeter

132 1715 495 1755 consuetudinem
540 1716 851 1768 deprimendos
895 1717 1132 1757 existimat.
1217 1716 1306 1758 Sed
1359 1717 1465 1758 nihil
1519 1724 1597 1769 est,

133 1788 252 1841 quod
298 1788 364 1828 his
407 1789 657 1829 nominibus
700 1803 766 1829 res
808 1790 956 1830 delata
999 1804 1078 1830 nos
1120 1796 1350 1843 torqueat:
1401 1798 1453 1840 10,
1492 1792 1595 1844 quia

133 1876 309 1915 aequum
352 1868 418 1902 est
459 1863 724 1913 existimare,
765 1864 1045 1916 Superiorem
1099 1865 1254 1917 ipsum,
1293 1866 1327 1904 si
1381 1864 1474 1917 ejus
1515 1879 1596 1907 nos

133 1936 467 1985 admonitiones,
509 1950 584 1976 seu
638 1937 769 1977 etiam
822 1951 977 1990 poenas
1027 1938 1255 1990 impositas
1309 1938 1495 1979 libenter
1545 1953 1597 1980 ac

132 2010 226 2050 sine
258 2011 530 2050 recusatione
567 2010 766 2059 feramus,
801 2024 879 2063 spe
916 2011 1048 2051 etiam
1087 2012 1367 2052 correctionis
1405 2018 1597 2063 ostensa,

132 2083 238 2123 nihil
276 2084 330 2124 de
367 2084 584 2137 opinione,
619 2098 751 2136 quam
789 2085 844 2124 de
882 2085 1009 2125 nobis
1041 2084 1244 2133 habebat,
1278 2085 1593 2138 depositurum.

133 2157 214 2199 Sat
251 2158 367 2198 enim
406 2157 611 2210 intelligit
646 2172 736 2206 nos,
771 2164 818 2198 ut
854 2158 1065 2207 homines,
1101 2159 1315 2199 erroribus
1357 2172 1451 2200 esse
1492 2160 1594 2201 sub-

125 2232 278 2284 jectos,
301 2238 349 2272 ut
370 2246 501 2285 supra
523 2232 790 2280 dicebamus,
811 2239 854 2273 et
876 2232 1056 2272 humani
1079 2246 1159 2273 nos
1181 2232 1348 2285 aliquid
1372 2233 1592 2274 interdum

130 2307 328 2359 perpeti;
361 2305 558 2358 ideoque,
581 2307 615 2346 si
651 2320 731 2346 nos
766 2306 953 2347 humiles
988 2307 1031 2346 in
1060 2306 1339 2347 admittenda
1369 2307 1593 2348 curatione

131 2380 416 2433 perspexerit,
460 2385 636 2420 auctum
688 2381 835 2433 potius
887 2380 936 2420 iri
989 2381 1082 2433 ejus
1124 2381 1181 2420 de
1231 2387 1382 2421 nostra
1431 2381 1592 2422 virtute

130 2453 394 2506 opinionem,
438 2467 570 2506 quam
613 2454 905 2495 imminutum.
991 2455 1121 2508 Saepe
1163 2454 1278 2494 enim
1321 2468 1471 2494 eorum
1515 2456 1591 2508 qui

131 2533 286 2580 parent
334 2527 540 2567 virtutem
592 2541 643 2568 ac
693 2528 972 2580 probitatem,
1017 2528 1158 2581 magis
1210 2542 1267 2568 ex
1320 2527 1593 2569 confessione

132 2599 290 2649 delicti,
314 2614 447 2652 quam
481 2615 539 2641 ex
571 2600 746 2654 reliquis
778 2602 1020 2643 benefactis
1052 2602 1307 2655 reliquoque
1329 2602 1430 2642 vitae
1464 2615 1591 2642 cursu

132 2674 391 2727 perpendit;
412 2674 541 2715 valde
559 2675 723 2728 quippe
745 2682 892 2717 movet
914 2676 1090 2717 humilis
1114 2677 1157 2717 in
1180 2676 1341 2717 delicto
1364 2675 1591 2726 confessio,

131 2747 395 2789 circumcisis
446 2749 621 2800 penitus
673 2750 1044 2799 excusationibus,
1089 2757 1136 2791 ut
1188 2763 1350 2803 magno
1402 2748 1591 2790 emenda

130 2821 264 2863 fuisse
285 2821 485 2862 videatur
510 2822 729 2864 interdum
751 2829 889 2865 tantae
917 2824 1179 2866 humilitatis
1201 2824 1382 2865 occasio.
1446 2822 1593 2866 Facile

698 2910 710 2931 ¹
734 2912 830 2945 Cons.
851 2912 872 2945 l.
893 2921 923 2953 9.
945 2924 972 2946 c.
993 2913 1022 2945 8.
