1903 3197
287 135 539 193 Quantum
575 134 770 181 debeant
803 135 977 197 (egroti
1007 135 1131 182 alios
1164 135 1410 197 (edificare.
1496 149 1519 196 5
1530 149 1552 196 5
1564 149 1587 196 5

129 269 336 321 quoniam
363 267 420 308 ad
453 280 629 307 omnem
663 266 874 319 pietatem
898 280 943 306 se
966 268 1224 316 instituerat,
1249 268 1433 307 eandem
1458 268 1590 308 etiam

128 343 170 383 in
212 342 481 395 gravissimo,
523 340 607 381 hoc
650 346 715 380 est
760 341 802 379 in
849 354 1054 393 supremo
1097 341 1251 381 morbo
1297 355 1376 381 suo
1417 355 1592 395 semper

127 415 322 455 ostendit
342 428 349 454 :
381 415 546 467 quippe
569 413 722 453 eadem
747 413 1068 466 propemodum
1087 414 1275 454 faciebat
1294 415 1591 463 moribundus,

127 502 226 540 quae
249 501 381 528 sanus
403 488 544 528 facere
566 493 860 536 consueverat,
885 492 931 526 ut
954 488 996 526 in
1020 487 1113 539 ejus
1134 488 1224 527 vita
1246 486 1475 529 scribitur.1

214 561 405 602 Accedit
433 561 569 601 altera
596 561 706 600 ratio
735 573 812 599 cur
837 560 1055 600 difficilius
1077 561 1132 600 sit
1154 560 1317 600 afflicta
1338 560 1589 601 valetudine

126 635 322 688 praebere
344 633 551 687 exempla
571 635 794 682 virtutum,
819 647 951 686 quam
985 634 1154 686 integra
1187 640 1229 673 et
1259 633 1457 673 florenti:
1489 635 1592 686 quia

126 709 363 757 daemones,
406 707 717 748 imbecillitatis
762 708 1037 747 occasionem
1090 708 1218 756 nacti,
1261 707 1470 747 audacius
1511 720 1591 747 nos

127 786 397 836 oppugnant.
461 781 592 834 Quod
626 781 846 822 Climacus
880 781 1126 821 observavit
1156 781 1294 834 gradu
1331 780 1386 820 de
1419 781 1592 821 Discre-

126 855 258 903 tione,
302 854 376 895 ubi
418 855 479 894 sic
521 855 698 895 scribit:
753 858 773 874 ‘¹
793 855 894 894 Non
935 869 1069 907 parva
1112 855 1237 895 nobis
1281 854 1506 906 vigilantia
1549 860 1592 895 et

127 928 365 969 sobrietate
405 942 516 981 opus
559 935 635 975 est,
669 943 767 969 cum
811 943 967 981 corpus
1009 928 1172 968 morbis
1211 928 1444 981 fatigatur:
1491 941 1590 968 cum

127 1002 243 1043 enim
267 1016 345 1043 nos
367 1002 489 1042 humi
513 1002 737 1043 daemones
767 1003 910 1055 jacere
932 1002 1131 1051 viderint,
1156 1016 1234 1043 nec
1267 1016 1395 1055 posse
1417 1002 1590 1042 interim

127 1090 204 1130 per
239 1077 587 1118 imbecillitatem
626 1078 940 1118 exercitatione
978 1083 1129 1117 contra
1166 1091 1241 1117 eos
1275 1077 1349 1126 uti,
1385 1076 1593 1117 acerrime

126 1156 222 1191 tum
246 1164 326 1192 nos
348 1164 605 1204 oppugnare
628 1150 880 1191 nituntur.''2
930 1151 1083 1204 Atque
1104 1152 1200 1191 haec
1221 1152 1362 1204 prima
1384 1151 1590 1192 conditio.

217 1224 421 1265 Secunda
443 1237 546 1264 vero
578 1224 772 1264 conditio
806 1230 881 1271 est,
906 1231 953 1264 ut
984 1224 1078 1264 haec
1111 1224 1356 1272 aedificatio,
1382 1238 1480 1277 quae
1504 1237 1591 1264 non

127 1297 280 1345 minor,
314 1310 446 1349 quam
487 1297 529 1336 in
567 1311 775 1350 prospera
811 1297 1063 1338 valetudine
1100 1297 1284 1350 praeberi
1322 1298 1465 1346 debet,
1505 1311 1592 1337 non

127 1371 260 1411 modo
293 1370 356 1419 iis,
381 1371 454 1422 qui
487 1370 692 1411 visitandi
727 1384 776 1410 ac
808 1371 1065 1411 consolandi
1098 1371 1240 1424 gratia
1272 1372 1327 1411 ad
1362 1385 1439 1411 nos
1472 1385 1592 1411 acce-

125 1444 249 1492 dunt,
271 1457 421 1484 verum
446 1443 579 1483 etiam
603 1443 654 1483 iis
677 1445 794 1497 ipsis,
818 1444 891 1496 qui
915 1444 1168 1484 familiarius
1192 1445 1419 1484 nobiscum
1443 1450 1590 1496 agunt,

127 1523 170 1557 et
203 1518 384 1570 singulis
416 1523 645 1558 versantur
681 1518 809 1567 horis,
841 1518 1097 1558 exibeatur:
1131 1518 1173 1558 id
1208 1518 1325 1571 quod
1359 1531 1591 1571 operosum

125 1604 176 1630 ac
208 1591 463 1643 perdifficile
495 1597 570 1631 est.
635 1591 753 1631 Nam
785 1592 1060 1631 dissImularc
1082 1592 1236 1631 vitium
1262 1605 1407 1631 coram
1432 1591 1493 1639 iis,
1518 1592 1591 1643 qui

126 1663 397 1704 familiariter
428 1670 472 1704 te
507 1677 595 1704 non
632 1670 802 1713 norunt,
836 1678 945 1716 quos
978 1664 1122 1705 adhuc
1154 1665 1312 1705 vereris
1345 1670 1388 1704 et
1421 1664 1590 1711 metuis,

127 1738 199 1790 qui
224 1751 302 1778 nec
326 1751 456 1791 saepe,
481 1751 559 1777 nec
582 1739 655 1777 diu
679 1743 825 1778 tecum
850 1744 961 1786 sunt,
987 1738 1028 1778 id
1060 1752 1146 1778 non
1177 1739 1325 1791 magni
1348 1738 1590 1778 admodum

127 1812 291 1864 negotii
325 1817 417 1852 est:
460 1817 506 1851 at
548 1825 693 1852 coram
738 1812 798 1861 iis,
832 1812 905 1864 qui
943 1818 986 1852 te
1023 1812 1115 1864 jam
1159 1818 1328 1861 norunt,
1360 1818 1593 1865 totumque

127 1892 363 1933 tentarunt,
393 1886 467 1938 qui
500 1892 646 1925 tecum
679 1899 852 1938 semper
883 1892 995 1935 sunt,
1023 1899 1208 1938 quorum
1242 1892 1287 1925 tu
1322 1899 1400 1925 nec
1428 1885 1594 1938 judicia

128 1972 394 2012 magnopere
427 1959 698 2008 reformidas,
722 1973 800 1999 nec
832 1959 1118 1999 offensionem
1145 1960 1314 2009 vereris,
1339 1959 1382 1999 id
1412 1960 1590 2000 demum

125 2034 312 2074 arduum
346 2047 396 2073 ac
430 2033 605 2073 difficile
636 2033 771 2073 videri
800 2033 940 2073 debet.
1005 2034 1123 2086 Ergo
1155 2034 1221 2073 his
1254 2033 1590 2074 aedificationem

129 2120 215 2147 non
251 2107 466 2147 minorem
505 2106 609 2146 dum
645 2107 687 2146 in
723 2107 877 2146 morbo
912 2121 1072 2155 sumus,
1098 2121 1229 2159 quam
1260 2120 1359 2146 cum
1382 2106 1589 2155 valemus,

126 2193 217 2233 prae
249 2180 377 2220 nobis
410 2180 531 2228 ferre,
565 2180 608 2219 id
639 2179 791 2220 solidae
823 2180 1148 2233 verissimaeque
1179 2181 1350 2220 virtutis
1382 2180 1590 2220 indicium

126 2253 216 2302 erit,
242 2254 345 2306 quia
367 2260 460 2294 tam
483 2253 556 2293 diu
579 2253 781 2293 sustineri
804 2254 974 2294 virtutis
997 2253 1218 2294 simulatio
1242 2267 1328 2294 non
1350 2260 1507 2306 potest.

215 2326 302 2380 Qui
338 2333 488 2367 autem
518 2340 619 2367 suos
651 2327 712 2367 ita
744 2326 908 2376 fratres,
933 2341 955 2367 e
978 2327 1136 2380 quibus
1165 2327 1376 2379 obsequia
1398 2327 1590 2380 suscipit,

127 2400 391 2449 exaedificat,
414 2401 449 2440 is
489 2400 672 2453 dignum
711 2401 844 2441 etiam
883 2414 1032 2440 eorum
1062 2414 1109 2440 se
1137 2400 1331 2440 ostendit
1361 2400 1593 2453 obsequiis,

127 2479 171 2513 et
207 2473 316 2513 tales
358 2475 400 2513 in
440 2474 660 2514 Institutis
703 2474 1019 2514 monachorum
1053 2474 1239 2514 Basilius
1276 2474 1425 2527 exigit.
1489 2473 1589 2526 Qui,

127 2560 227 2587 cum
251 2553 300 2587 ut
326 2547 521 2587 Domino
553 2549 614 2587 sic
648 2547 828 2587 infirmis
861 2548 1067 2588 fratribus
1098 2548 1371 2588 offerendum
1404 2547 1590 2587 dixisset

127 2620 401 2672 obsequium,
424 2620 485 2661 ita
518 2620 679 2661 deinde
713 2621 925 2673 subjecit:
959 2621 1198 2675 “Expedit
1227 2627 1374 2661 autem
1401 2621 1457 2660 ad
1487 2633 1590 2660 con-

126 2694 388 2734 servandum
430 2694 735 2748 hujuscemodi
778 2694 983 2735 affectum
1021 2695 1064 2735 in
1102 2695 1333 2747 obsequiis,
1370 2700 1417 2734 ut
1454 2700 1498 2734 et
1533 2693 1590 2743 hi,

126 2767 199 2819 qui
233 2767 444 2821 obsequia
475 2782 500 2808 a
532 2768 660 2808 nobis
691 2769 946 2821 suscipiunt,
970 2768 1079 2809 tales
1111 2768 1208 2817 sint,
1242 2767 1402 2820 quibus
1433 2767 1589 2808 merito

493 2854 506 2874 ¹
534 2857 575 2887 In
593 2857 661 2888 Vit.
683 2857 703 2889 l.
724 2865 754 2897 9.
775 2868 845 2899 cap.
868 2866 896 2897 9.
1034 2856 1048 2875 ⁹·
1071 2856 1141 2888 Ser.
1163 2856 1213 2888 26.
