1903 3197
342 148 359 179 1
376 134 431 179 18
660 133 740 179 De
772 133 963 180 ratione
996 133 1188 180 vivendi
1227 133 1484 181 Socielatz‘s.

333 266 557 306 defectum
604 279 692 305 non
746 266 1011 320 culpabilem
1064 265 1487 320 injungerentur3’‘l
1541 267 1612 307 ubi
1660 273 1806 321 potes-

333 345 403 380 tas
465 339 671 392 quaedam
732 341 905 381 videtur
978 341 1162 393 relinqui
1248 341 1492 393 Praeposito
1559 341 1805 394 irrogandae

334 426 483 466 poenae
517 413 705 454 subditis
739 421 866 455 extra
903 414 1089 468 culpam.
1155 414 1310 455 Solum
1348 415 1405 455 ad
1443 414 1805 455 exercitationem

334 487 520 537 virtutis,
550 493 598 527 ut
632 488 737 536 dixi,
770 494 846 529 aut
880 489 935 529 ad
974 502 1072 529 eam
1109 488 1443 542 periclitandam
1482 494 1615 541 atque
1653 488 1807 541 explo-

336 560 532 610 randam,
578 567 655 602 aut
697 562 830 602 etiam
873 562 1060 615 publicae
1109 563 1381 603 necessitatis
1429 576 1572 610 causa,
1602 567 1664 617 ²ut
1705 576 1804 602 cum

335 634 588 676 indicuntur
634 636 802 688 jejunia
854 642 897 677 et
938 637 1272 686 verberationes,
1316 643 1359 677 et
1400 636 1671 689 templorum
1707 637 1808 677 visi-

336 709 529 750 tationes
581 709 636 750 ad
689 710 956 763 placandum
1008 711 1153 751 Deum
1207 717 1250 751 et
1292 710 1553 752 avertendas
1607 710 1809 751 coelestes

340 782 435 824 iras.

427 856 522 897 Nec
544 871 647 898 vero
677 871 840 898 novum
871 864 937 899 est
966 859 1144 911 irrogari
1167 873 1192 899 a
1215 860 1376 899 sanctis
1399 859 1647 912 praepositis
1669 859 1810 912 poeni-

338 931 502 972 tentias
539 932 760 972 interdum
798 933 854 973 ad
891 933 1238 986 periclitandam,
1263 947 1338 973 seu
1370 934 1503 974 etiam
1537 933 1809 974 incitandam

339 1004 384 1044 in
408 1005 479 1053 eis,
505 1006 578 1058 qui
607 1012 776 1059 parent,
799 1007 1111 1054 obedientiam,
1136 1006 1446 1057 humilitatem,
1471 1013 1515 1046 et
1536 1007 1810 1059 patientiam.

341 1079 516 1121 Scimus
568 1081 687 1133 apud
752 1081 998 1122 Climacum
1051 1080 1281 1120 Abbatem
1335 1080 1458 1120 illum
1513 1080 1811 1121 Alexandrini

340 1153 542 1201 coenobii,
568 1154 640 1206 qui
660 1154 860 1195 ducentis
879 1154 1068 1208 amplius
1087 1154 1314 1195 monachis
1332 1160 1530 1207 praeerat,
1555 1154 1811 1207 religionem

339 1227 421 1267 sibi
464 1227 624 1268 ducere
666 1229 958 1278 consenuisse,
1003 1228 1083 1268 nisi
1137 1229 1335 1281 quotidie
1387 1227 1549 1268 multas
1587 1228 1812 1281 patientiae

340 1314 525 1342 coronas
562 1302 750 1342 subditis
788 1308 1067 1356 praepararet,
1108 1316 1267 1355 nempe
1309 1303 1586 1355 suggerenda
1628 1308 1672 1343 et
1712 1302 1813 1343 sub-

339 1375 631 1417 ministranda
673 1377 888 1428 materia;
932 1377 1092 1417 idcirco
1136 1377 1244 1416 citra
1285 1375 1472 1429 culpam,
1511 1377 1620 1416 citra
1660 1390 1814 1429 pecca-

339 1456 447 1499 tum,
481 1450 590 1491 alios
627 1450 713 1491 alia
749 1464 884 1504 poena
921 1448 1171 1490 multabat?
1232 1450 1364 1503 Quod
1402 1449 1640 1490 Cassianus
1679 1451 1814 1490 etiam

339 1529 490 1564 narrat
512 1525 568 1564 de
590 1524 774 1565 Abbate
798 1524 947 1574 Paulo,
972 1525 1044 1577 qui
1070 1524 1290 1564 levissima
1313 1523 1368 1564 de
1391 1537 1534 1572 causa,
1559 1529 1732 1564 tantum
1757 1523 1814 1563 ad

341 1597 600 1651 exemplum
624 1598 863 1651 patientize,
883 1597 1149 1638 monachum
1169 1597 1377 1650 juvenem
1397 1597 1440 1636 in
1459 1597 1814 1650 frequentissimo

342 1670 660 1712 monachorum
703 1678 921 1712 conventu
966 1672 1095 1711 simul
1139 1671 1496 1712 accumbentium
1548 1671 1814 1724 percussisse

341 1745 493 1798 palma
515 1752 605 1786 tam
630 1746 789 1799 insigni
814 1752 931 1794 nota,
956 1752 1005 1786 ut
1027 1745 1195 1786 sonitus
1219 1745 1364 1793 etiam,
1390 1745 1542 1797 inquit,
1563 1757 1812 1784 aversorum

341 1818 410 1859 vel
433 1818 608 1871 longius
630 1818 956 1859 considentium
979 1819 1157 1859 auribus
1180 1816 1442 1859 resultaret.3

431 1892 593 1946 Quoad
625 1893 860 1946 potestatis
891 1892 1156 1933 adhibendae
1180 1892 1407 1941 rationem,
1432 1905 1484 1932 ea
1511 1898 1588 1942 est,
1617 1905 1675 1932 ex
1700 1890 1817 1932 Con-

342 1967 627 2009 stitutionum
660 1967 930 2021 praescripto,
954 1966 1207 2007 adhibenda
1236 1980 1337 2007 cum
1361 1966 1576 2007 charitate
1597 1965 1814 2020 prudenti,

344 2046 396 2082 ut
432 2041 592 2082 dicitur
627 2041 670 2082 P.
706 2052 740 2093 3.
781 2056 815 2082 c.
854 2052 884 2081 Ι,
919 2039 945 2095 ξ
983 2050 1028 2092 15
1051 2040 1083 2091 ;4
1120 2054 1208 2081 non
1241 2046 1415 2080 tantum
1454 2053 1553 2080 cum
1591 2039 1816 2089 charitate,

343 2115 423 2157 sed
474 2129 575 2156 cum
627 2115 832 2168 prudenti
886 2114 1112 2155 charitate.
1197 2113 1400 2155 Charitas
1447 2113 1577 2166 jubet
1627 2114 1818 2167 pastoris

344 2188 534 2229 formam
585 2201 737 2241 gerere
778 2201 866 2229 non
919 2202 978 2229 ex
1030 2187 1226 2241 imperio,
1279 2200 1368 2228 non
1420 2200 1584 2240 aspere,
1628 2200 1717 2227 non
1758 2200 1817 2228 ex

343 2261 686 2315 perturbatione.
781 2261 1021 2303 Prudentia
1062 2276 1166 2303 vero
1210 2261 1426 2302 rationem
1475 2260 1611 2302 habet
1652 2267 1696 2302 et
1737 2261 1817 2301 cir-

347 2336 716 2377 cumstantiarum
749 2342 794 2377 et
825 2336 958 2377 modi.

437 2410 803 2459 Circumstantiae,
843 2423 1030 2464 quarum
1068 2409 1275 2450 habenda
1316 2415 1383 2450 est
1419 2408 1542 2459 ratio,
1579 2413 1682 2449 sunt
1719 2407 1816 2458 loci,

348 2483 661 2538 dispositionis,
711 2491 755 2525 et
807 2497 1105 2538 personarum.
1198 2483 1308 2524 Ideo
1363 2482 1645 2532 Constitutio,
1695 2481 1815 2535 quod

347 2559 405 2599 ad
457 2558 541 2599 loci
593 2558 967 2600 circumstantiam
1009 2555 1231 2611 pertinet,5
1267 2556 1395 2610 jubet
1447 2555 1635 2609 publicis
1686 2555 1818 2597 noxis

346 2632 573 2686 publicum
617 2633 796 2686 irrogari
849 2632 1127 2686 supplicium,
1172 2645 1247 2672 seu
1300 2630 1343 2669 in
1395 2629 1492 2671 loco
1543 2629 1720 2683 publico
1771 2634 1817 2670 et

469 2779 482 2799 ³
507 2779 621 2812 Const.
642 2790 675 2821 p.
696 2787 726 2821 3.
747 2790 773 2812 c.
798 2787 823 2811 1.
846 2781 862 2818 ἓ
882 2785 929 2823 15.
1068 2776 1080 2795 ‘·'
1105 2777 1206 2809 Grad.
1226 2786 1257 2817 4.
1392 2775 1407 2795 ³
1431 2776 1515 2808 Coll.
1540 2784 1589 2816 19.
1611 2787 1636 2809 c.
1661 2785 1687 2809 Ι.
1740 2815 1744 2818 .

573 2830 587 2850 4
611 2831 696 2863 Haec
712 2841 787 2873 pars
802 2831 845 2863 de
863 2831 943 2871 Sup.
964 2829 998 2860 in
1014 2829 1092 2870 pub.
1113 2828 1396 2860 cohortationibus
1412 2828 1588 2861 omittetur.

845 2881 859 2901 5
883 2882 920 2914 P.
941 2888 971 2922 3.
992 2881 1062 2913 dec.
1083 2880 1118 2911 in
1134 2891 1159 2912 c.
1186 2888 1212 2913 1.
1233 2882 1249 2920 ἓ
1269 2885 1316 2922 15.
