1903 3197
444 110 524 155 De
555 114 848 171 (egrotorum
883 125 1003 156 cura
1029 109 1255 171 gerenda.
1485 123 1579 169 519

110 241 288 296 quidem
336 256 393 282 ex
435 247 559 295 parte
601 241 877 281 subditorum
930 246 974 281 et
1025 255 1174 282 eorum
1224 242 1297 294 qui
1351 248 1578 295 aegrotant,

110 316 286 356 tertiam
308 329 411 356 vero
439 329 496 355 ex
528 321 653 368 parte
681 314 965 367 Superiorum
999 322 1042 355 et
1074 330 1236 365 eorum,
1260 316 1418 369 quibus
1444 331 1582 370 aegro-

108 396 254 430 torum
289 404 391 429 cura
423 389 723 437 committitur,
757 388 989 440 explicatis
1017 389 1111 441 jam
1147 390 1319 430 duabus
1352 391 1579 443 prioribus,

109 463 305 516 sequitur
335 463 553 516 deinceps,
586 469 634 503 ut
665 463 721 502 de
752 463 881 501 tertia
914 467 957 502 et
988 469 1211 515 postrema
1243 463 1452 513 dicamus,
1479 477 1578 517 quae

109 550 166 576 ex
192 543 247 587 3²².
267 542 391 590 parte
412 537 578 589 petitur
599 550 631 575 c.
652 533 732 588 2.§
754 535 793 583 6,
812 535 885 575 ubi
909 536 970 575 sic
993 535 1173 576 dicitur:
1198 536 1343 577 “Cura
1366 537 1582 578 habeatur

108 616 373 663 aegrotorum
400 608 598 661 magna,'’
622 615 700 649 etc.

220 894 296 930 DE
336 892 721 930 AEGROTORUM
763 893 921 930 CURA
960 892 1246 939 GERENDA,
1286 893 1471 941 JUXTA

337 962 845 1009 CONSTLTUTIONES,
879 974 913 1010 3.
936 975 972 1011 p.
997 975 1028 999 c.
1057 975 1087 999 2.
1111 962 1129 1008 ἓ
1160 963 1194 1000 6.
1218 963 1259 999 L.
1286 962 1331 1000 G.

107 1066 353 1119 QUONIAM
395 1065 490 1106 haec
542 1080 645 1106 cura
687 1067 847 1119 partim
892 1066 948 1106 ad
998 1066 1275 1119 Praepositos,
1317 1066 1476 1118 partim
1520 1067 1577 1108 ad

107 1153 324 1193 aegrorum
377 1139 597 1179 ministros
649 1145 831 1192 spectat,
886 1140 1077 1192 primum
1126 1139 1181 1179 de
1234 1140 1576 1193 Praepositorum

107 1227 158 1254 ac
210 1213 503 1266 Superiorum,
557 1213 717 1253 deinde
770 1214 824 1253 de
877 1214 1176 1254 ministrorum
1219 1227 1322 1253 cura
1370 1213 1577 1254 dicemus.

108 1287 353 1339 Loquimur
406 1292 553 1326 autem
607 1286 677 1326 hic
724 1288 1003 1340 potissimum
1057 1287 1112 1328 de
1166 1301 1269 1327 cura
1320 1301 1580 1340 corporum;

106 1374 208 1402 nam
243 1360 299 1400 de
332 1360 577 1400 animarum
614 1375 717 1400 cura
751 1361 925 1414 proprie
958 1362 1104 1414 agitur
1136 1361 1180 1400 in
1214 1361 1251 1401 6.
1275 1375 1361 1414 par.
1387 1375 1418 1401 c.
1442 1373 1481 1412 4,
1505 1361 1579 1402 ubi

104 1433 160 1475 de
201 1434 370 1474 auxilio
413 1434 693 1474 morientium
744 1449 769 1474 a
820 1435 1054 1488 Superiore
1096 1435 1275 1475 ferendo
1318 1435 1579 1476 nominatim

106 1508 366 1561 praecipitur.

432 1633 458 1687 ξ
487 1643 646 1672 L—DL'
681 1642 1078 1673 PRAEPOSITORUM
1112 1641 1253 1673 CURA.

196 1723 356 1777 Quoad
420 1724 764 1776 Praepositorum
833 1737 980 1763 curam
1040 1724 1127 1763 duo
1193 1723 1385 1763 videnda
1451 1730 1582 1765 sunt:

107 1799 310 1852 primum,
341 1799 384 1838 in
414 1811 502 1850 quo
535 1799 746 1837 consistat
774 1811 831 1837 ex
865 1797 1267 1837 Constitutionibus
1296 1796 1391 1836 haec
1420 1811 1583 1850 magna

105 1886 234 1913 cura:
287 1872 446 1912 deinde
489 1885 622 1924 quam
665 1871 762 1923 jure
805 1871 906 1911 talis
947 1885 973 1911 a
1020 1871 1263 1923 Praeposito
1305 1871 1583 1924 suscipienda

105 1947 160 1988 sit
201 1960 331 1997 cura3
383 1953 431 1986 ut
472 1946 538 1985 his
581 1946 821 1999 perspectis
865 1946 922 1985 ad
966 1945 1223 1998 religionem
1267 1946 1407 1998 magis
1449 1947 1582 1987 affici-

105 2034 240 2061 amur.
305 2021 472 2073 Magna
510 2021 642 2072 igitur
675 2020 769 2059 hcec
806 2034 921 2070 cura,
953 2033 1086 2072 quam
1125 2020 1181 2059 de
1217 2021 1396 2073 aegrotis
1433 2034 1582 2073 gerere

107 2095 354 2149 superiores
406 2095 582 2142 debent,
636 2095 774 2134 tribus
837 2095 880 2133 in
945 2094 1073 2134 rebus
1135 2108 1192 2133 ex
1254 2094 1583 2136 Constitutione

106 2175 310 2210 versatur.
396 2169 590 2208 Primum
634 2169 676 2208 in
730 2169 968 2208 statuendo
1018 2174 1061 2208 et
1109 2152 1391 2221 praeficiendo
1432 2168 1581 2221 aliquo

106 2243 206 2283 huic
238 2243 418 2291 muneri,
443 2243 528 2295 qui,
558 2242 676 2282 nulla
711 2242 795 2281 alia
827 2243 1026 2295 graviore
1059 2255 1161 2281 cura
1192 2242 1437 2292 distractus,
1461 2248 1580 2283 totus

106 2317 319 2365 curandis,
359 2316 559 2357 fovendis
597 2317 773 2369 aegrotis
813 2315 1020 2369 invigilet.
1088 2315 1160 2355 Ac
1197 2315 1252 2355 de
1286 2315 1369 2355 hoc
1406 2315 1580 2356 Consti-

106 2391 300 2430 tutiones
338 2401 372 2441 3.
396 2405 434 2443 p.
468 2404 500 2430 6.
527 2388 612 2444 2.§
646 2391 698 2430 6:
747 2393 766 2409 “
788 2388 891 2438 siff
940 2389 1157 2442 inquiunt,
1203 2388 1397 2441 “aliquis
1444 2389 1576 2438 domi,

104 2463 178 2516 qui
220 2465 369 2516 praesit
411 2464 454 2503 in
498 2465 559 2513 iis,
599 2478 697 2516 quae
739 2464 795 2503 ad
838 2464 1032 2516 corporis
1073 2464 1237 2503 bonam
1278 2462 1576 2504 valetudinem

106 2536 339 2589 pertinent,
372 2543 466 2577 turn
504 2538 852 2578 conservandam
889 2538 932 2577 in
967 2538 1093 2586 sanis,
1127 2543 1221 2577 tum
1259 2537 1577 2576 restituendam

104 2612 148 2650 in
189 2611 540 2664 aegrotantibus.”
620 2612 790 2652 Idcirco
832 2618 981 2652 autern
1020 2618 1186 2652 certum
1227 2611 1577 2651 Constitutiones

104 2684 330 2726 hominem
380 2686 581 2725 curandis
629 2691 894 2738 przeponunt
942 2686 1130 2739 aegrotis,
1175 2685 1277 2737 quia
1319 2684 1577 2737 Superiores

104 2763 196 2799 tam
232 2757 382 2798 multis
416 2759 635 2810 variisque
673 2759 851 2799 distenti
886 2759 1086 2812 negotiis,
1123 2759 1267 2797 minus
1305 2758 1385 2810 ipsi
1422 2757 1576 2799 sedulo

105 2832 259 2874 adesse
308 2832 489 2885 singulis
536 2846 685 2873 eorum
733 2833 1065 2874 necessitatibus
1112 2838 1307 2885 possunt.
1386 2832 1578 2873 Necesse
