1903 3197
543 115 610 161 In
644 115 783 178 Regu
788 114 862 161 las
896 115 970 160 M
963 115 1159 162 odestz'a'.
1493 119 1521 162 6
1531 129 1555 177 7
1562 131 1588 177 3

119 247 269 301 gloriae
302 248 468 288 invides
498 248 661 289 alienae.
727 249 930 301 Denique
953 255 997 289 et
1030 249 1222 289 radicem
1246 255 1369 290 tuam
1393 249 1448 290 de
1470 255 1587 291 terra

119 322 385 372 viventium;
428 336 515 362 non
558 323 674 363 enim
716 329 760 363 te
805 323 946 363 solum
995 337 1052 363 ex
1097 323 1179 363 hac
1222 323 1313 364 vita
1345 324 1585 377 ignobilem

118 395 254 445 tollet,
277 411 428 437 verum
451 398 583 438 etiam
606 398 860 451 progeniem
884 404 1006 438 tuam
1031 399 1291 447 universam,
1315 412 1585 452 omnemque

116 472 418 522 posteritatem
456 486 556 524 quae
587 486 612 512 a
644 478 687 512 te
718 479 867 525 posset
899 472 1112 525 originem
1148 472 1318 519 ducere,
1350 487 1407 512 ex
1439 473 1582 513 homi-

117 544 246 585 nibus
272 547 452 586 omnino
479 547 653 596 delebit,
677 553 725 586 ut
752 560 807 587 ne
837 547 879 586 in
909 548 1096 600 posteris
1119 547 1300 600 quidem
1324 548 1442 588 vivat
1464 548 1583 589 fama

117 620 306 659 nominis
339 622 413 669 tui,
451 622 524 673 qui
567 621 721 661 alienae
758 620 888 661 famae
930 622 1172 661 detraxisti.
1238 621 1358 675 Lege
1400 622 1456 662 de
1497 623 1581 663 hoc

119 693 325 747 exempla
358 695 400 733 in
433 694 558 748 Spec.
583 695 789 748 Exempl.
812 695 851 735 d.
875 707 912 747 9.
937 708 969 735 c.
997 704 1044 746 55
1081 701 1124 735 et
1161 704 1223 747 57.

209 774 264 818 3⁰.
317 767 527 818 offendit,
571 770 673 822 quia
723 783 879 823 pacem
931 783 1066 819 suam,
1121 775 1164 810 et
1215 770 1581 823 tranquillitatem

118 841 253 881 animi
275 843 445 894 perdit;
478 857 591 892 nam,
615 850 663 888 ut
684 844 799 884 dixit
821 843 1024 897 Angelus
1049 843 1251 884 Hermeti
1271 858 1278 884 :
1313 848 1335 864 “
1354 845 1584 886 Detractio

116 915 371 957 inconstans
412 918 681 958 daemonium
724 925 815 968 est;
869 933 1093 972 nunquam
1137 919 1179 958 in
1222 933 1330 972 pace
1372 920 1586 966 consistit,

117 1003 291 1044 semper
315 992 359 1031 in
380 993 597 1033 discordia
626 992 834 1033 manet.’'1
877 994 985 1033 Ideo
1015 993 1190 1045 subjicit
1215 994 1429 1047 Sapiens:
1458 995 1582 1049 “Qui

118 1070 267 1105 autem
288 1066 416 1106 timet
447 1074 716 1120 praeceptum
739 1068 782 1107 in
805 1081 912 1120 pace
934 1068 1212 1108 versabitur.’'
1228 1067 1244 1090 ‘2
1305 1069 1581 1123 Praeceptum

120 1139 272 1192 inquit,
305 1153 393 1192 quo
427 1141 639 1182 detractio
673 1142 939 1195 prohibetur.
1004 1142 1157 1183 Simile
1190 1150 1336 1183 autem
1372 1151 1438 1184 est
1475 1144 1583 1186 illud

120 1215 239 1266 quod
271 1214 376 1255 dicit
407 1215 580 1257 David:
615 1215 761 1269 “Quis
783 1223 849 1256 est
880 1216 1015 1256 homo
1038 1217 1112 1269 qui
1142 1217 1234 1257 vult
1257 1219 1406 1267 vitam,
1430 1219 1585 1273 diliget

117 1288 212 1328 dies
252 1289 399 1329 videre
439 1290 611 1330 bonos?
674 1290 860 1331 Prohibe
901 1291 1097 1344 linguam
1140 1297 1262 1332 tuam
1305 1306 1330 1332 a
1373 1293 1502 1342 malo,
1541 1300 1586 1335 et

118 1361 234 1402 labia
256 1368 342 1411 tua,
367 1377 421 1403 ne
443 1363 679 1416 loquantur
700 1363 912 1404 dolum.”3

205 1441 264 1486 40.
299 1436 358 1477 Se
400 1438 532 1477 etiam
570 1438 765 1487 offendit,
798 1439 901 1491 quia
932 1452 1057 1478 suam
1100 1439 1192 1491 ipsc
1234 1439 1398 1480 famam
1436 1441 1584 1491 violat,

119 1523 170 1549 ac
203 1511 489 1561 contaminat,
523 1512 629 1552 dum
664 1512 819 1552 alienae
854 1526 941 1552 non
976 1513 1125 1565 parcit.
1191 1514 1360 1554 Idcirco
1403 1515 1464 1556 sic
1506 1529 1588 1556 nos

119 1584 330 1624 admonet
365 1585 498 1626 Eccli.
533 1600 566 1627 c.
606 1595 655 1637 5:
688 1587 828 1627 “Non
864 1588 1095 1640 appelleris
1130 1602 1314 1637 susurro,
1352 1595 1394 1629 et
1436 1588 1588 1644 lingua

117 1663 194 1699 tua
215 1673 271 1698 ne
293 1660 479 1712 capiaris
501 1667 545 1700 et
566 1660 847 1701 confundaris
865 1675 874 1711 3
891 1661 910 1676 ”
928 1661 1010 1702 hoc
1025 1657 1112 1712 est,
1136 1676 1190 1702 ne
1212 1663 1445 1704 involvaris
1468 1665 1587 1706 malo

119 1734 286 1774 nomini
328 1740 372 1773 et
413 1735 705 1785 confundaris,
748 1737 782 1775 si
825 1737 1021 1777 mendax
1068 1737 1290 1778 detractor
1340 1739 1585 1781 inveniaris.

120 1807 292 1861 “Super
314 1808 451 1849 furem
475 1810 591 1850 enim
609 1817 674 1851 est
693 1811 902 1860 confusio,
919 1818 961 1852 et
978 1812 1242 1865 poenitentia
1260 1828 1269 1863 3
1293 1819 1336 1853 et
1355 1814 1585 1856 denotatio

117 1884 309 1936 pessima
340 1897 471 1937 super
505 1884 756 1938 bilinguem.
837 1885 1108 1927 Susurratori
1150 1893 1300 1927 autem
1342 1889 1506 1939 odium,
1542 1896 1587 1931 et

118 1957 355 2006 inimicitia,
393 1964 436 1998 et
492 1959 793 2000 contumelia.”
886 1960 974 2001 Ubi
1018 1967 1124 2001 nota
1165 1961 1271 2002 illud
1317 1964 1585 2006 “denotatio

118 2033 308 2085 pessima
327 2047 335 2082 ;
351 2032 371 2047 ’¹
396 2034 497 2086 quia
518 2034 985 2087 ignominiosissimum
1009 2042 1074 2076 est
1097 2036 1152 2076 ad
1181 2036 1346 2078 famam
1378 2039 1586 2080 detracti-

117 2107 214 2147 onis
229 2108 336 2147 vitio
359 2109 510 2148 notari.
574 2108 695 2149 Nota
717 2109 833 2149 enim
858 2109 975 2158 illud,
1001 2111 1191 2158 “odiilm,
1209 2118 1252 2151 et
1275 2113 1514 2162 inimicitia,
1539 2120 1584 2155 et

116 2182 433 2233 contumelia;’'
456 2183 560 2235 quia
588 2183 897 2224 abominabilis
921 2190 987 2224 est
1010 2186 1226 2234 omnibus,
1247 2186 1458 2239 justoque
1479 2188 1584 2229 odio

116 2255 276 2309 dignus
297 2257 528 2298 detractor.
591 2258 661 2307 Et,
685 2265 733 2298 ut
754 2258 912 2298 dicitur
935 2259 1066 2299 Eccli.
1088 2260 1141 2299 28
1162 2274 1170 2300 :
1205 2262 1226 2279 “
1242 2260 1507 2302 Maledictus
1540 2263 1584 2302 in

115 2330 345 2383 populo;’'
380 2338 611 2385 propterea
639 2346 793 2373 omnes
822 2333 903 2373 sibi
933 2340 1090 2374 cavent
1119 2334 1175 2374 ab
1204 2348 1267 2385 eo,
1299 2336 1372 2388 qui
1403 2336 1585 2390 obloqui

116 2403 243 2444 facile
283 2405 405 2454 solet,
449 2412 694 2447 metuentes
736 2421 790 2448 ne
842 2409 953 2448 sicut
995 2408 1101 2458 aliis,
1153 2409 1213 2449 sic
1264 2415 1309 2450 et
1359 2411 1440 2451 sibi
1492 2425 1586 2452 suae

115 2477 448 2519 obtrectationis
479 2493 650 2520 morsus
682 2480 846 2534 infigat.
887 2481 1100 2523 Salomon
1134 2496 1322 2536 quoque,
1357 2483 1585 2525 “Abomi-

117 2550 275 2600 natio,’'
299 2552 451 2605 inquit,
476 2553 742 2594 “hominum
766 2555 1022 2596 detractor.’'
1087 2556 1145 2597 Et
1166 2571 1267 2598 vere
1298 2558 1441 2599 Maria
1462 2572 1586 2600 soror

117 2625 297 2678 Moysis,
331 2628 449 2679 quod
479 2628 599 2668 fratri
633 2629 899 2679 detraxerat,
936 2630 1058 2684 lepra
1091 2638 1300 2685 cooperta
1329 2633 1476 2675 subito
1505 2640 1582 2676 est.

119 2699 264 2752 Lepra
296 2707 443 2740 autern
466 2715 534 2742 res
555 2707 622 2742 est
642 2702 977 2754 abominabssis3
1011 2710 1058 2745 ut
1084 2718 1217 2758 quam
1241 2707 1296 2746 sit
1322 2706 1405 2748 hoc
1426 2708 1583 2749 vitium

119 2774 237 2827 apud
280 2788 433 2815 omnes
484 2775 686 2817 homines
736 2778 1043 2829 abominabile,
1079 2792 1158 2832 per
1211 2780 1364 2821 Mariae
1417 2782 1584 2836 lepram

300 2862 313 2882 ¹
338 2866 410 2898 Lib.
433 2874 462 2898 2.
485 2866 633 2899 Mandat.
654 2875 683 2899 2.
836 2867 849 2886 2
874 2869 971 2901 Prov.
995 2877 1044 2910 13.
1195 2868 1209 2888 ²
1236 2871 1319 2904 Psal.
1342 2879 1393 2913 33.

289 2927 356 2958 RR
