1903 3197
644 162 723 208 De
755 162 1012 210 Examina,
1473 179 1497 209 2
1508 176 1533 224 7
1540 177 1566 221 3

102 300 170 335 est
203 308 273 334 me
302 295 345 334 in
377 299 472 335 toto
503 294 633 334 corde
664 307 754 342 suo,
789 293 951 333 faciens
984 293 1101 345 quod
1134 294 1345 347 placitum
1378 300 1493 336 esset
1521 295 1565 336 in

100 374 336 421 conspectu
372 381 481 407 meo.
560 367 649 408 Sed
679 371 886 418 operatus
918 380 963 406 es
998 366 1115 406 mala
1148 381 1278 420 super
1306 382 1460 409 omnes
1489 368 1564 421 qui

100 440 275 481 fuerunt
303 446 406 480 ante
425 445 481 487 te,
505 444 549 479 et
570 439 708 479 fecisti
732 439 809 479 tibi
841 439 946 479 deos
978 438 1144 479 alienos
1167 445 1210 479 et
1239 440 1492 490 conflatiles,
1516 446 1565 482 ut

101 527 171 554 me
204 515 260 554 ad
302 513 571 554 iracundiam
613 526 882 565 provocares
915 526 986 552 me
1027 518 1175 552 autem
1210 512 1428 565 projecisti
1463 519 1565 566 post

103 601 260 640 corpus
283 584 467 627 tuum.”1
529 585 588 625 Et
611 585 666 625 ad
697 586 865 625 Baasa:
898 588 918 604 “
936 585 1145 626 Exaltavi
1167 591 1212 625 te
1234 585 1289 625 de
1311 585 1500 638 pulvere,
1523 592 1568 627 et

94 661 221 713 posui
242 667 286 701 te
309 660 466 699 ducem
489 673 619 711 super
646 659 861 712 populum
885 673 1031 699 meum
1058 658 1204 708 Israel,
1227 665 1273 698 tu
1298 665 1446 699 autem
1470 672 1563 700 am-

95 734 256 774 bulasti
288 734 331 773 in
353 733 423 773 via
453 732 704 784 Jeroboam,
728 738 771 772 et
802 747 983 785 peccare
1004 733 1142 772 fecisti
1175 731 1389 785 populum
1414 745 1560 773 meum

96 807 243 857 Israel,
266 813 314 847 ut
336 820 405 846 me
428 807 617 847 irritares
640 807 682 846 in
705 807 896 859 peccatis
918 805 1130 847 eorum.''‘3
1172 807 1232 846 Et
1255 805 1356 846 alibi
1379 810 1564 858 apparet

97 881 214 922 hunc
249 894 343 921 esse
372 894 538 920 morem
573 886 616 920 et
645 881 769 933 quasi
805 880 953 921 stilum
989 880 1183 928 Domini,
1216 885 1263 919 ut
1296 878 1565 932 reprehensi-

95 968 226 996 onem
255 961 535 1008 peccatorum
568 954 823 994 exordiatur
851 968 877 994 a
909 954 1330 993 commemoratione
1360 952 1564 993 benefici-

94 1041 220 1068 orum
253 1041 351 1080 quae
383 1027 476 1079 ipse
508 1027 767 1077 contulerit;
799 1028 862 1067 sic
893 1027 1008 1066 enim
1042 1027 1183 1079 magis
1216 1025 1473 1078 intelligitur
1497 1026 1563 1067 vis

91 1107 135 1141 et
157 1101 386 1153 turpitudo
415 1099 653 1152 culparum,
678 1100 781 1152 quia
810 1114 909 1152 quae
938 1100 1020 1139 sibi
1043 1099 1233 1140 vicissim
1263 1104 1559 1152 opponuntur,

92 1180 226 1227 atque
249 1187 273 1213 6
293 1173 471 1225 regione
493 1173 771 1221 collocantur,
797 1173 960 1213 mutuis
989 1187 1034 1212 56
1063 1187 1109 1212 56
1137 1172 1387 1225 aspectibus
1417 1173 1561 1225 magis

94 1247 300 1287 indicant.
364 1245 513 1298 Quare
543 1251 586 1285 et
617 1246 767 1286 Sancti
799 1245 870 1294 illi,
899 1259 1085 1298 quorum
1116 1245 1345 1285 attulimus
1375 1246 1565 1286 auctori-

94 1325 221 1367 tates,
260 1319 350 1359 duo
388 1318 484 1358 haec
526 1332 614 1358 una
656 1318 942 1371 conjungunt,
984 1319 1223 1371 gratiarum
1263 1318 1482 1359 actionem
1522 1324 1567 1360 et

91 1392 400 1446 poenitentiam
432 1397 725 1444 peccatorum.
806 1392 871 1432 Ut
903 1392 1036 1444 igitur
1067 1392 1208 1444 prima
1238 1391 1313 1432 illa
1342 1391 1562 1433 dubitatio

91 1465 288 1506 funditus
340 1464 530 1514 tollatur,
583 1465 755 1505 duobus
808 1465 950 1505 modis
1007 1465 1194 1518 spectari
1246 1470 1395 1518 potest
1446 1466 1562 1506 actio

91 1539 358 1592 gratiarum:
400 1538 468 1578 vel
511 1544 559 1579 ut
601 1538 798 1579 divinum
842 1540 885 1578 in
928 1539 1053 1579 nobis
1086 1552 1282 1579 amorem
1334 1539 1460 1592 parit,
1503 1552 1561 1579 ex

89 1626 230 1665 eoque
264 1612 358 1666 ipsa
392 1613 554 1663 oritur;
591 1612 660 1652 vel
697 1618 744 1653 ut
780 1612 979 1653 dolorem
1018 1613 1150 1653 efficit
1186 1618 1480 1666 peccatorum,
1517 1619 1562 1653 et

91 1686 136 1726 in
165 1699 316 1726 eorum
346 1699 426 1726 nos
455 1686 753 1738 cognitionem
776 1692 819 1726 et
841 1686 994 1726 fletum
1018 1687 1209 1727 adducit.
1257 1686 1404 1726 Priore
1427 1686 1561 1727 modo

93 1760 149 1800 ad
184 1759 320 1799 vitam
355 1772 454 1811 quae
497 1759 655 1800 dicitur
696 1760 874 1807 unitiva,
910 1760 1151 1812 posteriore
1185 1759 1241 1799 ad
1279 1760 1559 1812 purgativam

90 1837 292 1886 spectat;
335 1838 468 1883 atque
498 1831 600 1871 hinc
632 1832 815 1884 intelligi
848 1838 996 1884 potest
1033 1846 1109 1872 cur
1139 1832 1308 1872 caeteris
1341 1832 1560 1872 examinis

91 1905 301 1945 membris
334 1911 630 1957 anteponatur
663 1905 779 1945 actio
812 1905 1066 1957 gratiarum,
1093 1906 1196 1957 quia
1230 1905 1395 1945 scilicet
1427 1905 1560 1946 bene-

88 1978 286 2019 ficiorum
330 1979 543 2018 memoria
580 1978 721 2031 magis
764 1992 843 2018 nos
884 1985 1095 2031 provocat
1131 1979 1187 2019 ad
1231 1979 1398 2019 luctum
1436 1979 1559 2020 dolo-

88 2065 270 2104 remque
312 2050 551 2104 culparum.
617 2052 715 2091 Imo
749 2052 862 2092 inter
902 2051 1114 2101 homines,
1158 2066 1259 2092 cum
1303 2053 1558 2106 quempiam

86 2124 280 2165 laesimus
331 2125 448 2164 unde
499 2138 619 2177 saepe
669 2125 920 2178 accepimus
982 2125 1257 2175 beneficium,
1310 2125 1405 2166 haec
1460 2127 1557 2179 ipsa

85 2198 298 2238 memoria
339 2211 419 2237 nos
461 2197 648 2250 impellit
689 2199 746 2238 ad
787 2199 1048 2251 petitionem
1090 2200 1241 2248 veniae,
1279 2198 1381 2240 licet
1421 2199 1556 2241 verbo

81 2271 200 2324 prius
221 2272 397 2311 veniam
433 2272 719 2324 deprecemur
747 2272 927 2312 offensae
960 2286 1093 2324 quam
1123 2273 1394 2313 mentionem
1424 2272 1556 2314 facia-

81 2357 180 2385 mus
230 2345 466 2398 praeteritae
517 2344 831 2386 beneficentiae.
934 2345 1056 2386 Prior
1105 2352 1256 2386 tamen
1307 2345 1438 2399 hujus
1489 2353 1557 2389 est

83 2419 294 2458 memoria
348 2432 449 2470 quae
500 2418 616 2459 intus
669 2424 829 2467 movet,
882 2432 1016 2471 quam
1072 2420 1211 2459 veniae
1263 2419 1554 2473 deprecandae

83 2491 324 2531 consilium.

168 2563 326 2605 Altera
355 2566 580 2617 responsio
610 2579 704 2606 esse
735 2571 883 2619 potest
911 2567 1024 2619 quia,
1055 2581 1155 2607 cum
1183 2580 1373 2608 examen
1403 2569 1547 2621 ipsum

81 2637 361 2677 conscientiae
383 2651 471 2678 non
505 2639 638 2679 modo
668 2639 724 2679 ad
753 2640 1070 2692 perscrutanda
1092 2640 1208 2681 mala
1230 2654 1329 2693 quae
1353 2640 1545 2690 fecimus,

79 2723 231 2750 verum
274 2710 407 2750 etiam
449 2711 505 2751 ad
548 2711 824 2764 exploranda
864 2713 982 2753 bona
1025 2714 1184 2766 quibus
1225 2713 1342 2754 aucti
1384 2726 1546 2763 sumus,

81 2782 303 2833 referatur,
335 2784 446 2824 sicut
478 2783 575 2836 jure
611 2785 920 2837 poenitentiam
953 2786 1241 2839 doloremque
1282 2786 1545 2839 suscipimus

471 2853 482 2873 ²
507 2863 538 2896 3.
559 2856 642 2897 Reg.
666 2865 714 2897 14.
904 2856 918 2875 ²
941 2865 971 2898 3.
993 2858 1076 2898 Reg.
1101 2858 1150 2890 16.

252 2925 275 2956 S
