1903 3197
350 166 441 211 512
676 149 756 195 De
788 148 978 194 ratione
1010 146 1204 194 vivendi
1237 146 1499 192 Socz'etatzk.

349 284 405 324 ab
450 280 711 335 Apostolica
762 281 878 322 Sede
926 279 1181 320 facultatem
1230 277 1367 318 habet
1415 290 1527 326 eum,
1562 289 1662 316 cum
1706 289 1816 330 opus

349 357 487 404 fuerit,
528 355 738 395 Ecclesiae
772 354 941 406 legibus
977 353 1300 406 praeceptisque
1337 350 1531 391 laxandi.
1600 349 1818 402 Quocirca

349 430 455 471 nihil
489 436 566 478 est,
596 430 714 482 quod
753 429 926 468 Divinae
965 427 1191 479 Majestati
1219 430 1422 466 vereatur
1454 423 1680 472 offensam,
1709 422 1816 463 dum

347 506 390 544 in
425 504 487 552 iis,
515 517 614 556 quae
643 508 857 551 vetantur,
881 501 1058 541 obedit:
1090 500 1227 539 immo
1261 498 1520 539 existimare
1552 509 1729 549 aequum
1752 501 1818 536 est

349 591 463 619 novo
499 591 546 617 se
582 576 844 617 obedientiae
882 574 1037 615 merito
1073 579 1252 614 auctum
1289 572 1351 620 iri,
1384 571 1418 611 si
1452 585 1477 611 a
1510 569 1818 623 Superioribus

348 651 646 704 spiritualibus
699 650 892 690 animam
945 661 1070 688 suam
1124 647 1214 699 regi
1267 646 1396 695 sinat,
1448 651 1497 685 ut
1550 642 1817 684 Constitutio

345 724 481 777 jubet,
524 731 567 764 et
615 725 659 764 in
712 737 755 763 re
803 729 895 763 tam
945 722 1092 770 ardua,
1136 720 1306 772 sibique
1352 717 1608 772 perdifficili,
1653 729 1815 769 magna

350 805 499 839 tamen
532 812 631 838 cum
663 798 854 851 puritate
885 800 1049 848 pareat.

351 1095 424 1130 DE
463 1092 820 1131 OBEDIENTIA
860 1090 1098 1128 MEDICIS
1141 1086 1578 1127 CORPORALIBUS
1617 1084 1812 1133 ATQUE

666 1211 670 1214 ι
698 1161 1064 1198 INFIRMARIIS
1103 1158 1470 1196 PRAESTANDA.

355 1251 579 1290 DIXIMUS
640 1248 695 1288 de
762 1249 906 1300 priore
970 1247 1233 1295 obedientia,
1304 1258 1437 1298 quam
1508 1242 1815 1295 Superioribus

351 1322 649 1377 spiritualibus
702 1322 911 1361 exhibere
962 1322 1125 1361 debent
1176 1319 1360 1372 aegroti;
1413 1317 1609 1370 sequitur
1659 1321 1707 1355 ut
1761 1315 1816 1355 de

353 1397 602 1451 posteriore,
646 1409 779 1448 quam
823 1395 1003 1435 medicis
1050 1393 1349 1447 corporalibus
1391 1397 1525 1444 atque
1566 1389 1813 1430 infirmariis

351 1476 559 1523 praestare
601 1469 775 1516 debent,
818 1482 959 1521 pauca
1010 1468 1218 1508 dicamus.
1298 1465 1471 1506 Eodem
1518 1463 1683 1504 scilicet
1730 1475 1817 1515 quo

354 1543 685 1584 Ecclesiasticus
722 1542 884 1591 ordine,
908 1542 981 1594 qui
1018 1554 1119 1581 cum
1155 1540 1398 1581 monuisset
1434 1540 1477 1578 in
1515 1537 1679 1578 morbis
1715 1542 1817 1577 ante

353 1616 502 1656 omnia
544 1616 758 1655 orandum
805 1629 900 1655 esse
951 1616 1110 1663 Deum,
1160 1619 1204 1654 et
1255 1614 1312 1654 ab
1363 1612 1482 1653 omni
1535 1610 1695 1650 delicto
1747 1623 1821 1650 cor

353 1688 671 1737 mundandum,
714 1688 1079 1740 sacerdotumque
1121 1700 1271 1740 preces
1317 1691 1362 1726 et
1410 1684 1621 1725 sacrificia
1669 1688 1820 1735 postu-

352 1761 495 1809 landa,
530 1761 585 1800 de
622 1761 794 1801 medico
832 1775 938 1802 mox
976 1761 1187 1813 subjecit:
1226 1761 1325 1800 “Et
1359 1759 1416 1799 da
1451 1758 1596 1798 locum
1635 1755 1817 1805 medico,

356 1834 518 1874 etenim
562 1833 683 1873 illum
727 1835 946 1874 Dominus
997 1835 1188 1883 creavit;
1241 1839 1285 1873 et
1327 1846 1414 1872 non
1457 1830 1658 1871 discedat
1700 1843 1726 1869 a
1766 1835 1823 1879 te,

356 1908 460 1960 quia
501 1920 633 1960 opera
675 1907 768 1959 ejus
810 1915 912 1948 sunt
954 1907 1232 1948 necessaria.”
1316 1907 1435 1946 Dare
1485 1909 1635 1944 autem
1678 1902 1823 1950 locu-m

358 1981 530 2021 medico
572 1980 677 2020 nihil
720 1987 786 2021 cst
827 1982 946 2022 aliud
999 1982 1080 2022 nisi
1132 1994 1233 2021 eum
1279 1980 1515 2020 admittere
1567 1984 1610 2018 et
1661 1976 1824 2025 audire,

356 2056 482 2107 eique
524 2055 834 2107 praescribenti,
869 2069 968 2108 quae
1009 2056 1065 2095 ad
1109 2055 1352 2095 curandum
1394 2066 1552 2105 corpus
1593 2051 1823 2104 pertinent,

358 2128 546 2168 obedire.
631 2128 821 2168 Causam
865 2135 1013 2169 autem
1062 2142 1138 2169 cur
1188 2127 1435 2168 cedendum
1488 2131 1531 2165 et
1582 2123 1824 2177 parendum

360 2202 532 2241 medico
564 2202 630 2249 sit,
669 2203 892 2254 geminam
925 2202 1130 2255 subjicit;
1169 2208 1212 2243 et
1244 2201 1347 2254 quia
1379 2199 1633 2239 “Dominus
1666 2196 1827 2237 creavit

359 2273 511 2313 illum''
536 2275 579 2313 in
612 2288 739 2314 usum
767 2275 1008 2325 hominurn,
1032 2282 1075 2316 et
1098 2276 1236 2327 “quia
1266 2287 1401 2327 opera
1430 2272 1523 2324 ejus
1552 2277 1653 2311 sunt
1680 2283 1826 2309 neces-

358 2347 506 2387 saria.'’
570 2347 760 2399 Oportet
801 2348 933 2400 igitur
974 2350 1012 2388 ei
1055 2362 1154 2388 cum
1202 2349 1323 2388 omni
1374 2345 1621 2386 humilitate
1662 2357 1825 2396 parere,

360 2420 720 2473 quandoquidem
762 2435 788 2460 a
832 2421 930 2461 Deo
981 2421 1111 2461 datus
1160 2427 1235 2470 est,
1284 2426 1327 2460 et
1374 2420 1713 2459 instrumentum
1761 2422 1827 2456 est

361 2495 481 2546 Ejus,
536 2508 623 2546 quo
675 2495 730 2534 ad
784 2494 1127 2547 recuperandam
1180 2494 1415 2534 sanitatem
1470 2493 1532 2533 uti
1585 2505 1663 2531 nos
1723 2489 1828 2530 vult.

360 2568 576 2620 Quamvis
610 2568 726 2607 enim
764 2568 951 2620 primam
989 2573 1033 2608 et
1065 2569 1333 2621 praecipuam
1371 2580 1495 2619 spem
1533 2565 1576 2605 in
1614 2563 1827 2617 praesidiis

360 2654 439 2680 nos
481 2640 635 2681 deceat
678 2641 890 2682 collocare
937 2641 1201 2690 coelestibus,
1241 2641 1334 2681 vult
1381 2647 1529 2680 tamen
1578 2639 1700 2678 Deus
1746 2636 1827 2676 hac

363 2714 609 2754 humilitate
651 2728 731 2754 nos
773 2715 847 2764 uti,
890 2721 938 2755 ut
980 2715 1248 2755 medicorum
1300 2714 1445 2762 etiam,
1489 2726 1599 2765 quos
1641 2711 1722 2751 hac
1774 2710 1829 2749 de

361 2800 493 2828 causa
552 2789 724 2838 creavit,
784 2802 963 2842 operam
1023 2789 1321 2837 adhibeamus,
1379 2788 1526 2839 eisque
1588 2782 1829 2824 necessario

359 2875 604 2914 pareamus,
649 2869 861 2915 tanquam
911 2874 1000 2904 non
1047 2861 1370 2916 consequuturi‚
1413 2874 1491 2900 nec
1538 2857 1664 2899 facile
1711 2869 1831 2896 recu-
