1903 3197
223 170 318 213 422
552 155 632 200 De
664 155 853 201 ratione
887 155 1080 202 vivendi
1112 155 1372 202 Socz'etatz's.

225 287 367 326 Maria
409 287 625 339 optimam
659 293 830 340 partem
868 286 1033 340 elegit.''
1104 288 1217 329 Haec
1259 286 1449 327 Marthae
1485 287 1693 337 turbatio,

224 361 466 412 satagentis
503 360 616 400 circa
659 361 861 413 frequens
899 361 1199 410 ministerium,
1237 361 1439 413 spiritum
1477 360 1692 402 obruebat

225 447 290 483 ne,
323 434 481 474 sororis
514 435 734 487 exemplo,
767 435 1127 488 contemplationi
1161 441 1326 475 sanctae
1355 440 1530 474 vacaret
1549 448 1558 484 ;
1590 435 1695 475 ideo-

220 508 316 559 jure
367 508 428 547 illi
479 509 750 561 praeponitur
791 523 921 557 soror,
963 523 1062 562 quae
1116 509 1277 550 Christi
1328 508 1691 561 contemplationi

226 582 621 634 consuetudinique
651 588 745 622 tota
778 590 869 623 erat
901 583 1088 623 addicta.

316 655 416 695 Hoc
463 655 622 695 laboris
669 657 999 697 incommodum
1049 657 1250 710 spiritum
1302 656 1525 696 obruentis
1574 670 1692 709 saepe

226 729 362 769 oritur
396 743 453 769 ex
488 730 759 779 necessitate,
794 745 911 783 saepe
946 731 1077 770 etiam
1114 745 1171 770 ex
1206 731 1510 771 delectatione.
1573 731 1698 771 Nam<

225 808 269 842 et
301 803 443 855 operis
476 803 731 843 absolvendi
765 805 1002 844 necessitas
1034 805 1152 856 cogit
1186 804 1405 844 interdum
1439 804 1693 857 quempiam

227 875 424 915 laborare
451 876 549 928 plus
581 890 720 928 aequo,
747 878 989 928 praesertim
1022 877 1056 916 si
1089 890 1177 916 non
1209 878 1295 917 sint
1326 878 1430 917 socii
1464 878 1537 930 qui
1570 878 1693 929 adju-

225 955 338 989 vent.
404 949 462 989 Et
492 949 725 989 delectatio
759 963 856 1001 quae
887 951 1000 989 inest
1031 951 1074 989 in
1107 949 1256 990 labore
1284 952 1481 990 animum
1515 952 1705 999 detinet„

226 1022 419 1073 facitque
471 1029 518 1062 ut
560 1024 633 1075 qui
699 1023 740 1061 in
793 1024 986 1075 corporis
1038 1023 1186 1063 labore
1237 1030 1444 1072 versatur,
1497 1023 1692 1063 laborem

228 1097 371 1147 ipsum
409 1109 497 1135 non
536 1097 777 1136 admodum
816 1097 1002 1147 sentiat3
1050 1097 1126 1137 sed
1174 1098 1217 1136 in
1262 1111 1314 1137 eo
1361 1097 1524 1137 diutius
1561 1110 1694 1149 quam

227 1183 307 1221 par
373 1176 438 1209 est
509 1176 758 1223 occupetur,
832 1172 1096 1223 interimque
1159 1171 1248 1211 suis
1311 1171 1488 1223 spiritus
1540 1171 1697 1211 studiis

226 1243 518 1283 defraudetur.
602 1243 759 1297 Operis
794 1251 940 1285 autern
976 1245 1170 1285 laborem
1208 1246 1449 1298 praesertim
1496 1245 1694 1285 modera-

228 1324 322 1357 tum
375 1317 713 1358 delectationem
763 1318 935 1368 habere,
985 1320 1228 1372 praesertim
1271 1333 1370 1359 cum
1419 1320 1694 1372 perdiscendi

227 1393 370 1445 operis
412 1392 646 1432 difficultas
688 1399 893 1445 superata
940 1400 1017 1441 est,
1058 1399 1101 1433 et
1143 1394 1335 1433 assuevit
1373 1393 1466 1445 jam
1508 1394 1694 1442 animus,

227 1467 357 1506 docet
390 1467 433 1505 in
465 1466 694 1519 opificibus
727 1481 829 1506 usus
860 1468 964 1520 ipse,
994 1469 1066 1519 qui
1101 1467 1144 1507 in
1175 1467 1225 1507 iis
1257 1481 1367 1519 quas
1396 1474 1548 1507 tenent
1579 1473 1694 1507 artes

223 1540 541 1592 jucundissime
592 1554 638 1579 se
697 1547 916 1590 exercent,
968 1547 1240 1593 surguntque
1293 1542 1349 1581 ad
1404 1555 1514 1594 opus
1568 1555 1695 1581 suum

229 1614 499 1654 antelucanis
554 1613 682 1663 horis,
732 1620 965 1667 totumque
1016 1616 1058 1654 in
1111 1629 1162 1655 eo
1218 1616 1335 1655 diem
1389 1617 1481 1655 sine
1536 1628 1696 1668 magna

230 1688 472 1728 admodum
496 1688 816 1727 intermissione
838 1695 1129 1738 consumunt;
1162 1689 1281 1741 quod
1312 1689 1491 1741 quidem
1523 1688 1696 1729 sublata

230 1761 523 1801 delectatione
561 1775 648 1801 non
686 1761 886 1801 facerent.
963 1762 1226 1802 Necessitati
1270 1763 1402 1814 igitur
1438 1762 1695 1802 absolvendi

231 1836 374 1888 operis
416 1849 466 1875 ac
508 1834 668 1875 laboris
710 1841 991 1888 prospectum
1029 1842 1105 1884 est,
1144 1842 1238 1875 tum
1282 1850 1308 1876 a
1345 1836 1696 1876 moderatoribus

232 1909 523 1960 adjungendis
553 1909 681 1948 sociis
704 1910 777 1961 qui
807 1909 1028 1961 adjuvent,
1052 1910 1280 1962 ferantque
1309 1909 1470 1949 laboris
1495 1915 1696 1962 partem;

233 1991 327 2023 tum
352 1984 484 2023 etiam
516 1998 541 2023 a
576 1984 987 2033 Constitutionibus‚
1011 1998 1109 2036 quae
1132 1984 1288 2036 jubent
1320 1998 1345 2024 a
1377 1985 1574 2037 prandio,
1597 1998 1697 2025 cum

233 2072 258 2097 a
301 2058 450 2097 labore
493 2058 751 2097 cessandum
795 2063 871 2106 est,
910 2058 944 2098 si
992 2058 1096 2110 quid
1135 2058 1370 2098 necessitas
1407 2058 1609 2110 postulet,
1652 2058 1697 2097 id

232 2140 397 2185 quanta
420 2132 510 2171 fieri
543 2138 690 2184 potest
722 2132 934 2172 charitate
964 2133 1234 2172 metiendum
1267 2146 1318 2171 ac
1346 2130 1694 2171 moderandum.¹

234 2208 352 2258 Ergo
397 2206 677 2246 delectationi
721 2212 976 2259 temperare,
1013 2219 1067 2245 ne
1110 2206 1208 2258 plus
1252 2206 1395 2257 operis
1438 2205 1700 2257 suscipiatur

233 2294 366 2332 quam
405 2294 483 2332 par
520 2286 594 2329 est,
630 2281 684 2319 ad
723 2281 923 2319 subditos
959 2279 1162 2319 videlicet
1198 2285 1377 2331 spectat.
1442 2279 1501 2318 Et
1535 2280 1578 2318 in
1612 2278 1695 2319 hoc

234 2354 571 2394 Constitutionis
620 2353 868 2405 regulaeque
929 2352 1059 2404 hujus
1106 2358 1375 2405 praeceptum
1427 2353 1560 2392 situm
1617 2359 1695 2402 est,

233 2441 332 2467 cum
385 2427 595 2480 expedire
646 2434 778 2479 negat
829 2432 953 2466 tanto
1005 2427 1195 2478 corporis
1246 2426 1395 2466 labore
1445 2427 1597 2479 premi,
1650 2433 1698 2467 ut

229 2501 406 2554 spiritus
449 2501 667 2541 obruatur.
750 2500 906 2540 Altera
953 2501 1063 2540 ratio
1110 2506 1187 2549 est,
1233 2501 1335 2552 quia
1371 2501 1507 2540 nimio
1550 2500 1699 2541 labore

232 2581 276 2615 et
307 2589 474 2628 corpus,
506 2581 548 2614 et
581 2575 752 2614 animus
787 2574 1066 2627 defatigatur,
1097 2581 1144 2614 ut
1174 2587 1260 2614 non
1294 2574 1433 2627 possit
1465 2575 1713 2627 quispiam,.

229 2649 399 2689 etiamsi
442 2649 580 2689 otium
627 2655 885 2701 superesset,
933 2648 1117 2688 idoneus
1164 2662 1257 2688 esse
1307 2649 1390 2701 piis
1442 2648 1695 2688 muneribus

229 2723 454 2763 obeundis.
534 2722 652 2775 Quid
690 2723 807 2762 enim
844 2728 950 2771 oret,
983 2729 1060 2762 aut
1100 2736 1233 2774 quam
1275 2728 1450 2762 strenue
1496 2727 1697 2774 precetur

228 2797 262 2837 is
295 2798 368 2850 qui
402 2803 545 2838 totum
578 2797 695 2837 diem
728 2796 949 2837 laboribus
987 2811 1033 2836 se
1070 2797 1310 2836 contrivit?
1385 2796 1487 2836 Non
1528 2796 1598 2835 hic
1639 2795 1712 2835 ad,

756 2885 829 2917 11³.
852 2894 928 2926 3.c.
951 2886 1104 2925 2.§4.l.
1128 2886 1171 2917 D.
