1903 3197
305 186 401 230 340
627 170 707 216 De
740 170 933 216 ratione
965 169 1156 216 vivendi
1189 170 1451 217 Socz'elatz's.

394 302 611 351 Secundo,
629 302 812 344 refertur
829 304 961 343 etiam
981 304 1036 343 ad
1055 303 1298 343 orationem
1317 303 1566 356 imploratio
1586 303 1770 344 Sancto-

304 391 411 426 rum,
440 377 750 430 praecipueque
780 377 865 417 Dei
900 377 1068 425 Matris,
1092 376 1362 429 angelorum,
1392 390 1443 416 ac
1471 383 1768 429 patronorum.

305 451 375 491 Ac
408 452 463 491 de
499 451 584 490 Dei
621 451 766 491 Matre
798 451 917 490 nulla
952 456 1109 504 potest,
1140 464 1220 490 nec
1252 451 1385 490 debet
1415 464 1508 490 esse
1541 451 1770 500 dubitatio,

305 538 405 564 cum
428 524 501 564 illa
523 525 578 564 sit
600 525 738 578 Virgo
760 526 991 578 virginum,
1017 531 1059 564 et
1083 524 1333 564 castitatem
1363 524 1773 576 praestantissimam

305 599 495 639 adamet.
571 599 740 639 Idcirco
783 601 826 639 in
869 600 1029 652 pugnis
1067 600 1208 639 carnis
1246 599 1487 638 secundum
1532 599 1689 649 Deum,
1723 613 1774 640 ea

305 679 371 713 est
394 674 672 726 potissimum
700 674 987 726 imploranda,
1013 680 1060 713 ut
1084 673 1271 713 faciebat
1293 672 1467 724 Justina
1499 673 1774 714 sanctissima

304 748 439 800 virgo,
473 761 572 787 cum
605 762 630 787 a
663 749 888 787 teterrimo
922 747 1132 800 Cypriani
1175 747 1390 796 dsemone
1429 747 1484 786 de
1518 760 1606 798 quo
1643 760 1774 800 supra

305 822 515 870 diximus,
539 822 882 872 sollicitabatur;
911 827 1088 860 auctore
1112 821 1393 861 Nazianzeno
1417 821 1459 860 in
1484 820 1697 861 Oratione
1718 821 1774 861 de

304 896 507 936 laudibus
542 896 762 948 Cypriani.
837 894 1137 947 Quotidieque
1169 900 1270 934 sunt
1302 895 1339 934 ei
1372 900 1503 934 certae
1535 908 1695 947 preces,
1726 900 1774 935 ut

304 976 499 1009 nostram
553 969 802 1008 castitatem
855 974 1070 1020 protegat,
1125 967 1399 1007 adhibendae.
1496 967 1773 1020 Angelorum

305 1045 438 1083 etiam
469 1043 666 1096 quotidie
696 1048 798 1082 sunt
828 1041 1106 1094 imploranda
1138 1041 1352 1094 praesidia,
1378 1042 1519 1093 quiet
1551 1042 1773 1094 pudicitiae

305 1124 466 1158 nostrze
496 1117 787 1157 amantissimi
821 1122 933 1165 sunt,
969 1122 1016 1156 ut
1048 1129 1179 1169 supra
1202 1115 1368 1155 dictum
1400 1121 1477 1164 est,
1502 1122 1545 1155 et
1577 1117 1774 1156 acerrimi

305 1192 567 1232 defensores.
631 1191 778 1244 Quare
815 1190 1095 1243 Augustinus
1131 1203 1231 1230 eum
1270 1190 1487 1230 dixisset:
1532 1190 1775 1243 “Quoties-

305 1280 477 1319 cunque
511 1279 701 1318 nequam
732 1265 908 1318 spiritus
941 1264 1092 1304 illicita
1121 1278 1308 1316 quaeque
1339 1263 1639 1317 suggesserit,''
1668 1279 1775 1305 mox

306 1340 367 1380 ita
395 1340 591 1392 subjecit,
611 1339 933 1392 “depraedatori
965 1339 1200 1391 responde:
1236 1338 1396 1378 Habeo
1427 1338 1632 1390 angelum
1655 1353 1776 1379 ama-

305 1420 458 1462 torem,
484 1414 557 1466 qui
591 1414 726 1453 nimio
760 1413 853 1453 zelo
876 1413 1068 1452 custodit
1098 1426 1255 1465 corpus
1285 1410 1492 1452 meum.”1

1555 1411 1614 1452 Et
1642 1413 1775 1465 paulo

306 1495 420 1537 ante,
444 1501 543 1527 cum
578 1487 829 1540 D.Agnetis
861 1486 1080 1526 attulisset
1108 1485 1376 1538 exemplum,
1402 1486 1481 1526 rite
1513 1485 1775 1527 confiderat:

308 1567 328 1580 ‘⁸
346 1561 392 1601 Si
412 1560 578 1614 igitur,”
595 1561 749 1613 inquit,
769 1565 848 1600 “et
863 1567 909 1600 tu
928 1560 1127 1609 oraveris,
1145 1566 1187 1600 et
1202 1565 1354 1600 contra
1372 1559 1564 1599 libidinis
1582 1560 1775 1600 incento-

309 1649 398 1676 rem
429 1635 723 1688 lacrymarum
746 1642 920 1675 tuarum
951 1649 1073 1674 arma
1102 1634 1321 1683 levaveris,
1346 1647 1432 1674 non
1456 1640 1572 1674 certe
1593 1634 1776 1687 angelus

305 1716 383 1750 tuo
415 1716 538 1750 casto
570 1710 709 1750 deerit
741 1709 953 1758 cubiculo,
977 1710 1051 1761 qui
1083 1708 1327 1761 postribulo
1350 1722 1438 1748 non
1471 1707 1644 1748 defuit.''
1706 1708 1778 1749 Ac

307 1784 363 1824 de
396 1784 555 1836 Moyse
588 1783 767 1836 quidem
801 1783 962 1823 abbate
994 1783 1192 1835 legImus,
1215 1796 1315 1821 cum
1348 1787 1527 1834 propter
1558 1782 1777 1834 impuram

306 1858 626 1911 cogitationum
664 1858 838 1898 turbam
882 1858 1120 1897 consistere
1162 1858 1205 1896 in
1248 1856 1359 1896 cella
1400 1870 1487 1896 non
1528 1863 1689 1909 posset,
1722 1857 1778 1897 ad

309 1933 529 1972 Isidorum
558 1932 766 1972 abbatem
802 1932 970 1972 consilii
1001 1945 1132 1971 causa
1166 1931 1417 1984 perexisse3
1450 1930 1778 1983 deductumque

308 2008 365 2047 ab
404 2006 576 2047 Isidoro
618 2006 661 2046 in
704 2007 973 2059 superiorem
1011 2005 1133 2045 cellae
1171 2011 1352 2057 partem,
1381 2004 1553 2056 jussum
1591 2018 1684 2044 esse
1722 2005 1777 2044 ad

307 2081 584 2121 occidentem
620 2081 843 2133 respicere,
879 2080 952 2120 ubi
997 2094 1097 2119 cum
1140 2079 1394 2119 dzemonum
1433 2078 1608 2118 turbam
1644 2092 1779 2130 expe-

309 2155 448 2195 ditam
501 2155 557 2195 ad
610 2154 815 2208 proelium
868 2154 1126 2207 aspexisset,
1166 2152 1338 2204 jussum
1391 2152 1524 2192 etiam
1576 2165 1670 2192 esse
1721 2152 1778 2192 ad

307 2229 521 2268 orientem
555 2243 600 2268 56
633 2234 911 2278 convertere;
946 2227 1092 2279 ibique
1121 2240 1221 2266 cum
1254 2224 1616 2265 innumerabilem
1648 2226 1780 2266 vidis—

307 2309 374 2342 set
412 2301 669 2354 angelorum
708 2301 963 2349 exercitum,
998 2300 1165 2340 dixisse
1209 2299 1456 2339 Isidorum:
1516 2299 1632 2339 Ecce
1669 2313 1780 2351 quos

308 2375 352 2414 in
375 2375 593 2415 occidenti
614 2374 774 2424 vidisti,
799 2375 826 2413 ii
859 2380 961 2414 sunt
984 2374 1057 2426 qui
1087 2378 1262 2413 sanctos
1286 2373 1419 2412 etiam
1451 2372 1535 2412 Dei
1568 2371 1780 2413 lacessere

308 2454 443 2501 atque
481 2449 742 2502 impugnare
785 2462 872 2488 non
910 2448 1145 2497 dubitant;
1188 2461 1298 2499 quos
1334 2452 1483 2486 autem
1521 2447 1565 2486 in
1602 2447 1781 2495 oriente,

308 2522 337 2562 ii
380 2528 483 2562 sunt
516 2536 626 2575 quos
669 2523 713 2562 in
756 2536 906 2562 eorum
950 2521 1164 2562 auxilium
1204 2521 1367 2561 Divina
1418 2520 1592 2560 bonitas
1635 2520 1782 2562 mittit.

313 2595 518 2648 Intellige
549 2596 682 2648 igitur
711 2595 857 2649 plures
889 2609 983 2636 esse
1016 2596 1256 2645 nobiseum,
1281 2608 1414 2647 quam
1448 2601 1600 2635 contra
1631 2608 1720 2635 nos.

401 2669 502 2723 Quo
545 2671 724 2723 quidem
777 2670 951 2723 egregie
992 2670 1166 2711 videtur
1215 2668 1413 2710 allusisse
1467 2670 1779 2722 Hieronymus.

312 2744 430 2784 Nam
469 2758 569 2785 cum
607 2745 651 2785 in
689 2745 892 2798 Epistola
929 2745 984 2784 ad
1030 2743 1320 2784 Eustochium
1363 2743 1575 2784 dixisset:
1628 2743 1779 2784 “Caro

309 2817 486 2871 fragilis,
526 2825 571 2860 et
606 2819 715 2860 cinis
752 2819 897 2860 futura
934 2824 1036 2872 post
1073 2819 1297 2859 modicum
1339 2823 1509 2872 pugnat
1544 2817 1638 2858 sola
1679 2829 1778 2857 cum

865 2907 876 2926 ¹
902 2909 958 2940 Ad
984 2909 1094 2941 Soror.
1123 2919 1149 2941 c.
1171 2915 1222 2950 25.
