1903 3197
247 131 344 189 690
569 128 648 174 De
680 127 867 174 ratione
903 126 1098 174 vivendi
1130 127 1390 175 Soczktatzk.

245 262 544 312 exhibentem,
576 261 949 315 asperitatemque
980 261 1154 315 ubique,
1190 262 1362 303 etiamsi
1396 263 1714 316 increpandum

246 337 386 386 fuerit,
409 334 755 389 1·epudiantem.''

334 410 552 451 Martinus
575 411 736 452 Dum.:
769 410 912 451 “Rari
944 411 1160 451 sermonis
1191 410 1250 451 sis
1283 411 1387 464 ipse,
1411 412 1489 452 sed
1515 411 1715 466 loquenti

247 499 335 527 non
360 485 594 538 impatiens
613 500 622 536 ;
652 499 740 526 non
763 499 940 526 severus
963 486 1031 534 sis,
1048 486 1124 526 sed
1149 484 1310 536 hilaris,
1326 499 1415 526 non
1438 487 1716 540 aspernans.’'

335 559 468 601 Eccli.
489 570 561 601 20:
597 563 618 580 “
636 558 824 614 Sapiens
847 561 891 600 in
913 560 1055 601 verbis
1078 560 1271 613 seipsum
1305 560 1541 601 amabilem
1574 561 1716 603 facit.'’

248 633 407 675 Plutar.
442 634 497 674 de
538 633 609 675 lib.
642 635 850 676 educan.:
885 634 1121 683 “Danda,”
1154 635 1307 688 inquit,
1343 637 1446 675 “est
1486 649 1631 688 opera,
1667 642 1716 677 ut

247 707 447 750 affabiles
478 709 600 762 pueri
633 708 752 758 fiant,
777 715 820 750 et
852 709 895 749 in
927 708 1148 762 colloquio
1177 722 1352 760 comes;
1385 708 1491 749 nihil
1514 710 1631 749 enim
1653 711 1716 751 ita

248 784 433 837 dignum
468 790 534 824 est
566 783 670 824 odio
705 790 753 824 ut
787 797 937 824 eorum
972 796 1127 832 mores,
1159 783 1233 837 qui
1266 783 1636 837 compellantibus
1668 799 1716 826 se

247 857 445 899 difficiles
467 857 704 912 praebent.”

336 933 574 986 Propterea
604 933 733 986 jubet
775 932 1098 982 Bonaventura,
1135 933 1191 973 de
1234 932 1364 973 Infor.
1404 932 1514 973 Nov.
1557 947 1590 973 c.
1638 943 1718 986 17:

248 1008 272 1028 “
285 1007 517 1048 Novitium
540 1021 635 1048 sese
656 1007 818 1048 habere
840 1007 953 1047 inter
973 1007 1127 1047 fratres
1148 1007 1351 1060 gratiose,
1377 1007 1587 1056 modeste,
1610 1007 1717 1048 affa—

249 1081 396 1123 biliter
436 1088 479 1122 et
521 1081 741 1124 dulciter.”
811 1083 871 1123 Et
907 1082 962 1123 de
1005 1082 1123 1122 Proc.
1166 1082 1307 1134 Relig.
1344 1096 1376 1122 c.
1417 1093 1453 1123 2.
1491 1096 1606 1135 proc.
1648 1088 1718 1123 10:

250 1157 391 1210 exigit
428 1156 782 1207 “affabilitatem,
815 1171 915 1211 quae
956 1156 1182 1197 hominem
1225 1156 1337 1197 inter
1371 1156 1572 1197 homines
1614 1156 1720 1199 facit

250 1231 485 1281 affabilem,
508 1232 798 1281 tractabilem,
822 1231 1106 1280 exorabilem,
1131 1232 1174 1271 in
1199 1231 1317 1272 bono
1349 1231 1544 1280 hilarem,
1563 1231 1720 1284 jucun-

251 1306 369 1356 dum,
403 1307 624 1357 socialem,
658 1307 827 1347 nullum
860 1312 1181 1360 aspernentem,
1204 1305 1409 1346 omnibus
1440 1304 1719 1358 gratiosum.”

251 1377 408 1421 Talem
432 1381 565 1422 fuisse
586 1382 736 1422 scribit
759 1382 843 1422 Dei
869 1381 1060 1422 Matrem
1084 1395 1141 1421 ex
1168 1379 1418 1434 Epiphanio
1445 1380 1721 1433 Nicephorus

250 1455 323 1496 lib.
352 1467 382 1495 Ι.
406 1455 504 1496 hist.
529 1470 562 1497 c.
588 1467 639 1507 23
661 1472 668 1497 :
700 1456 947 1496 Verborum
981 1455 1198 1496 suavitate
1229 1455 1419 1508 plenam,
1441 1461 1485 1495 et
1506 1468 1720 1508 perquam

251 1530 486 1571 affabilem.
550 1530 610 1571 Et
642 1530 849 1571 Damasc.
874 1530 946 1572 Or.
978 1541 1009 1571 1.
1034 1530 1089 1570 de
1116 1529 1218 1570 Nat.
1244 1529 1351 1569 Mar.
1380 1529 1442 1569 ait
1473 1541 1720 1569 sermonem

253 1604 346 1658 ejus
379 1604 511 1645 fuisse
538 1604 795 1657 jucundum,
820 1619 877 1645 ex
908 1604 995 1645 leni
1027 1604 1176 1644 anima
1207 1603 1547 1656 provenientem.

342 1679 450 1720 Ideo
485 1679 637 1720 Sancti
669 1680 834 1729 volunt,
860 1686 907 1719 ut
935 1692 1067 1732 supra
1099 1677 1452 1731 significavimus,
1474 1689 1723 1718 sermonem

253 1754 344 1795 sale
376 1768 471 1795 esse
503 1754 743 1795 conditum.
807 1754 925 1794 Nam
960 1760 1003 1794 et
1035 1753 1312 1801 Ambrosius,
1336 1752 1410 1805 qui
1447 1752 1627 1792 facetias
1658 1766 1723 1793 re-

253 1834 413 1877 movet,
450 1829 511 1869 ita
545 1828 747 1882 subjicit:
790 1828 1009 1868 “Plenum
1046 1833 1196 1867 tamen
1226 1827 1465 1876 suavitatis,
1497 1832 1540 1866 et
1568 1826 1723 1879 gratiae

253 1916 504 1945 sermonem
539 1917 627 1944 non
663 1917 758 1944 esse
793 1903 980 1944 arbitror
1017 1901 1309 1952 indecorum,”
1333 1901 1357 1942 1.
1398 1913 1428 1942 Ι.
1466 1900 1552 1943 Off.
1586 1916 1620 1941 c.
1655 1911 1721 1953 23.

255 1978 316 2019 Et
353 1978 551 2027 Basilius,
585 1992 737 2032 supra:
773 1978 872 2020 “Sit
909 1991 1055 2018 sermo
1084 1983 1228 2017 vester
1263 1976 1405 2029 gratia
1440 1975 1623 2029 spiritali
1659 1989 1724 2016 re-

253 2053 427 2094 fertus.”

343 2134 402 2179 40.
439 2128 676 2181 Improbus
703 2128 837 2168 etiam
872 2128 984 2168 inter
1016 2127 1289 2180 loquendum
1312 2140 1419 2176 mos,
1443 2127 1729 2179 maximeque

257 2202 493 2256 fugiendus
523 2209 599 2251 est,
623 2203 811 2243 alterum
845 2202 1136 2255 interpellare,
1160 2215 1240 2242 nec
1269 2203 1460 2255 spatium
1489 2201 1728 2242 concedere

259 2277 518 2318 absolvendi
541 2277 755 2317 sermonis
774 2290 783 2326 ;
814 2282 968 2317 contra
996 2276 1129 2317 Eccli.
1152 2281 1423 2330 praeceptum
1451 2287 1495 2316 11
1519 2292 1527 2316 ε
1550 2279 1572 2296 “
1587 2275 1730 2317 Prius-

258 2365 393 2405 quam
431 2352 597 2402 audias,
634 2365 690 2392 ne
726 2352 994 2404 respondeas
1031 2350 1251 2392 verbum.”
1325 2351 1386 2391 Et
1433 2350 1650 2392 Clemens.
1687 2362 1725 2394 2.

260 2425 465 2479 Paedag.:
527 2426 828 2479 “Priusquam
882 2426 1083 2475 audieris,
1138 2439 1192 2466 ne
1242 2426 1424 2466 verbum
1477 2426 1730 2479 responde.’'

259 2501 587 2550 Bonaventura,
624 2500 750 2554 Spec.
789 2501 905 2542 Disc.
938 2515 977 2554 p.
1012 2512 1046 2552 3.
1078 2515 1110 2541 c.
1137 2511 1188 2552 3:
1221 2501 1491 2553 “Loquente
1523 2501 1609 2541 alio
1642 2515 1754 2542 non-

259 2575 511 2629 loquantur,
544 2582 620 2616 aut
657 2576 791 2616 verba
827 2589 1023 2629 unquam
1063 2575 1338 2628 loquentium
1375 2575 1732 2630 interrumpant.”

261 2651 528 2700 Dorotheus,
570 2650 661 2692 Ser.
706 2662 786 2691 20:
839 2650 1033 2691 “Altero
1076 2650 1296 2704 loquente,
1338 2665 1444 2692 cave
1485 2665 1732 2693 sermonem

263 2725 538 2779 abrumpaS.’'

355 2800 616 2841 Plutarchus
634 2814 745 2854 opus
768 2800 823 2841 de
841 2800 1087 2842 Auditione
1105 2815 1113 2842 :
1133 2800 1250 2855 “Qui
1267 2802 1455 2852 statim‚⁷’
1474 2802 1658 2855 inquit,“
1671 2803 1733 2843 in-

263 2879 556 2930 terrumpunt,
579 2882 734 2918 contra
756 2877 965 2918 decorum
988 2882 1138 2931 agunt,
1159 2883 1201 2918 et
1224 2877 1297 2931 qui
1320 2877 1596 2919 continenter
1616 2892 1735 2920 vere-
