1903 3197
623 139 704 184 De
734 138 1058 185 Poenz'tentz'z's.
1490 150 1505 181 1
1520 151 1542 180 2
1558 151 1573 181 1

118 277 185 313 est
245 272 472 324 quispiam.
569 270 686 324 Quia
744 270 885 322 “justi
948 283 1048 309 cum
1111 283 1257 310 severe
1318 266 1576 321 corrigunt‚’'

120 343 355 397 Gregorius
387 344 537 397 inquit,
570 344 790 384 “interme
823 343 1068 383 dulcedinis
1109 344 1295 395 gratiam
1329 356 1416 382 non
1449 342 1576 381 amit-

118 423 228 467 tunt,
278 425 409 470 atque
458 431 607 458 eorum
650 431 799 457 amore
850 417 1005 457 ardent
1047 416 1088 455 in
1132 430 1242 468 quos
1284 430 1437 468 aspera
1485 428 1578 455 cor-

118 493 314 545 reptione
350 490 597 532 saeviunt.‘’1

209 565 328 606 Satis
370 566 425 605 de
470 566 520 605 iis
552 566 625 617 qui
669 578 823 617 poenas
866 565 1107 616 imponunt.
1184 562 1394 614 Sequitur
1436 568 1482 601 ut
1524 562 1580 602 de

120 639 170 679 iis
193 641 266 692 qui
290 639 435 679 ferunt
468 639 698 691 impositas
732 637 865 691 paulo
899 638 1095 690 pluribus
1129 637 1405 684 disseramus,
1429 648 1578 675 eorum

121 714 237 752 enim
269 726 400 752 causa
427 718 521 752 tota
551 711 644 751 haec
671 713 905 764 suscipitur
927 711 1178 764 disputatio.
1245 710 1333 751 Sed
1356 709 1425 748 hic
1448 709 1581 748 etiam

117 786 205 826 duo
236 785 453 826 videnda:
493 785 698 834 Primum,
739 785 840 838 Quo
874 786 1008 825 modo
1041 784 1330 837 suscipiendae
1370 790 1413 823 et
1450 783 1577 823 sube-

118 860 275 909 undae;
320 859 584 906 Secundum,
630 859 810 912 Quanto
852 860 938 899 sint
979 860 1305 912 praestantiores
1348 859 1580 912 impositae,

118 947 246 985 aequo
276 940 424 973 tamen
455 935 602 973 animo
631 933 842 982 toleratae,
867 948 1000 986 quam
1031 940 1188 987 sponte
1214 940 1441 986 susceptae.

208 1006 310 1059 Quo
333 1008 387 1047 ad
412 1007 593 1047 modum
619 1009 858 1048 subeundze
881 1022 1036 1061 poenae,
1056 1015 1143 1048 tres
1166 1009 1438 1048 conditiones
1462 1008 1577 1048 Con-

118 1081 370 1121 stitutiones
389 1082 595 1133 exigunt:
620 1088 672 1131 10,
690 1089 737 1121 ut
753 1096 913 1134 magna
931 1096 1029 1122 cum
1048 1083 1295 1123 humilitate
1312 1080 1580 1131 subeanturff'

113 1154 248 1207 juxta
290 1155 561 1194 Bernardum
595 1156 832 1195 “Humilis
874 1157 1038 1209 quippe
1075 1163 1118 1196 et
1159 1157 1403 1196 verecunda
1445 1156 1578 1196 debet

117 1228 370 1277 satisfactio,
405 1243 492 1281 qua
530 1230 789 1269 emendatur
821 1231 1010 1282 superba
1040 1232 1326 1282 transgressio
1346 1229 1408 1280 ;”3
1441 1237 1497 1278 20,
1532 1236 1580 1270 ut

118 1308 326 1354 prompta
361 1315 459 1341 cum
494 1302 721 1342 voluntate
742 1301 775 1351 34
810 1309 866 1353 30,
900 1309 947 1342 ut
980 1317 1080 1343 cum
1114 1318 1215 1343 vero
1248 1303 1580 1351 emendationis,

118 1381 162 1415 et
193 1375 429 1427 spiritualis
466 1375 686 1428 profectus
723 1376 971 1416 desiderio.⁵
1050 1377 1146 1417 Has
1180 1383 1267 1417 tres
1304 1378 1579 1417 conditiones

121 1449 331 1489 Instituta
353 1455 501 1489 nostra
524 1450 761 1502 requirunt,
785 1451 828 1490 in
852 1451 971 1490 omni
996 1451 1190 1499 materia,
1215 1465 1356 1499 causa,
1377 1458 1419 1491 et
1442 1452 1580 1503 gradu

118 1536 274 1575 poenae.
330 1522 382 1562 In
406 1524 524 1562 omni
550 1524 743 1571 materia,
769 1524 871 1576 quia
895 1526 937 1563 in
961 1526 1081 1564 omni
1104 1538 1262 1577 genere
1294 1526 1583 1578 poenitentiae,

119 1610 396 1648 quaecunque
433 1596 506 1636 illa
548 1597 633 1646 sit;
680 1603 914 1650 propterea
956 1599 1114 1638 dicitur
1154 1599 1197 1637 in
1242 1599 1476 1646 Examine,
1509 1598 1583 1650 qui

120 1670 388 1711 Societatem
422 1671 665 1722 ingreditur
696 1672 1034 1724 interrogandus
1067 1678 1132 1712 est
1164 1686 1219 1712 an
1263 1672 1582 1724 adimpleturus

121 1744 177 1783 sit
204 1745 379 1796 quasvis
406 1745 703 1797 poenitentias,
727 1745 931 1785 videlicet
960 1747 1095 1785 etiam
1122 1746 1292 1793 arduas,
1319 1747 1510 1795 acerbas,
1539 1753 1583 1786 ct

120 1817 364 1870 probrosas.
448 1817 549 1869 Qua
592 1819 635 1857 in
680 1832 724 1857 re
768 1819 1003 1871 praeclarus
1046 1819 1128 1859 fuit
1175 1820 1290 1872 apud
1336 1819 1582 1860 Climacum

123 1890 316 1930 Aeacius
334 1891 526 1942 quidam,
543 1891 615 1943 qui
639 1891 851 1943 gaudenti
875 1892 1022 1931 animo
1044 1893 1302 1945 peracerbas
1325 1907 1350 1932 a
1373 1893 1584 1945 magistro

120 1977 234 2013 sene,
275 1966 342 2004 cui
381 1965 570 2004 creditus
612 1972 715 2014 erat,
753 1965 970 2006 tolerabat
1011 1965 1197 2018 poenas.G
1258 1967 1386 2014 Nam,
1425 1972 1585 2019 praeter

121 2038 310 2091 reliquas
357 2038 535 2090 injurias
578 2046 622 2078 et
664 2039 926 2091 ignominias
968 2054 1094 2093 pfene
1136 2041 1427 2092 quotidianas,
1466 2054 1585 2093 saepe

121 2113 320 2153 cubitum
353 2113 609 2153 discedebat
650 2113 915 2153 incoenatus:
970 2128 1050 2154 nec
1095 2120 1244 2154 tamen
1297 2121 1478 2167 questus
1520 2121 1586 2154 est

120 2200 328 2239 unquam,
362 2192 438 2226 aut
475 2186 735 2239 patientiam
776 2188 901 2240 rupit,
941 2187 1017 2227 sed
1055 2189 1119 2228 sui
1159 2189 1466 2228 miserantibus
1500 2201 1586 2228 res-

116 2261 355 2314 pondebat,
389 2267 535 2313 patres
573 2260 670 2300 illos
708 2262 773 2300 sui
812 2261 1055 2314 periculum
1087 2262 1199 2302 velle
1237 2261 1387 2302 facere.

207 2334 406 2374 Acerbas
449 2334 554 2374 item
596 2334 673 2374 sed
723 2348 811 2374 non
854 2335 1012 2375 acerbo
1060 2337 1208 2376 animo
1260 2350 1415 2389 poenas
1467 2336 1590 2376 dedit

121 2408 374 2448 Libertinus
411 2408 493 2457 ille,
532 2408 655 2460 cujus
692 2409 735 2447 in
778 2408 979 2461 Dialogis
1022 2410 1222 2450 meminit
1264 2410 1310 2450 B.
1338 2409 1586 2463 Gregorius,

119 2495 219 2523 cum
256 2482 312 2522 ab
350 2482 533 2522 Abbate
571 2483 682 2522 irato
719 2483 961 2523 scabellum
1000 2484 1221 2524 incussum
1260 2490 1326 2524 est
1363 2485 1507 2537 capiti,
1541 2490 1589 2524 ut

117 2554 288 2607 injuriae
324 2562 600 2596 remanerent
638 2556 681 2595 in
716 2570 790 2596 ore
823 2557 1020 2610 vestigia,
1051 2559 1437 2611 quaerentibusque
1472 2558 1590 2598 unde

115 2627 298 2668 livorem
321 2629 618 2669 contraxisset
641 2631 940 2682 respondebat
961 2631 1101 2684 pridie
1123 2645 1169 2672 se
1192 2633 1280 2672 suis
1304 2631 1585 2684 exigentibus

118 2702 285 2742 meritis
327 2703 370 2742 in
413 2703 654 2743 scabellum
692 2704 934 2754 incurrisse,
972 2711 1065 2746 tam
1103 2705 1258 2746 sedato
1296 2705 1396 2746 tulit
1438 2705 1589 2745 animo

205 2815 217 2834 ¹
242 2817 330 2849 Mor.
352 2817 372 2848 l.
390 2826 440 2857 24.
462 2828 488 2849 c.
514 2818 563 2849 16.
671 2817 684 2836 ‘³
709 2819 824 2851 Exam.
846 2830 874 2851 c.
894 2829 924 2859 4.
947 2821 1032 2860 341.
1146 2819 1160 2838 ³
1185 2820 1289 2851 Serm.
1308 2828 1330 2859 4
1347 2820 1379 2850 in
1396 2819 1491 2850 Cant.

390 2868 404 2886 “²
428 2869 464 2900 P.
485 2876 514 2909 3.
535 2879 563 2900 c.
588 2877 614 2901 1.
635 2870 651 2908 ἓ
672 2875 719 2910 15.
856 2869 869 2888 5
894 2870 980 2902 Ibid.
1117 2869 1130 2888 ⁶
1154 2870 1254 2901 Grad.
1271 2880 1301 2909 4.
