1903 3197
429 145 721 207 AEdz'ficalc'o
756 146 815 190 ab
851 145 1056 205 (egrotis,
1090 143 1193 192 (⁹9³6.-
1449 145 1538 201 561

78 286 123 320 et
145 277 371 332 castigo:’'
395 278 494 318 hinc
525 290 694 317 rursum
727 277 939 329 scriptum
972 282 1038 316 est
1061 274 1097 316 :1
1122 279 1143 296 “
1160 275 1253 324 Fili,
1285 274 1373 314 noli
1406 274 1544 327 negli-

78 366 180 406 gere
229 351 505 405 disciplinam
558 350 750 398 Domini,
796 363 937 402 neque
989 349 1183 401 fatigeris
1229 362 1330 387 cum
1382 347 1437 387 ab
1489 361 1541 388 eo

80 426 299 478 argueris;
332 438 462 477 quem
504 424 620 463 enim
658 422 802 474 diligit
843 422 1063 462 Dominus
1101 422 1314 473 castigat;
1348 420 1543 473 flagellat

77 504 228 540 autem
251 511 427 538 omnem
450 496 598 546 filium,
621 509 752 548 quem
775 494 988 547 1·ecipit.’'2
1050 495 1158 534 Ideo
1188 500 1232 534 et
1261 494 1541 546 Augustinus

80 573 124 611 in
167 571 311 611 Psalm
355 581 438 621 31.:
490 569 596 608 “Ne
637 567 714 618 te,”
758 568 911 620 inquit,
955 568 1086 607 “sine
1129 566 1302 618 flagello
1345 567 1540 606 futurum

79 658 238 698 speres,
256 657 310 683 ne
332 643 441 683 forte
463 642 628 694 cogites
646 640 967 681 exliaeredai·i:’'
1001 639 1195 692 flagellat
1219 640 1335 678 enim
1361 652 1540 678 omnem

80 717 218 758 filium
260 730 390 769 quem
432 715 592 767 recipit.
679 714 778 754 Hoc
814 727 914 754 cum
951 715 1015 753 vir
1052 713 1231 764 quidam
1269 717 1445 752 sanctus
1484 725 1541 750 ex

81 791 231 844 priscis
263 790 345 829 illis
376 787 602 842 patribuS,3
624 788 697 840 qui
720 788 954 840 quotannis
977 792 1191 839 aegrotare
1214 791 1543 834 consueverant,

81 869 248 905 attente
284 862 583 916 perpenderet,
617 862 751 914 coepit
785 861 931 901 animo
967 861 1067 913 angi
1103 874 1153 899 ac
1196 859 1458 907 discruciari,
1492 871 1543 897 eo

82 951 170 990 quo
192 950 278 977 non
302 942 589 988 aegrotaverat
620 948 762 983 anno,
796 935 915 986 quod
947 948 992 973 se
1016 948 1041 973 a
1066 934 1163 972 Deo
1194 933 1393 972 relictum
1428 932 1545 972 dice-

83 1017 158 1060 ret,
182 1024 262 1050 nec
283 1011 338 1050 de
361 1023 480 1049 more
501 1009 724 1048 visitatum
744 1022 750 1047 :
784 1008 893 1047 tanti
918 1007 1107 1046 faciebat
1129 1006 1211 1045 hoc
1235 1006 1319 1049 Dei
1343 1005 1522 1046 donum.

171 1084 345 1124 Deinde
376 1083 567 1122 ostendit
606 1082 724 1121 Deus
762 1094 956 1120 amorem
989 1094 1128 1128 suum,
1159 1080 1262 1132 quia
1294 1093 1371 1132 per
1403 1079 1544 1119 morbi

82 1157 305 1211 flagellum
329 1171 416 1196 non
439 1155 579 1196 solum
603 1156 794 1195 admissa
816 1159 997 1207 peccata
1019 1154 1155 1202 diluit,
1182 1160 1228 1193 ut
1251 1167 1308 1192 ex
1333 1153 1544 1206 Gregorio

83 1231 279 1284 superius
301 1230 566 1278 dicebamus,
588 1241 738 1269 verum
763 1228 895 1267 etiam
923 1241 984 1276 ea,
1009 1241 1107 1279 qua:
1130 1231 1333 1279 poterant
1357 1226 1543 1273 admitti,

82 1304 331 1357 compescit.
396 1301 528 1354 Quod
560 1302 820 1354 significavit
850 1300 1096 1352 Apostolus
1128 1300 1291 1347 Petrus,
1317 1312 1416 1339 cum
1440 1300 1545 1338 Tito

83 1377 378 1430 interroganti,
402 1390 487 1426 cur,
512 1390 611 1415 cum
639 1388 790 1415 omnes
820 1381 989 1414 curaret
1013 1380 1211 1425 aegrotos,
1235 1372 1370 1412 filiam
1394 1378 1543 1412 tamen

84 1464 208 1491 suam
246 1449 529 1490 Petronillam
562 1449 754 1488 febribus
789 1447 1005 1498 exagitari
1039 1452 1272 1499 pateretur,
1307 1445 1544 1497 respondit,

83 1525 187 1577 quia
208 1524 269 1563 sic
291 1524 329 1563 ei
353 1523 560 1575 expedit:
592 1522 769 1561 videbat
792 1521 907 1559 enim
930 1520 986 1559 ob
1009 1519 1220 1559 eximiam
1244 1518 1336 1569 ejus
1359 1517 1547 1570 pulchri-

86 1598 284 1638 tudinem
336 1596 494 1636 animze
546 1594 786 1647 periculum
840 1594 1069 1641 adituram,
1120 1592 1153 1631 si
1206 1597 1322 1631 recte
1372 1591 1545 1631 valeret.

89 1671 148 1711 Et
189 1671 232 1710 in
265 1671 310 1710 B.
335 1669 521 1709 Thomae
555 1667 881 1708 Cantuariensis
912 1668 1001 1706 vita
1034 1666 1202 1718 legitur,
1234 1678 1333 1704 cum
1367 1664 1547 1716 quidam

89 1745 144 1784 ad
175 1744 269 1796 ejus
301 1742 548 1795 sepulcrum
581 1741 829 1794 depellendi
865 1740 1003 1779 morbi
1039 1753 1169 1778 causa
1203 1753 1248 1778 se
1281 1738 1547 1785 contulisset,

89 1816 380 1868 morbumque
415 1816 558 1868 ipsum
600 1814 850 1867 depulisset,
896 1818 1049 1865 postea
1091 1811 1361 1864 cogitantem
1405 1825 1459 1851 an
1498 1825 1550 1851 ea

90 1890 230 1931 morbi
270 1889 469 1929 liberatio
502 1890 544 1927 in
577 1901 667 1928 rem
700 1887 833 1927 animi
877 1886 997 1935 foret,
1031 1886 1086 1926 ad
1120 1885 1366 1938 sepulcrum
1410 1898 1549 1924 rever-

90 1964 205 2013 tisse,
248 1976 483 2014 orasseque
528 1962 705 2001 beatum
758 1961 891 2009 illum,
937 1967 984 1999 ut
1036 1960 1154 2012 quod
1207 1960 1366 1999 animae
1419 1958 1548 1998 saluti

90 2042 328 2090 praestaret,
365 2036 408 2075 id
441 2035 521 2075 sibi
557 2035 644 2074 suis
686 2034 887 2086 precibus
930 2034 1210 2086 impetraret,
1253 2032 1550 2083 continuoque

95 2112 138 2150 in
171 2109 375 2150 eumdem
408 2108 610 2148 morbum
644 2107 855 2147 recidisse.

179 2184 416 2232 Postremo,
455 2195 581 2221 suum
625 2182 667 2220 in
711 2194 790 2220 nos
822 2179 1015 2220 declarat
1049 2192 1244 2218 amorem
1278 2178 1410 2226 Deus,
1445 2178 1549 2229 quia

92 2257 193 2297 licet
228 2262 508 2309 peccatorum
541 2260 584 2294 et
617 2254 745 2307 culpa
777 2260 820 2293 ct
858 2266 990 2305 poena
1023 2259 1197 2300 aeterna,
1231 2265 1329 2303 quae
1362 2251 1550 2290 filiorum

91 2331 348 2371 haereditate
385 2343 463 2369 nos
499 2328 683 2381 privant,
722 2328 902 2367 remissa
945 2327 1057 2376 sint;
1104 2332 1254 2365 tamen
1297 2338 1374 2377 per
1410 2324 1551 2364 morbi

91 2402 313 2457 flagellum
346 2408 504 2455 purgat
545 2415 624 2441 nos
667 2402 709 2440 in
751 2400 835 2440 hoc
877 2399 1021 2440 seculo
1065 2399 1197 2447 Deus,
1232 2412 1286 2438 ne
1318 2403 1477 2451 purgat
1509 2397 1551 2436 in

92 2476 247 2516 futuro.
308 2475 440 2527 Quod
463 2476 641 2527 quidem
664 2474 825 2526 duplici
849 2474 1016 2513 ratione
1040 2485 1248 2524 magnum
1281 2471 1365 2511 Dei
1397 2483 1555 2510 munus

94 2555 185 2589 est:
217 2555 312 2588 tum
335 2549 436 2601 quia
458 2549 709 2588 morborum
740 2546 1044 2587 cruciamentis
1072 2545 1315 2598 Purgatorii
1339 2544 1554 2584 cruciatus

93 2622 331 2671 evadimus,
355 2623 427 2674 qui
450 2635 549 2661 cum
572 2620 655 2660 illis
678 2620 796 2660 nullo
820 2619 953 2659 modo
975 2618 1226 2659 conferendi
1250 2624 1370 2666 sunt,
1395 2616 1555 2655 scimus

94 2696 210 2736 enim
233 2696 278 2735 B.
300 2693 560 2748 Gregorium
583 2699 726 2734 totum
748 2695 850 2734 vitae
873 2700 1048 2746 tempus
1070 2692 1327 2744 aegrotando
1350 2689 1557 2729 maluisse

94 2769 332 2818 traducere,
356 2781 488 2821 quam
511 2768 567 2808 ad
601 2780 734 2807 unam
767 2773 899 2819 atque
921 2766 1104 2806 alteram
1138 2764 1291 2804 horam
1326 2764 1425 2816 igne
1460 2775 1560 2816 pur-

224 2857 236 2876 ¹
261 2859 356 2889 Prov.
378 2866 407 2897 3.
563 2856 576 2874 ²
601 2856 705 2888 Hebr.
728 2865 773 2888 12.
925 2854 939 2873 ³
963 2855 1005 2886 In
1020 2855 1077 2886 vit.
1099 2858 1179 2895 patr.
1203 2865 1233 2895 p.
1257 2862 1284 2885 2.
1308 2855 1332 2892 ξ.
1359 2852 1428 2893 148.

270 2919 303 2948 K
309 2918 343 2948 K
