<?xml version="1.0" encoding="UTF-8"?>
<!DOCTYPE html PUBLIC "-//W3C//DTD XHTML 1.0 Transitional//EN"
    "http://www.w3.org/TR/xhtml1/DTD/xhtml1-transitional.dtd">
<html xmlns="http://www.w3.org/1999/xhtml" xml:lang="en" lang="en">
 <head>
  <title>
</title>
<meta http-equiv="Content-Type" content="text/html;charset=utf-8" />
  <meta name='ocr-system' content='tesseract 3.04.00' />
  <meta name='ocr-capabilities' content='ocr_page ocr_carea ocr_par ocr_line ocrx_word'/>
</head>
<body>
  <div class='ocr_page' id='page_1' title='image "./nicolaiorlandini00orla/nicolaiorlandini00orla_0425.png"; bbox 0 0 1903 3197; ppageno 0'>
   <div class='ocr_carea' id='block_1_1' title="bbox 415 172 1590 235">
    <p class='ocr_par' dir='ltr' id='par_1_1' title="bbox 415 172 1590 235">
     <span class='ocr_line' id='line_1_1' title="bbox 415 172 1590 235; baseline -0.003 -13"><span class='ocrx_word' id='word_1_1' title='bbox 415 176 495 222; x_wconf 80' lang='lat' dir='ltr'><strong>De</strong></span> <span class='ocrx_word' id='word_1_2' title='bbox 525 175 682 221; x_wconf 73' lang='lat' dir='ltr'><strong>nimia</strong></span> <span class='ocrx_word' id='word_1_3' title='bbox 718 174 931 235; x_wconf 72' lang='lat' dir='ltr'><strong>corporis</strong></span> <span class='ocrx_word' id='word_1_4' title='bbox 964 172 1297 219; x_wconf 71' lang='lat' dir='ltr'><strong>sollicitudine.</strong></span> <span class='ocrx_word' id='word_1_5' title='bbox 1496 184 1590 231; x_wconf 80' lang='lat'><strong>405</strong></span> 
     </span>
    </p>
   </div>
   <div class='ocr_carea' id='block_1_2' title="bbox 84 303 1608 2791">
    <p class='ocr_par' dir='ltr' id='par_1_2' title="bbox 128 303 1599 1025">
     <span class='ocr_line' id='line_1_2' title="bbox 131 303 1593 357; baseline -0.005 -6"><span class='ocrx_word' id='word_1_6' title='bbox 131 309 414 351; x_wconf 88' lang='lat' dir='ltr'><strong>condimento</strong></span> <span class='ocrx_word' id='word_1_7' title='bbox 454 308 567 357; x_wconf 88' lang='lat' dir='ltr'><strong>salis,</strong></span> <span class='ocrx_word' id='word_1_8' title='bbox 609 305 678 347; x_wconf 91' lang='lat' dir='ltr'><strong>vel</strong></span> <span class='ocrx_word' id='word_1_9' title='bbox 719 305 944 345; x_wconf 83' lang='lat' dir='ltr'><strong>cocturae.&#39;&#39;</strong></span> <span class='ocrx_word' id='word_1_10' title='bbox 1023 305 1082 344; x_wconf 88' lang='lat' dir='ltr'><strong>Et</strong></span> <span class='ocrx_word' id='word_1_11' title='bbox 1134 318 1268 345; x_wconf 85' lang='lat' dir='ltr'><strong>mox:</strong></span> <span class='ocrx_word' id='word_1_12' title='bbox 1315 303 1593 356; x_wconf 80' lang='lat' dir='ltr'><strong>“Nunquam</strong></span> 
     </span>
     <span class='ocr_line' id='line_1_3' title="bbox 131 377 1594 434; baseline -0.005 -10"><span class='ocrx_word' id='word_1_13' title='bbox 131 384 334 424; x_wconf 82' lang='lat' dir='ltr'>audiatur</span> <span class='ocrx_word' id='word_1_14' title='bbox 373 382 519 434; x_wconf 89' lang='lat' dir='ltr'><strong>aliqua</strong></span> <span class='ocrx_word' id='word_1_15' title='bbox 561 380 833 433; x_wconf 90' lang='lat' dir='ltr'><strong>querimonia</strong></span> <span class='ocrx_word' id='word_1_16' title='bbox 864 378 920 418; x_wconf 88' lang='lat' dir='ltr'><strong>de</strong></span> <span class='ocrx_word' id='word_1_17' title='bbox 956 384 1000 418; x_wconf 88' lang='lat' dir='ltr'><strong>te</strong></span> <span class='ocrx_word' id='word_1_18' title='bbox 1037 392 1115 430; x_wconf 89' lang='lat' dir='ltr'><strong>pro</strong></span> <span class='ocrx_word' id='word_1_19' title='bbox 1154 379 1300 430; x_wconf 90' lang='lat' dir='ltr'><strong>aliquo</strong></span> <span class='ocrx_word' id='word_1_20' title='bbox 1338 377 1513 417; x_wconf 88' lang='lat' dir='ltr'><strong>defectu</strong></span> <span class='ocrx_word' id='word_1_21' title='bbox 1551 378 1594 416; x_wconf 89' lang='lat' dir='ltr'><strong>in</strong></span> 
     </span>
     <span class='ocr_line' id='line_1_4' title="bbox 131 450 1595 508; baseline -0.005 -11"><span class='ocrx_word' id='word_1_22' title='bbox 131 457 229 498; x_wconf 89' lang='lat' dir='ltr'><strong>cibo</strong></span> <span class='ocrx_word' id='word_1_23' title='bbox 268 456 337 496; x_wconf 88' lang='lat' dir='ltr'><strong>vel</strong></span> <span class='ocrx_word' id='word_1_24' title='bbox 377 453 546 508; x_wconf 84' lang='lat' dir='ltr'><strong>potu.&#39;’l</strong></span> <span class='ocrx_word' id='word_1_25' title='bbox 607 452 726 505; x_wconf 75' lang='lat' dir='ltr'><strong>Quid</strong></span> <span class='ocrx_word' id='word_1_26' title='bbox 770 458 836 492; x_wconf 89' lang='lat' dir='ltr'><strong>est</strong></span> <span class='ocrx_word' id='word_1_27' title='bbox 878 451 1010 503; x_wconf 82' lang='lat' dir='ltr'><strong>igitur</strong></span> <span class='ocrx_word' id='word_1_28' title='bbox 1051 451 1169 490; x_wconf 84' lang='lat' dir='ltr'><strong>aliud</strong></span> <span class='ocrx_word' id='word_1_29' title='bbox 1202 452 1258 490; x_wconf 91' lang='lat' dir='ltr'><strong>de</strong></span> <span class='ocrx_word' id='word_1_30' title='bbox 1299 450 1366 490; x_wconf 89' lang='lat' dir='ltr'><strong>his</strong></span> <span class='ocrx_word' id='word_1_31' title='bbox 1397 465 1496 503; x_wconf 79' lang='lat' dir='ltr'><strong>quae</strong></span> <span class='ocrx_word' id='word_1_32' title='bbox 1539 452 1595 490; x_wconf 88' lang='lat' dir='ltr'><strong>ad</strong></span> 
     </span>
     <span class='ocr_line' id='line_1_5' title="bbox 129 524 1596 582; baseline -0.006 -11"><span class='ocrx_word' id='word_1_33' title='bbox 129 532 293 571; x_wconf 89' lang='lat' dir='ltr'><strong>victum</strong></span> <span class='ocrx_word' id='word_1_34' title='bbox 345 529 566 582; x_wconf 76' lang='lat' dir='ltr'><strong>pertInent</strong></span> <span class='ocrx_word' id='word_1_35' title='bbox 607 540 700 566; x_wconf 91' lang='lat' dir='ltr'><strong>esse</strong></span> <span class='ocrx_word' id='word_1_36' title='bbox 742 525 988 573; x_wconf 89' lang='lat' dir='ltr'><strong>sollicitum,</strong></span> <span class='ocrx_word' id='word_1_37' title='bbox 1032 525 1111 563; x_wconf 87' lang='lat' dir='ltr'><strong>nisi</strong></span> <span class='ocrx_word' id='word_1_38' title='bbox 1155 525 1269 563; x_wconf 88' lang='lat' dir='ltr'><strong>circa</strong></span> <span class='ocrx_word' id='word_1_39' title='bbox 1310 524 1511 563; x_wconf 77' lang='lat' dir='ltr'><strong>cochlear</strong></span> <span class='ocrx_word' id='word_1_40' title='bbox 1552 529 1596 563; x_wconf 90' lang='lat' dir='ltr'><strong>et</strong></span> 
     </span>
     <span class='ocr_line' id='line_1_6' title="bbox 132 597 1594 650; baseline -0.006 -6"><span class='ocrx_word' id='word_1_41' title='bbox 132 604 398 650; x_wconf 88' lang='lat' dir='ltr'><strong>mortarium,</strong></span> <span class='ocrx_word' id='word_1_42' title='bbox 431 608 478 642; x_wconf 91' lang='lat' dir='ltr'><strong>ut</strong></span> <span class='ocrx_word' id='word_1_43' title='bbox 512 601 572 641; x_wconf 91' lang='lat' dir='ltr'><strong>ait</strong></span> <span class='ocrx_word' id='word_1_44' title='bbox 609 600 826 648; x_wconf 76' lang='lat' dir='ltr'>Clemens,</span> <span class='ocrx_word' id='word_1_45' title='bbox 861 599 997 638; x_wconf 89' lang='lat' dir='ltr'><strong>vitam</strong></span> <span class='ocrx_word' id='word_1_46' title='bbox 1041 610 1312 646; x_wconf 80' lang='lat' dir='ltr'>consumere,</span> <span class='ocrx_word' id='word_1_47' title='bbox 1351 597 1469 648; x_wconf 91' lang='lat' dir='ltr'><strong>quod</strong></span> <span class='ocrx_word' id='word_1_48' title='bbox 1507 610 1594 636; x_wconf 89' lang='lat' dir='ltr'><strong>non</strong></span> 
     </span>
     <span class='ocr_line' id='line_1_7' title="bbox 133 670 1594 729; baseline -0.006 -11"><span class='ocrx_word' id='word_1_49' title='bbox 133 679 265 718; x_wconf 92' lang='lat' dir='ltr'><strong>modo</strong></span> <span class='ocrx_word' id='word_1_50' title='bbox 301 677 551 729; x_wconf 83' lang='lat' dir='ltr'><strong>religiosum</strong></span> <span class='ocrx_word' id='word_1_51' title='bbox 584 674 712 714; x_wconf 87' lang='lat' dir='ltr'><strong>valde</strong></span> <span class='ocrx_word' id='word_1_52' title='bbox 746 673 941 720; x_wconf 78' lang='lat' dir='ltr'><strong>dedecet,</strong></span> <span class='ocrx_word' id='word_1_53' title='bbox 965 685 1115 712; x_wconf 86' lang='lat' dir='ltr'><strong>verum</strong></span> <span class='ocrx_word' id='word_1_54' title='bbox 1155 672 1299 721; x_wconf 86' lang='lat' dir='ltr'><strong>etiam,</strong></span> <span class='ocrx_word' id='word_1_55' title='bbox 1333 677 1380 710; x_wconf 95' lang='lat' dir='ltr'><strong>ut</strong></span> <span class='ocrx_word' id='word_1_56' title='bbox 1418 670 1489 710; x_wconf 91' lang='lat' dir='ltr'><strong>ille</strong></span> <span class='ocrx_word' id='word_1_57' title='bbox 1524 671 1594 717; x_wconf 87' lang='lat' dir='ltr'><strong>ait,</strong></span> 
     </span>
     <span class='ocr_line' id='line_1_8' title="bbox 128 743 1599 799; baseline -0.007 -7"><span class='ocrx_word' id='word_1_58' title='bbox 128 748 416 792; x_wconf 78' lang='lat' dir='ltr'><strong>christianos.2</strong></span> <span class='ocrx_word' id='word_1_59' title='bbox 476 749 536 789; x_wconf 87' lang='lat' dir='ltr'><strong>Et</strong></span> <span class='ocrx_word' id='word_1_60' title='bbox 570 752 832 799; x_wconf 81' lang='lat' dir='ltr'><strong>argumento</strong></span> <span class='ocrx_word' id='word_1_61' title='bbox 865 752 941 794; x_wconf 87' lang='lat' dir='ltr'><strong>est,</strong></span> <span class='ocrx_word' id='word_1_62' title='bbox 976 746 1179 797; x_wconf 80' lang='lat' dir='ltr'><strong>religioso</strong></span> <span class='ocrx_word' id='word_1_63' title='bbox 1212 757 1414 797; x_wconf 87' lang='lat' dir='ltr'><strong>saporem</strong></span> <span class='ocrx_word' id='word_1_64' title='bbox 1445 743 1599 784; x_wconf 90' lang='lat' dir='ltr'><strong>coeles-</strong></span> 
     </span>
     <span class='ocr_line' id='line_1_9' title="bbox 129 817 1596 874; baseline -0.006 -9"><span class='ocrx_word' id='word_1_65' title='bbox 129 826 239 866; x_wconf 89' lang='lat' dir='ltr'><strong>tium</strong></span> <span class='ocrx_word' id='word_1_66' title='bbox 276 837 418 863; x_wconf 87' lang='lat' dir='ltr'><strong>rerum</strong></span> <span class='ocrx_word' id='word_1_67' title='bbox 453 836 541 862; x_wconf 90' lang='lat' dir='ltr'><strong>non</strong></span> <span class='ocrx_word' id='word_1_68' title='bbox 576 821 757 874; x_wconf 88' lang='lat' dir='ltr'><strong>placere.</strong></span> <span class='ocrx_word' id='word_1_69' title='bbox 816 819 1070 860; x_wconf 86' lang='lat' dir='ltr'><strong>Bernardus</strong></span> <span class='ocrx_word' id='word_1_70' title='bbox 1102 820 1145 858; x_wconf 91' lang='lat' dir='ltr'><strong>in</strong></span> <span class='ocrx_word' id='word_1_71' title='bbox 1179 819 1357 871; x_wconf 79' lang='lat' dir='ltr'><strong>paucis:</strong></span> <span class='ocrx_word' id='word_1_72' title='bbox 1402 820 1423 837; x_wconf 91' lang='lat'><em>“</em></span> <span class='ocrx_word' id='word_1_73' title='bbox 1441 817 1596 857; x_wconf 89' lang='lat' dir='ltr'><strong>Haud-</strong></span> 
     </span>
     <span class='ocr_line' id='line_1_10' title="bbox 132 893 1596 951; baseline -0.005 -13"><span class='ocrx_word' id='word_1_74' title='bbox 132 911 354 951; x_wconf 91' lang='lat' dir='ltr'><strong>quaquam</strong></span> <span class='ocrx_word' id='word_1_75' title='bbox 392 896 517 936; x_wconf 89' lang='lat' dir='ltr'><strong>nobis</strong></span> <span class='ocrx_word' id='word_1_76' title='bbox 550 895 722 949; x_wconf 86' lang='lat' dir='ltr'><strong>placere</strong></span> <span class='ocrx_word' id='word_1_77' title='bbox 757 899 904 947; x_wconf 87' lang='lat' dir='ltr'><strong>potest</strong></span> <span class='ocrx_word' id='word_1_78' title='bbox 939 907 1069 946; x_wconf 86' lang='lat' dir='ltr'><strong>sapor</strong></span> <span class='ocrx_word' id='word_1_79' title='bbox 1102 893 1213 942; x_wconf 91' lang='lat' dir='ltr'><strong>coeli,</strong></span> <span class='ocrx_word' id='word_1_80' title='bbox 1251 893 1356 932; x_wconf 91' lang='lat' dir='ltr'><strong>dum</strong></span> <span class='ocrx_word' id='word_1_81' title='bbox 1395 905 1596 944; x_wconf 86' lang='lat' dir='ltr'><strong>saporem</strong></span> 
     </span>
     <span class='ocr_line' id='line_1_11' title="bbox 134 967 754 1025; baseline -0.006 -13"><span class='ocrx_word' id='word_1_82' title='bbox 134 971 370 1025; x_wconf 81' lang='lat' dir='ltr'><strong>quaerimus</strong></span> <span class='ocrx_word' id='word_1_83' title='bbox 402 971 529 1022; x_wconf 88' lang='lat' dir='ltr'><strong>coqui</strong></span> <span class='ocrx_word' id='word_1_84' title='bbox 563 967 754 1009; x_wconf 73' lang='lat' dir='ltr'><strong>nostri.‘&#39;³</strong></span> 
     </span>
    </p>

    <p class='ocr_par' dir='ltr' id='par_1_3' title="bbox 84 1039 1608 2791">
     <span class='ocr_line' id='line_1_12' title="bbox 221 1039 1597 1094; baseline -0.004 -10"><span class='ocrx_word' id='word_1_85' title='bbox 221 1046 273 1084; x_wconf 86' lang='lat' dir='ltr'><strong>In</strong></span> <span class='ocrx_word' id='word_1_86' title='bbox 313 1044 473 1084; x_wconf 89' lang='lat' dir='ltr'><strong>vestitu</strong></span> <span class='ocrx_word' id='word_1_87' title='bbox 517 1044 649 1083; x_wconf 86' lang='lat' dir='ltr'><strong>etiam</strong></span> <span class='ocrx_word' id='word_1_88' title='bbox 687 1041 933 1094; x_wconf 85' lang='lat' dir='ltr'><strong>aliquorum</strong></span> <span class='ocrx_word' id='word_1_89' title='bbox 967 1040 1216 1080; x_wconf 89' lang='lat' dir='ltr'><strong>sollicitudo</strong></span> <span class='ocrx_word' id='word_1_90' title='bbox 1249 1045 1292 1080; x_wconf 95' lang='lat' dir='ltr'><strong>et</strong></span> <span class='ocrx_word' id='word_1_91' title='bbox 1325 1039 1459 1079; x_wconf 89' lang='lat' dir='ltr'><strong>nimia</strong></span> <span class='ocrx_word' id='word_1_92' title='bbox 1495 1053 1597 1079; x_wconf 92' lang='lat' dir='ltr'><strong>cura</strong></span> 
     </span>
     <span class='ocr_line' id='line_1_13' title="bbox 132 1113 1597 1168; baseline -0.005 -9"><span class='ocrx_word' id='word_1_93' title='bbox 132 1119 293 1160; x_wconf 87' lang='lat' dir='ltr'><strong>versari</strong></span> <span class='ocrx_word' id='word_1_94' title='bbox 330 1117 452 1157; x_wconf 91' lang='lat' dir='ltr'><strong>solet.</strong></span> <span class='ocrx_word' id='word_1_95' title='bbox 516 1117 575 1156; x_wconf 88' lang='lat' dir='ltr'><strong>Et</strong></span> <span class='ocrx_word' id='word_1_96' title='bbox 612 1116 791 1168; x_wconf 91' lang='lat' dir='ltr'><strong>quidem</strong></span> <span class='ocrx_word' id='word_1_97' title='bbox 830 1114 976 1167; x_wconf 89' lang='lat' dir='ltr'><strong>quoad</strong></span> <span class='ocrx_word' id='word_1_98' title='bbox 1009 1115 1091 1154; x_wconf 90' lang='lat' dir='ltr'><strong>tria</strong></span> <span class='ocrx_word' id='word_1_99' title='bbox 1134 1113 1218 1163; x_wconf 86' lang='lat' dir='ltr'><strong>illa,</strong></span> <span class='ocrx_word' id='word_1_100' title='bbox 1253 1127 1352 1166; x_wconf 59' lang='lat' dir='ltr'><strong>quas</strong></span> <span class='ocrx_word' id='word_1_101' title='bbox 1386 1113 1441 1153; x_wconf 91' lang='lat' dir='ltr'><strong>de</strong></span> <span class='ocrx_word' id='word_1_102' title='bbox 1481 1113 1597 1152; x_wconf 84' lang='lat' dir='ltr'><strong>victu</strong></span> 
     </span>
     <span class='ocr_line' id='line_1_14' title="bbox 130 1186 1599 1244; baseline -0.005 -12"><span class='ocrx_word' id='word_1_103' title='bbox 130 1192 224 1244; x_wconf 89' lang='lat' dir='ltr'><strong>jam</strong></span> <span class='ocrx_word' id='word_1_104' title='bbox 276 1191 480 1230; x_wconf 80' lang='lat' dir='ltr'><strong>diximus.</strong></span> <span class='ocrx_word' id='word_1_105' title='bbox 565 1189 681 1229; x_wconf 87' lang='lat' dir='ltr'><strong>Nam</strong></span> <span class='ocrx_word' id='word_1_106' title='bbox 734 1195 810 1229; x_wconf 89' lang='lat' dir='ltr'><strong>aut</strong></span> <span class='ocrx_word' id='word_1_107' title='bbox 862 1200 1185 1240; x_wconf 85' lang='lat' dir='ltr'><strong>supervacanea</strong></span> <span class='ocrx_word' id='word_1_108' title='bbox 1237 1186 1469 1235; x_wconf 88' lang='lat' dir='ltr'><strong>interdum,</strong></span> <span class='ocrx_word' id='word_1_109' title='bbox 1522 1191 1599 1226; x_wconf 91' lang='lat' dir='ltr'><strong>aut</strong></span> 
     </span>
     <span class='ocr_line' id='line_1_15' title="bbox 134 1261 1598 1315; baseline -0.005 -9"><span class='ocrx_word' id='word_1_110' title='bbox 134 1266 306 1313; x_wconf 87' lang='lat' dir='ltr'><strong>leviora,</strong></span> <span class='ocrx_word' id='word_1_111' title='bbox 352 1270 427 1304; x_wconf 88' lang='lat' dir='ltr'><strong>aut</strong></span> <span class='ocrx_word' id='word_1_112' title='bbox 469 1263 661 1311; x_wconf 79' lang='lat' dir='ltr'>meliora,</span> <span class='ocrx_word' id='word_1_113' title='bbox 704 1268 781 1302; x_wconf 88' lang='lat' dir='ltr'><strong>aut</strong></span> <span class='ocrx_word' id='word_1_114' title='bbox 834 1263 1005 1315; x_wconf 77' lang='lat' dir='ltr'>aptiora</span> <span class='ocrx_word' id='word_1_115' title='bbox 1055 1263 1321 1301; x_wconf 86' lang='lat' dir='ltr'><strong>vestimenta</strong></span> <span class='ocrx_word' id='word_1_116' title='bbox 1362 1261 1598 1313; x_wconf 86' lang='lat' dir='ltr'><strong>requirunt,</strong></span> 
     </span>
     <span class='ocr_line' id='line_1_16' title="bbox 135 1335 1600 1392; baseline -0.004 -13"><span class='ocrx_word' id='word_1_117' title='bbox 135 1340 208 1392; x_wconf 88' lang='lat' dir='ltr'><strong>qui</strong></span> <span class='ocrx_word' id='word_1_118' title='bbox 251 1340 305 1379; x_wconf 93' lang='lat' dir='ltr'><strong>de</strong></span> <span class='ocrx_word' id='word_1_119' title='bbox 339 1351 418 1378; x_wconf 86' lang='lat' dir='ltr'><strong>suo</strong></span> <span class='ocrx_word' id='word_1_120' title='bbox 455 1350 636 1389; x_wconf 87' lang='lat' dir='ltr'><strong>corpore</strong></span> <span class='ocrx_word' id='word_1_121' title='bbox 671 1343 771 1376; x_wconf 88' lang='lat' dir='ltr'><strong>sunt</strong></span> <span class='ocrx_word' id='word_1_122' title='bbox 804 1335 988 1375; x_wconf 87' lang='lat' dir='ltr'><strong>solliciti.</strong></span> <span class='ocrx_word' id='word_1_123' title='bbox 1053 1335 1104 1374; x_wconf 92' lang='lat' dir='ltr'><strong>In</strong></span> <span class='ocrx_word' id='word_1_124' title='bbox 1137 1335 1384 1387; x_wconf 85' lang='lat' dir='ltr'><strong>quantitate</strong></span> <span class='ocrx_word' id='word_1_125' title='bbox 1421 1335 1600 1386; x_wconf 89' lang='lat' dir='ltr'><strong>quidem</strong></span> 
     </span>
     <span class='ocr_line' id='line_1_17' title="bbox 135 1407 1598 1460; baseline -0.005 -7"><span class='ocrx_word' id='word_1_126' title='bbox 135 1411 383 1453; x_wconf 87' lang='lat' dir='ltr'><strong>sollicitudo</strong></span> <span class='ocrx_word' id='word_1_127' title='bbox 425 1411 623 1458; x_wconf 87' lang='lat' dir='ltr'><strong>cernitur,</strong></span> <span class='ocrx_word' id='word_1_128' title='bbox 658 1411 692 1450; x_wconf 88' lang='lat' dir='ltr'><strong>si</strong></span> <span class='ocrx_word' id='word_1_129' title='bbox 735 1409 999 1449; x_wconf 80' lang='lat' dir='ltr'><strong>valetudinis</strong></span> <span class='ocrx_word' id='word_1_130' title='bbox 1042 1408 1219 1448; x_wconf 92' lang='lat' dir='ltr'><strong>nomine</strong></span> <span class='ocrx_word' id='word_1_131' title='bbox 1260 1407 1358 1460; x_wconf 85' lang='lat' dir='ltr'><strong>plus</strong></span> <span class='ocrx_word' id='word_1_132' title='bbox 1399 1408 1598 1454; x_wconf 86' lang='lat' dir='ltr'><strong>vestium,</strong></span> 
     </span>
     <span class='ocr_line' id='line_1_18' title="bbox 84 1481 1599 1539; baseline -0.005 -12"><span class='ocrx_word' id='word_1_133' title='bbox 84 1513 90 1519; x_wconf 89' lang='lat'><em>-</em></span> <span class='ocrx_word' id='word_1_134' title='bbox 135 1500 268 1539; x_wconf 88' lang='lat' dir='ltr'><strong>quam</strong></span> <span class='ocrx_word' id='word_1_135' title='bbox 306 1485 527 1525; x_wconf 89' lang='lat' dir='ltr'><strong>communi</strong></span> <span class='ocrx_word' id='word_1_136' title='bbox 565 1484 749 1524; x_wconf 80' lang='lat' dir='ltr'><strong>fratrum</strong></span> <span class='ocrx_word' id='word_1_137' title='bbox 783 1483 1018 1523; x_wconf 83' lang='lat' dir='ltr'><strong>Societatis</strong></span> <span class='ocrx_word' id='word_1_138' title='bbox 1054 1481 1302 1521; x_wconf 76' lang='lat' dir='ltr'><strong>necessitati</strong></span> <span class='ocrx_word' id='word_1_139' title='bbox 1335 1481 1599 1527; x_wconf 83' lang='lat' dir='ltr'><strong>conceditur,</strong></span> 
     </span>
     <span class='ocr_line' id='line_1_19' title="bbox 137 1553 1602 1613; baseline -0.005 -13"><span class='ocrx_word' id='word_1_140' title='bbox 137 1559 405 1613; x_wconf 86' lang='lat' dir='ltr'><strong>requiratur;</strong></span> <span class='ocrx_word' id='word_1_141' title='bbox 437 1558 505 1598; x_wconf 87' lang='lat' dir='ltr'><strong>vel</strong></span> <span class='ocrx_word' id='word_1_142' title='bbox 529 1559 630 1610; x_wconf 89' lang='lat' dir='ltr'><strong>quia</strong></span> <span class='ocrx_word' id='word_1_143' title='bbox 652 1558 741 1597; x_wconf 88' lang='lat' dir='ltr'><strong>vim</strong></span> <span class='ocrx_word' id='word_1_144' title='bbox 765 1557 936 1609; x_wconf 79' lang='lat' dir='ltr'><strong>frigoris</strong></span> <span class='ocrx_word' id='word_1_145' title='bbox 958 1556 1068 1596; x_wconf 88' lang='lat' dir='ltr'><strong>alius</strong></span> <span class='ocrx_word' id='word_1_146' title='bbox 1092 1555 1178 1594; x_wconf 91' lang='lat' dir='ltr'><strong>alio</strong></span> <span class='ocrx_word' id='word_1_147' title='bbox 1201 1555 1342 1606; x_wconf 80' lang='lat' dir='ltr'><strong>magis</strong></span> <span class='ocrx_word' id='word_1_148' title='bbox 1368 1554 1512 1601; x_wconf 82' lang='lat' dir='ltr'><strong>sentit,</strong></span> <span class='ocrx_word' id='word_1_149' title='bbox 1534 1553 1602 1593; x_wconf 87' lang='lat' dir='ltr'><strong>vel</strong></span> 
     </span>
     <span class='ocr_line' id='line_1_20' title="bbox 136 1628 1604 1687; baseline -0.005 -13"><span class='ocrx_word' id='word_1_150' title='bbox 136 1635 239 1687; x_wconf 90' lang='lat' dir='ltr'><strong>quia</strong></span> <span class='ocrx_word' id='word_1_151' title='bbox 261 1634 411 1673; x_wconf 84' lang='lat' dir='ltr'><strong>sordes</strong></span> <span class='ocrx_word' id='word_1_152' title='bbox 441 1633 801 1672; x_wconf 83' lang='lat' dir='ltr'><strong>vestimentorum</strong></span> <span class='ocrx_word' id='word_1_153' title='bbox 834 1630 944 1669; x_wconf 89' lang='lat' dir='ltr'><strong>alius</strong></span> <span class='ocrx_word' id='word_1_154' title='bbox 975 1629 1060 1669; x_wconf 84' lang='lat' dir='ltr'><strong>alio</strong></span> <span class='ocrx_word' id='word_1_155' title='bbox 1091 1628 1278 1681; x_wconf 85' lang='lat' dir='ltr'><strong>majores</strong></span> <span class='ocrx_word' id='word_1_156' title='bbox 1304 1628 1533 1677; x_wconf 79' lang='lat' dir='ltr'><strong>contrahit,</strong></span> <span class='ocrx_word' id='word_1_157' title='bbox 1556 1634 1604 1668; x_wconf 90' lang='lat' dir='ltr'><strong>ut</strong></span> 
     </span>
     <span class='ocr_line' id='line_1_21' title="bbox 140 1701 1604 1759; baseline -0.005 -12"><span class='ocrx_word' id='word_1_158' title='bbox 140 1707 380 1747; x_wconf 88' lang='lat' dir='ltr'><strong>necessario</strong></span> <span class='ocrx_word' id='word_1_159' title='bbox 410 1705 702 1759; x_wconf 85' lang='lat' dir='ltr'><strong>permutanda</strong></span> <span class='ocrx_word' id='word_1_160' title='bbox 726 1705 824 1744; x_wconf 88' lang='lat' dir='ltr'><strong>sint.</strong></span> <span class='ocrx_word' id='word_1_161' title='bbox 889 1702 1157 1755; x_wconf 75' lang='lat' dir='ltr'><strong>Quanquam</strong></span> <span class='ocrx_word' id='word_1_162' title='bbox 1180 1708 1329 1742; x_wconf 89' lang='lat' dir='ltr'><strong>autem</strong></span> <span class='ocrx_word' id='word_1_163' title='bbox 1361 1716 1440 1755; x_wconf 86' lang='lat' dir='ltr'><strong>pro</strong></span> <span class='ocrx_word' id='word_1_164' title='bbox 1462 1701 1604 1753; x_wconf 87' lang='lat' dir='ltr'><strong>cujus-</strong></span> 
     </span>
     <span class='ocr_line' id='line_1_22' title="bbox 141 1776 1605 1833; baseline -0.004 -13"><span class='ocrx_word' id='word_1_165' title='bbox 141 1794 226 1833; x_wconf 89' lang='lat' dir='ltr'><strong>que</strong></span> <span class='ocrx_word' id='word_1_166' title='bbox 249 1780 508 1820; x_wconf 86' lang='lat' dir='ltr'><strong>necessitate</strong></span> <span class='ocrx_word' id='word_1_167' title='bbox 541 1779 743 1818; x_wconf 88' lang='lat' dir='ltr'><strong>omnibus</strong></span> <span class='ocrx_word' id='word_1_168' title='bbox 766 1777 1082 1818; x_wconf 86' lang='lat' dir='ltr'><strong>consulendum</strong></span> <span class='ocrx_word' id='word_1_169' title='bbox 1107 1782 1183 1824; x_wconf 89' lang='lat' dir='ltr'><strong>est,</strong></span> <span class='ocrx_word' id='word_1_170' title='bbox 1209 1782 1251 1816; x_wconf 93' lang='lat' dir='ltr'><strong>et</strong></span> <span class='ocrx_word' id='word_1_171' title='bbox 1274 1789 1397 1816; x_wconf 90' lang='lat' dir='ltr'><strong>suam</strong></span> <span class='ocrx_word' id='word_1_172' title='bbox 1421 1776 1605 1828; x_wconf 89' lang='lat' dir='ltr'><strong>quisque</strong></span> 
     </span>
     <span class='ocr_line' id='line_1_23' title="bbox 140 1849 1605 1903; baseline -0.005 -9"><span class='ocrx_word' id='word_1_173' title='bbox 140 1854 331 1894; x_wconf 91' lang='lat' dir='ltr'><strong>indicare</strong></span> <span class='ocrx_word' id='word_1_174' title='bbox 383 1853 688 1892; x_wconf 86' lang='lat' dir='ltr'><strong>necessitatem</strong></span> <span class='ocrx_word' id='word_1_175' title='bbox 740 1851 901 1899; x_wconf 90' lang='lat' dir='ltr'><strong>debet;</strong></span> <span class='ocrx_word' id='word_1_176' title='bbox 964 1864 1081 1903; x_wconf 64' lang='lat' dir='ltr'><strong>saepe</strong></span> <span class='ocrx_word' id='word_1_177' title='bbox 1132 1856 1282 1889; x_wconf 89' lang='lat' dir='ltr'><strong>tamen</strong></span> <span class='ocrx_word' id='word_1_178' title='bbox 1334 1849 1605 1889; x_wconf 84' lang='lat' dir='ltr'><strong>necessitatis</strong></span> 
     </span>
     <span class='ocr_line' id='line_1_24' title="bbox 143 1922 1606 1979; baseline -0.005 -11"><span class='ocrx_word' id='word_1_179' title='bbox 143 1929 320 1968; x_wconf 82' lang='lat' dir='ltr'><strong>nomine</strong></span> <span class='ocrx_word' id='word_1_180' title='bbox 353 1926 588 1979; x_wconf 87' lang='lat' dir='ltr'><strong>prudentia</strong></span> <span class='ocrx_word' id='word_1_181' title='bbox 620 1926 772 1973; x_wconf 90' lang='lat' dir='ltr'><strong>carnis,</strong></span> <span class='ocrx_word' id='word_1_182' title='bbox 797 1930 841 1964; x_wconf 86' lang='lat' dir='ltr'><strong>et</strong></span> <span class='ocrx_word' id='word_1_183' title='bbox 869 1924 934 1964; x_wconf 93' lang='lat' dir='ltr'><strong>sui</strong></span> <span class='ocrx_word' id='word_1_184' title='bbox 964 1924 1156 1976; x_wconf 86' lang='lat' dir='ltr'><strong>corporis</strong></span> <span class='ocrx_word' id='word_1_185' title='bbox 1190 1922 1463 1975; x_wconf 80' lang='lat' dir='ltr'><strong>indulgentia</strong></span> <span class='ocrx_word' id='word_1_186' title='bbox 1496 1936 1606 1975; x_wconf 78' lang='lat' dir='ltr'><strong>prae-</strong></span> 
     </span>
     <span class='ocr_line' id='line_1_25' title="bbox 141 1997 1605 2052; baseline -0.005 -10"><span class='ocrx_word' id='word_1_187' title='bbox 141 2003 319 2050; x_wconf 79' lang='lat' dir='ltr'><strong>texitur,</strong></span> <span class='ocrx_word' id='word_1_188' title='bbox 350 2000 537 2052; x_wconf 91' lang='lat' dir='ltr'><strong>ideoque</strong></span> <span class='ocrx_word' id='word_1_189' title='bbox 566 2000 622 2039; x_wconf 95' lang='lat' dir='ltr'><strong>de</strong></span> <span class='ocrx_word' id='word_1_190' title='bbox 652 1999 785 2039; x_wconf 83' lang='lat' dir='ltr'><strong>vestis</strong></span> <span class='ocrx_word' id='word_1_191' title='bbox 815 2005 909 2039; x_wconf 89' lang='lat' dir='ltr'><strong>tum</strong></span> <span class='ocrx_word' id='word_1_192' title='bbox 940 1998 1233 2045; x_wconf 90' lang='lat' dir='ltr'><strong>multitudine,</strong></span> <span class='ocrx_word' id='word_1_193' title='bbox 1267 2003 1361 2036; x_wconf 89' lang='lat' dir='ltr'><strong>tum</strong></span> <span class='ocrx_word' id='word_1_194' title='bbox 1394 1997 1605 2036; x_wconf 87' lang='lat' dir='ltr'><strong>varietate</strong></span> 
     </span>
     <span class='ocr_line' id='line_1_26' title="bbox 141 2070 1607 2126; baseline -0.005 -10"><span class='ocrx_word' id='word_1_195' title='bbox 141 2075 391 2117; x_wconf 89' lang='lat' dir='ltr'><strong>sollicitudo</strong></span> <span class='ocrx_word' id='word_1_196' title='bbox 444 2074 689 2126; x_wconf 84' lang='lat' dir='ltr'><strong>suscipitur,</strong></span> <span class='ocrx_word' id='word_1_197' title='bbox 733 2073 851 2125; x_wconf 93' lang='lat' dir='ltr'><strong>quod</strong></span> <span class='ocrx_word' id='word_1_198' title='bbox 894 2087 920 2112; x_wconf 89' lang='lat' dir='ltr'><strong>a</strong></span> <span class='ocrx_word' id='word_1_199' title='bbox 963 2072 1138 2113; x_wconf 83' lang='lat' dir='ltr'><strong>Sanctis</strong></span> <span class='ocrx_word' id='word_1_200' title='bbox 1181 2071 1335 2110; x_wconf 90' lang='lat' dir='ltr'><strong>merito</strong></span> <span class='ocrx_word' id='word_1_201' title='bbox 1378 2070 1607 2123; x_wconf 86' lang='lat' dir='ltr'><strong>reprehen-</strong></span> 
     </span>
     <span class='ocr_line' id='line_1_27' title="bbox 141 2144 1606 2197; baseline -0.005 -7"><span class='ocrx_word' id='word_1_202' title='bbox 141 2150 267 2190; x_wconf 91' lang='lat' dir='ltr'><strong>ditur.</strong></span> <span class='ocrx_word' id='word_1_203' title='bbox 361 2147 583 2188; x_wconf 84' lang='lat' dir='ltr'><strong>Basilius:</strong></span> <span class='ocrx_word' id='word_1_204' title='bbox 635 2147 750 2187; x_wconf 89' lang='lat' dir='ltr'><strong>“De</strong></span> <span class='ocrx_word' id='word_1_205' title='bbox 807 2145 1025 2195; x_wconf 87' lang='lat' dir='ltr'><strong>numero,&#39;&#39;</strong></span> <span class='ocrx_word' id='word_1_206' title='bbox 1079 2145 1231 2197; x_wconf 87' lang='lat' dir='ltr'><strong>inquit,</strong></span> <span class='ocrx_word' id='word_1_207' title='bbox 1286 2148 1306 2165; x_wconf 92' lang='lat'><em>“</em></span> <span class='ocrx_word' id='word_1_208' title='bbox 1328 2144 1606 2183; x_wconf 88' lang='lat' dir='ltr'><strong>indumento-</strong></span> 
     </span>
     <span class='ocr_line' id='line_1_28' title="bbox 143 2217 1607 2275; baseline -0.005 -12"><span class='ocrx_word' id='word_1_209' title='bbox 143 2237 237 2264; x_wconf 89' lang='lat' dir='ltr'><strong>rum</strong></span> <span class='ocrx_word' id='word_1_210' title='bbox 279 2222 385 2262; x_wconf 91' lang='lat' dir='ltr'><strong>nihil</strong></span> <span class='ocrx_word' id='word_1_211' title='bbox 428 2235 664 2275; x_wconf 88' lang='lat' dir='ltr'><strong>possumus</strong></span> <span class='ocrx_word' id='word_1_212' title='bbox 716 2221 871 2270; x_wconf 88' lang='lat' dir='ltr'><strong>dicere,</strong></span> <span class='ocrx_word' id='word_1_213' title='bbox 914 2233 1014 2260; x_wconf 89' lang='lat' dir='ltr'><strong>cum</strong></span> <span class='ocrx_word' id='word_1_214' title='bbox 1067 2218 1300 2259; x_wconf 80' lang='lat' dir='ltr'><strong>manifesta</strong></span> <span class='ocrx_word' id='word_1_215' title='bbox 1352 2217 1607 2258; x_wconf 86' lang='lat' dir='ltr'><strong>definitione</strong></span> 
     </span>
     <span class='ocr_line' id='line_1_29' title="bbox 141 2292 1608 2351; baseline -0.005 -14"><span class='ocrx_word' id='word_1_216' title='bbox 141 2297 431 2351; x_wconf 88' lang='lat' dir='ltr'><strong>perscriptum</strong></span> <span class='ocrx_word' id='word_1_217' title='bbox 455 2296 520 2344; x_wconf 90' lang='lat' dir='ltr'><strong>sit,</strong></span> <span class='ocrx_word' id='word_1_218' title='bbox 541 2296 583 2335; x_wconf 90' lang='lat' dir='ltr'><strong>in</strong></span> <span class='ocrx_word' id='word_1_219' title='bbox 608 2309 695 2347; x_wconf 92' lang='lat' dir='ltr'><strong>quo</strong></span> <span class='ocrx_word' id='word_1_220' title='bbox 713 2295 889 2335; x_wconf 87' lang='lat' dir='ltr'><strong>dicitur:</strong></span> <span class='ocrx_word' id='word_1_221' title='bbox 916 2298 924 2314; x_wconf 79' lang='lat'><em>¹</em></span> <span class='ocrx_word' id='word_1_222' title='bbox 940 2293 1026 2346; x_wconf 75' lang='lat' dir='ltr'><strong>Qui</strong></span> <span class='ocrx_word' id='word_1_223' title='bbox 1044 2293 1179 2333; x_wconf 86' lang='lat' dir='ltr'><strong>habet</strong></span> <span class='ocrx_word' id='word_1_224' title='bbox 1200 2293 1310 2332; x_wconf 90' lang='lat' dir='ltr'><strong>duas</strong></span> <span class='ocrx_word' id='word_1_225' title='bbox 1332 2292 1512 2340; x_wconf 86' lang='lat' dir='ltr'><strong>tunicas,</strong></span> <span class='ocrx_word' id='word_1_226' title='bbox 1533 2292 1608 2331; x_wconf 92' lang='lat' dir='ltr'><strong>det</strong></span> 
     </span>
     <span class='ocr_line' id='line_1_30' title="bbox 141 2365 1607 2421; baseline -0.005 -10"><span class='ocrx_word' id='word_1_227' title='bbox 141 2384 229 2412; x_wconf 88' lang='lat' dir='ltr'><strong>non</strong></span> <span class='ocrx_word' id='word_1_228' title='bbox 257 2368 517 2420; x_wconf 82' lang='lat' dir='ltr'><strong>habenti;’4</strong></span> <span class='ocrx_word' id='word_1_229' title='bbox 548 2383 606 2409; x_wconf 81' lang='lat' dir='ltr'><strong>ex</strong></span> <span class='ocrx_word' id='word_1_230' title='bbox 638 2382 726 2421; x_wconf 94' lang='lat' dir='ltr'><strong>quo</strong></span> <span class='ocrx_word' id='word_1_231' title='bbox 756 2369 849 2408; x_wconf 91' lang='lat' dir='ltr'><strong>sine</strong></span> <span class='ocrx_word' id='word_1_232' title='bbox 881 2367 1016 2408; x_wconf 90' lang='lat' dir='ltr'><strong>dubio</strong></span> <span class='ocrx_word' id='word_1_233' title='bbox 1045 2367 1189 2420; x_wconf 84' lang='lat' dir='ltr'><strong>plures</strong></span> <span class='ocrx_word' id='word_1_234' title='bbox 1218 2366 1379 2406; x_wconf 88' lang='lat' dir='ltr'><strong>habere</strong></span> <span class='ocrx_word' id='word_1_235' title='bbox 1409 2365 1607 2406; x_wconf 87' lang='lat' dir='ltr'><strong>illicitum</strong></span> 
     </span>
     <span class='ocr_line' id='line_1_31' title="bbox 142 2438 1608 2496; baseline -0.005 -11"><span class='ocrx_word' id='word_1_236' title='bbox 142 2450 219 2485; x_wconf 93' lang='lat' dir='ltr'><strong>est.</strong></span> <span class='ocrx_word' id='word_1_237' title='bbox 281 2443 454 2496; x_wconf 77' lang='lat' dir='ltr'><strong>Quibus</strong></span> <span class='ocrx_word' id='word_1_238' title='bbox 485 2457 588 2496; x_wconf 81' lang='lat' dir='ltr'><strong>ergo</strong></span> <span class='ocrx_word' id='word_1_239' title='bbox 618 2442 781 2483; x_wconf 89' lang='lat' dir='ltr'><strong>habere</strong></span> <span class='ocrx_word' id='word_1_240' title='bbox 813 2442 924 2482; x_wconf 90' lang='lat' dir='ltr'><strong>duas</strong></span> <span class='ocrx_word' id='word_1_241' title='bbox 947 2442 1116 2482; x_wconf 89' lang='lat' dir='ltr'><strong>tunicas</strong></span> <span class='ocrx_word' id='word_1_242' title='bbox 1150 2454 1237 2480; x_wconf 89' lang='lat' dir='ltr'><strong>non</strong></span> <span class='ocrx_word' id='word_1_243' title='bbox 1270 2440 1382 2489; x_wconf 88' lang='lat' dir='ltr'><strong>licet,</strong></span> <span class='ocrx_word' id='word_1_244' title='bbox 1405 2438 1471 2479; x_wconf 91' lang='lat' dir='ltr'><strong>his</strong></span> <span class='ocrx_word' id='word_1_245' title='bbox 1501 2453 1608 2491; x_wconf 89' lang='lat' dir='ltr'><strong>quo-</strong></span> 
     </span>
     <span class='ocr_line' id='line_1_32' title="bbox 141 2512 1607 2570; baseline -0.004 -12"><span class='ocrx_word' id='word_1_246' title='bbox 141 2518 276 2559; x_wconf 90' lang='lat' dir='ltr'><strong>modo</strong></span> <span class='ocrx_word' id='word_1_247' title='bbox 296 2518 461 2570; x_wconf 89' lang='lat' dir='ltr'><strong>aliquid</strong></span> <span class='ocrx_word' id='word_1_248' title='bbox 480 2518 536 2558; x_wconf 92' lang='lat' dir='ltr'><strong>de</strong></span> <span class='ocrx_word' id='word_1_249' title='bbox 553 2517 806 2558; x_wconf 87' lang='lat' dir='ltr'><strong>diversitate</strong></span> <span class='ocrx_word' id='word_1_250' title='bbox 824 2516 1182 2556; x_wconf 83' lang='lat' dir='ltr'><strong>indumentorum</strong></span> <span class='ocrx_word' id='word_1_251' title='bbox 1206 2514 1383 2567; x_wconf 65' lang='lat' dir='ltr'><strong>praecipi</strong></span> <span class='ocrx_word' id='word_1_252' title='bbox 1406 2512 1607 2567; x_wconf 77' lang='lat' dir='ltr'><strong>potest.&#39;‘5</strong></span> 
     </span>
     <span class='ocr_line' id='line_1_33' title="bbox 142 2587 1604 2643; baseline -0.004 -11"><span class='ocrx_word' id='word_1_253' title='bbox 142 2592 204 2632; x_wconf 86' lang='lat' dir='ltr'><strong>Et</strong></span> <span class='ocrx_word' id='word_1_254' title='bbox 225 2591 472 2632; x_wconf 88' lang='lat' dir='ltr'><strong>Bernardus</strong></span> <span class='ocrx_word' id='word_1_255' title='bbox 501 2591 544 2630; x_wconf 92' lang='lat' dir='ltr'><strong>in</strong></span> <span class='ocrx_word' id='word_1_256' title='bbox 567 2591 806 2643; x_wconf 87' lang='lat' dir='ltr'><strong>Epistolis:</strong></span> <span class='ocrx_word' id='word_1_257' title='bbox 839 2592 860 2609; x_wconf 91' lang='lat'><em>“</em></span> <span class='ocrx_word' id='word_1_258' title='bbox 880 2589 1087 2630; x_wconf 89' lang='lat' dir='ltr'><strong>Clamant</strong></span> <span class='ocrx_word' id='word_1_259' title='bbox 1114 2589 1230 2637; x_wconf 89' lang='lat' dir='ltr'><strong>nudi,</strong></span> <span class='ocrx_word' id='word_1_260' title='bbox 1255 2587 1448 2628; x_wconf 89' lang='lat' dir='ltr'><strong>clamant</strong></span> <span class='ocrx_word' id='word_1_261' title='bbox 1470 2587 1604 2626; x_wconf 87' lang='lat' dir='ltr'><strong>same-</strong></span> 
     </span>
     <span class='ocr_line' id='line_1_34' title="bbox 143 2660 1606 2718; baseline -0.005 -12"><span class='ocrx_word' id='word_1_262' title='bbox 143 2666 227 2716; x_wconf 88' lang='lat' dir='ltr'><strong>lici,</strong></span> <span class='ocrx_word' id='word_1_263' title='bbox 264 2670 537 2718; x_wconf 88' lang='lat' dir='ltr'><strong>conquerunt</strong></span> <span class='ocrx_word' id='word_1_264' title='bbox 573 2669 618 2704; x_wconf 93' lang='lat' dir='ltr'><strong>et</strong></span> <span class='ocrx_word' id='word_1_265' title='bbox 651 2664 836 2704; x_wconf 91' lang='lat' dir='ltr'><strong>dicunt:</strong></span> <span class='ocrx_word' id='word_1_266' title='bbox 882 2664 1023 2703; x_wconf 90' lang='lat' dir='ltr'><strong>Nobis</strong></span> <span class='ocrx_word' id='word_1_267' title='bbox 1061 2663 1177 2703; x_wconf 89' lang='lat' dir='ltr'><strong>fame</strong></span> <span class='ocrx_word' id='word_1_268' title='bbox 1210 2668 1253 2701; x_wconf 94' lang='lat' dir='ltr'><strong>et</strong></span> <span class='ocrx_word' id='word_1_269' title='bbox 1290 2661 1448 2714; x_wconf 79' lang='lat' dir='ltr'><strong>frigore</strong></span> <span class='ocrx_word' id='word_1_270' title='bbox 1485 2660 1606 2699; x_wconf 89' lang='lat' dir='ltr'><strong>labo-</strong></span> 
     </span>
     <span class='ocr_line' id='line_1_35' title="bbox 143 2733 1606 2791; baseline -0.005 -11"><span class='ocrx_word' id='word_1_271' title='bbox 143 2739 340 2781; x_wconf 90' lang='lat' dir='ltr'><strong>rantibus</strong></span> <span class='ocrx_word' id='word_1_272' title='bbox 382 2739 487 2791; x_wconf 91' lang='lat' dir='ltr'><strong>quid</strong></span> <span class='ocrx_word' id='word_1_273' title='bbox 539 2737 769 2778; x_wconf 85' lang='lat' dir='ltr'><strong>conferunt</strong></span> <span class='ocrx_word' id='word_1_274' title='bbox 819 2743 886 2778; x_wconf 90' lang='lat' dir='ltr'><strong>tot</strong></span> <span class='ocrx_word' id='word_1_275' title='bbox 937 2737 1174 2777; x_wconf 87' lang='lat' dir='ltr'><strong>mutatoria</strong></span> <span class='ocrx_word' id='word_1_276' title='bbox 1222 2735 1290 2775; x_wconf 86' lang='lat' dir='ltr'><strong>vel</strong></span> <span class='ocrx_word' id='word_1_277' title='bbox 1338 2740 1512 2774; x_wconf 81' lang='lat' dir='ltr'><strong>extersa</strong></span> <span class='ocrx_word' id='word_1_278' title='bbox 1563 2733 1606 2773; x_wconf 91' lang='lat' dir='ltr'><strong>in</strong></span> 
     </span>
    </p>
   </div>
   <div class='ocr_carea' id='block_1_3' title="bbox 231 2839 1510 2936">
    <p class='ocr_par' dir='ltr' id='par_1_4' title="bbox 231 2839 1510 2936">
     <span class='ocr_line' id='line_1_36' title="bbox 231 2839 1510 2885; baseline -0.005 -8"><span class='ocrx_word' id='word_1_279' title='bbox 231 2844 243 2864; x_wconf 84' lang='lat'>¹</span> <span class='ocrx_word' id='word_1_280' title='bbox 268 2846 322 2878; x_wconf 90' lang='lat' dir='ltr'><strong>De</strong></span> <span class='ocrx_word' id='word_1_281' title='bbox 345 2845 446 2877; x_wconf 87' lang='lat' dir='ltr'><strong>Infor.</strong></span> <span class='ocrx_word' id='word_1_282' title='bbox 463 2844 578 2876; x_wconf 89' lang='lat' dir='ltr'><strong>Novit.</strong></span> <span class='ocrx_word' id='word_1_283' title='bbox 599 2855 631 2885; x_wconf 90' lang='lat' dir='ltr'><strong>p.</strong></span> <span class='ocrx_word' id='word_1_284' title='bbox 653 2853 677 2875; x_wconf 89' lang='lat'><strong>1.</strong></span> <span class='ocrx_word' id='word_1_285' title='bbox 700 2854 726 2875; x_wconf 93' lang='lat' dir='ltr'><strong>c.</strong></span> <span class='ocrx_word' id='word_1_286' title='bbox 748 2843 777 2876; x_wconf 87' lang='grc'><strong>8.</strong></span> <span class='ocrx_word' id='word_1_287' title='bbox 914 2842 927 2861; x_wconf 74' lang='lat'><strong>²</strong></span> <span class='ocrx_word' id='word_1_288' title='bbox 952 2843 992 2873; x_wconf 86' lang='lat' dir='ltr'><strong>In</strong></span> <span class='ocrx_word' id='word_1_289' title='bbox 1017 2843 1192 2882; x_wconf 69' lang='lat' dir='ltr'><strong>Paedagog.</strong></span> <span class='ocrx_word' id='word_1_290' title='bbox 1330 2839 1343 2859; x_wconf 76' lang='lat'><strong>³</strong></span> <span class='ocrx_word' id='word_1_291' title='bbox 1368 2841 1438 2872; x_wconf 88' lang='lat' dir='ltr'><strong>Ser.</strong></span> <span class='ocrx_word' id='word_1_292' title='bbox 1459 2839 1510 2880; x_wconf 88' lang='lat'><strong>65.</strong></span> 
     </span>
     <span class='ocr_line' id='line_1_37' title="bbox 501 2893 1243 2936; baseline -0.007 -9"><span class='ocrx_word' id='word_1_293' title='bbox 501 2895 515 2914; x_wconf 78' lang='lat'><strong>⁴</strong></span> <span class='ocrx_word' id='word_1_294' title='bbox 538 2896 618 2927; x_wconf 86' lang='lat' dir='ltr'><strong>Luc.</strong></span> <span class='ocrx_word' id='word_1_295' title='bbox 640 2903 669 2936; x_wconf 84' lang='lat'><strong>3.</strong></span> <span class='ocrx_word' id='word_1_296' title='bbox 806 2893 819 2913; x_wconf 86' lang='lat'>⁵</span> <span class='ocrx_word' id='word_1_297' title='bbox 843 2895 896 2925; x_wconf 92' lang='lat' dir='ltr'><strong>De</strong></span> <span class='ocrx_word' id='word_1_298' title='bbox 925 2895 1005 2925; x_wconf 85' lang='lat' dir='ltr'><strong>Inst.</strong></span> <span class='ocrx_word' id='word_1_299' title='bbox 1028 2894 1122 2924; x_wconf 88' lang='lat' dir='ltr'><strong>Mon.</strong></span> <span class='ocrx_word' id='word_1_300' title='bbox 1144 2904 1170 2923; x_wconf 90' lang='lat' dir='ltr'><strong>c.</strong></span> <span class='ocrx_word' id='word_1_301' title='bbox 1196 2900 1243 2923; x_wconf 90' lang='lat'><strong>12.</strong></span> 
     </span>
    </p>
   </div>
  </div>
 </body>
</html>
