1903 3197
546 139 625 184 De
658 143 785 185 recta
820 140 1088 186 intentione.
1459 155 1550 198 229

88 270 234 320 finem,
258 284 339 312 nec
372 270 460 310 ulla
493 271 630 312 oritur
660 269 932 323 perturbatio
971 270 1146 318 ordinis,
1178 283 1309 322 quem
1344 271 1387 309 in
1421 270 1549 310 rebus

89 344 208 385 hisce
242 345 390 385 divina
422 343 695 396 providentia
735 343 976 383 constituit.
1048 343 1117 382 Ita
1153 343 1370 395 significat
1406 344 1550 384 Bona-

88 425 291 459 ventura:
343 415 610 464 “Dederat,’'
662 417 813 468 inquit,
854 415 1018 455 “Deus
1070 414 1238 454 homini
1300 430 1454 467 corpus
1506 423 1550 456 et

91 493 291 546 spiritum
333 490 600 538 rationalem,
635 495 678 529 et
709 494 982 529 concesserat
1015 488 1055 528 ei
1087 487 1294 527 delectari
1333 489 1464 528 etiam
1507 490 1550 528 in

91 565 378 613 sensibilibus,
411 563 488 603 sed
525 563 734 611 ordinate,
779 562 1016 610 moderate,
1057 566 1100 601 et
1141 560 1353 609 honeste;
1397 567 1444 601 ut
1476 575 1552 613 per

87 652 293 680 sensuum
316 637 652 678 delectationem
685 649 855 676 sursum
889 640 1136 675 moveretur
1166 634 1222 674 ad
1256 633 1547 686 spiritualium

88 713 412 766 cogitationem,
435 709 783 758 delectationem,
808 715 851 749 et
873 707 1158 749 fruitionem.’'
1195 709 1254 748 Et
1277 720 1404 747 mox:
1430 707 1549 748 “Sed

85 786 298 838 dissipato
339 784 490 824 ordine
541 788 708 823 naturae
756 783 945 823 conditae
982 796 1008 822 a
1049 782 1162 831 Deo,
1194 795 1272 834 per
1314 786 1546 833 peccatum

83 860 232 900 omnia
263 858 396 898 modo
437 870 640 910 perversa
670 862 784 906 sunt,
814 862 858 896 et
889 856 944 896 ad
977 855 1198 896 sensuales
1231 854 1545 894 delectationes

88 930 324 986 dilapsa.'’1

173 1007 247 1046 Ex
289 1019 376 1057 quo
412 1004 596 1045 efficitur
631 1003 758 1044 licere
794 1004 895 1043 viris
936 1003 1062 1043 bonis
1099 1016 1149 1042 ac
1187 1002 1401 1054 religiosis
1445 1001 1545 1041 hinc

83 1080 216 1120 etiam
244 1078 396 1131 juvari,
421 1084 552 1130 atque
584 1077 627 1116 in
660 1076 975 1129 temporalibus
1008 1076 1256 1116 commodis
1279 1075 1346 1115 vel
1379 1075 1546 1115 incom-

86 1154 229 1194 modis
265 1153 519 1206 permoveri,
551 1151 683 1191 modo
720 1151 917 1191 ordinem
956 1163 1099 1190 rerum
1139 1164 1165 1189 a
1198 1150 1296 1189 Deo
1334 1154 1549 1189 statutum

84 1232 274 1274 teneant,
299 1232 342 1266 et
364 1225 420 1265 ad
452 1225 685 1264 honestum
719 1223 853 1263 finem
885 1223 990 1273 haec,
1014 1237 1112 1276 quae
1140 1222 1403 1275 temporalia
1436 1227 1548 1269 sunt,

87 1300 283 1340 referant.
348 1297 654 1337 Planissimum
688 1298 730 1336 id
774 1311 831 1336 ex
870 1296 1014 1337 Sacris
1058 1297 1218 1336 Litoris
1261 1296 1351 1334 fieri
1394 1299 1550 1347 potest.

88 1371 330 1412 Malachias
375 1371 758 1423 appropinquante
805 1375 946 1410 morte
992 1370 1097 1409 dum
1147 1369 1260 1408 filios
1304 1382 1405 1407 suos
1452 1367 1551 1407 hor-

85 1450 214 1494 tatur,
247 1458 324 1496 spe
355 1443 505 1496 gloriae
538 1456 612 1482 eos
650 1443 853 1491 incendit,
888 1442 1011 1494 quasi
1051 1442 1245 1494 quodam
1280 1440 1457 1479 stimulo
1494 1439 1550 1479 ad

85 1517 345 1558 servandam
372 1516 514 1569 legem
542 1517 730 1568 patriam
751 1529 758 1555 :
782 1514 1130 1563 “Mementote,'’
1156 1514 1308 1565 inquit,
1334 1515 1550 1565 “operum

85 1597 260 1644 patrum
282 1596 537 1638 vestrorum,
561 1603 660 1641 quae
694 1589 889 1629 fecerunt
921 1589 964 1628 in
996 1587 1351 1642 generationibus
1384 1586 1482 1635 suis,
1506 1591 1550 1626 et

87 1664 308 1716 accipietis
337 1663 521 1716 gloriam
546 1676 753 1715 magnam
778 1668 821 1702 et
843 1675 1005 1702 nomen
1035 1658 1324 1701 aete1·num:'’2
1347 1659 1550 1712 intelligit

88 1741 236 1775 autem
267 1735 397 1786 hujus
419 1737 521 1775 vitae
553 1735 750 1787 gloriam,
775 1741 823 1775 ut
853 1741 985 1788 patet.

178 1808 237 1848 Et
268 1808 439 1858 Razias,
463 1809 537 1860 qui
569 1815 695 1861 pater
719 1808 975 1860 Judaeorum
1003 1808 1241 1853 dicebatur,
1265 1807 1397 1858 elegit
1428 1807 1550 1847 nobi-

87 1881 186 1922 liter
226 1882 335 1921 mori
381 1882 538 1934 potius,
577 1895 709 1934 quam
753 1881 954 1921 subditus
997 1881 1087 1920 fieri
1130 1880 1463 1933 peccatoribus3
1506 1885 1550 1919 et

89 1961 241 1995 contra
269 1954 437 1994 natales
467 1968 568 1994 suos
601 1955 791 2006 indignis
824 1954 989 2006 injuriis
1021 1952 1123 2006 agi.3
1185 1955 1299 1993 Ecce
1322 1953 1547 2006 quomodo

88 2027 221 2067 etiam
255 2026 485 2079 temporali
521 2027 714 2079 quadam
749 2027 1078 2067 existimatione
1111 2027 1176 2066 vir
1210 2033 1410 2066 strenuus
1444 2025 1549 2065 inci-

86 2105 205 2140 tatur
238 2098 294 2140 ad
328 2099 544 2139 mortem!
617 2100 890 2140 Incitabatur
923 2106 1069 2140 autem
1104 2105 1334 2151 tamquam
1369 2098 1547 2138 stimulo

90 2178 134 2214 et
170 2172 337 2222 calcari,
375 2186 462 2213 non
500 2178 729 2225 tamquam
763 2173 879 2223 fine;
917 2173 1036 2226 quod
1073 2187 1130 2213 ex
1165 2174 1226 2221 iis,
1263 2187 1362 2225 quae
1400 2185 1551 2212 conse-

89 2252 292 2300 quuntur,
328 2252 520 2299 apparet.
598 2246 664 2286 At
697 2260 800 2286 vero
842 2260 930 2286 non
971 2253 1201 2299 tamquam
1245 2246 1433 2294 stimulo,
1469 2245 1547 2286 sed

87 2325 316 2373 tamquam
346 2319 432 2359 fine
454 2320 509 2360 ad
532 2319 754 2372 agendum
777 2320 914 2373 gloria
937 2321 1048 2370 duci,
1072 2321 1115 2360 id
1145 2334 1359 2373 perversae
1389 2320 1548 2360 mentis

88 2399 163 2435 est.
225 2393 326 2446 Quo
347 2393 512 2433 honore
534 2395 690 2433 merito
713 2394 854 2434 notari
876 2399 1060 2447 possunt
1082 2394 1301 2447 Josephus
1325 2392 1547 2433 Zachariae

87 2466 214 2515 filius,
245 2472 289 2506 et
319 2466 503 2506 Azarias
534 2467 750 2520 principes
778 2467 960 2517 virtutis,
987 2468 1061 2520 qui
1094 2482 1192 2508 cum
1225 2467 1450 2507 audissent
1481 2479 1548 2507 res

88 2540 202 2580 bene
231 2546 377 2592 gestas
410 2547 453 2580 et
483 2541 638 2593 proelia
670 2555 768 2593 quae
801 2542 917 2582 facta
949 2548 1070 2582 erant
1100 2556 1125 2582 a
1146 2542 1262 2594 Juda
1289 2547 1332 2581 et
1353 2539 1547 2593 Jonatha

91 2614 134 2653 in
156 2619 271 2654 terra
295 2613 475 2664 Galaad,
498 2615 725 2656 dixerunt:
752 2616 1025 2666 “Faciamus,
1044 2623 1087 2657 et
1109 2617 1202 2670 ipsi,
1226 2616 1352 2656 nobis
1374 2627 1547 2663 nomen,

89 2693 133 2728 et
155 2701 305 2727 eamus
336 2701 531 2740 pugnare
553 2689 760 2729 adversus
791 2696 955 2743 gentes,
979 2704 1077 2743 quae
1109 2691 1153 2730 in
1186 2690 1365 2730 circuitu
1397 2692 1546 2728 nostro

414 2799 424 2818 ¹
452 2802 572 2842 Opusc.
595 2802 637 2833 cle
661 2803 771 2835 Refor.
794 2804 898 2835 Ment.
919 2814 951 2844 p.
976 2812 1002 2834 1.
1023 2814 1049 2834 c.
1068 2811 1118 2834 20.
1140 2808 1176 2834 tr.
1199 2811 1228 2832 2.

492 2850 505 2869 ²
532 2860 558 2883 1.
580 2853 689 2885 Maeh.
711 2862 742 2885 2.
877 2852 890 2873 3
915 2863 944 2885 2.
966 2854 1076 2885 Mach.
1102 2862 1149 2893 14.
