1903 3197
404 157 483 202 De
514 156 685 202 aliem&
718 156 1067 216 procuratione
1102 156 1304 201 Salutis.
1524 168 1583 214 37

111 291 324 342 -impense
356 288 593 328 curandam
629 286 896 328 Constitutio
928 287 1148 334 admonet,
1170 287 1408 326 videndum
1439 286 1584 334 etiam,

110 362 308 415 quinam
363 362 449 401 sint
500 361 539 410 ii,
582 361 654 413 qui
707 373 803 399 eam
856 361 1052 412 impense
1103 366 1264 408 curent,
1308 361 1350 399 in
1402 373 1587 412 eamque

127 436 301 476 naviter
334 434 599 474 incumbant.

221 509 323 548 Duo
366 514 512 548 autem
554 507 609 546 ad
653 506 805 546 alienae
847 505 998 545 salutis
1036 505 1229 545 studium
1274 505 1467 545 excitare
1510 520 1590 546 nos

130 588 323 636 possunt.
388 582 581 621 Primum
624 580 780 620 ardens
822 579 1009 620 charitas
1050 584 1144 618 tum
1182 578 1266 618 Dei
1304 585 1398 618 tum
1440 580 1590 630 proxi-

130 669 312 704 morum,
337 655 438 708 quia
462 661 509 695 ut
537 655 598 694 ait
631 654 951 701 Bonaventura,
976 651 1239 704 “Quantum
1263 651 1407 704 diligis
1430 652 1589 699 Deum,

129 735 173 769 et
196 742 293 781 quae
324 728 409 768 Dei
439 733 540 767 sunt
567 728 717 780 purius
747 726 978 774 desideras,
1002 732 1174 765 tantum
1202 725 1324 764 doles
1346 725 1402 764 de
1423 725 1592 765 offensa

131 802 227 852 Dei,
261 802 334 842 ubi
369 802 491 841 vides
521 815 621 841 eum
655 814 742 840 non
779 799 968 853 agnosci,
1003 805 1046 839 et
1078 799 1177 839 ideo
1209 798 1484 848 inhonorari;
1518 799 1590 838 ubi

131 876 253 916 vides
291 889 391 915 eum
429 889 517 915 non
555 875 703 923 amari,
740 880 782 914 et
816 874 854 913 ei
889 886 976 913 non
1008 872 1187 920 obediri,
1219 879 1262 912 et
1294 871 1386 924 ejus
1425 871 1589 911 cultum

130 949 304 998 destrui,
328 954 372 988 et
393 948 664 988 adversarios
687 946 965 999 multiplicari
988 952 1031 986 et
1054 945 1283 986 laetificari:
1313 952 1357 986 et
1378 951 1592 998 quantum

131 1021 275 1074 diligis
316 1022 503 1062 salutem
544 1021 747 1074 proximi,
791 1026 963 1060 tantum
1005 1019 1210 1072 affligeris
1252 1019 1306 1059 de
1348 1019 1594 1072 perditione

134 1096 239 1147 ejus,
267 1102 311 1136 et
343 1100 608 1136 nocumento
640 1094 860 1147 profectus
890 1091 1041 1144 ejus.”1
1124 1093 1248 1133 Facit
1277 1092 1361 1132 hoc
1393 1092 1592 1140 charitas,

133 1183 232 1221 quae
255 1170 317 1209 sic
338 1169 441 1209 olim
467 1168 650 1208 Paulum
675 1167 910 1215 excitabat,
929 1166 983 1206 de
1001 1180 1089 1219 quo
1112 1166 1155 1205 in
1178 1166 1306 1206 Actis
1324 1166 1596 1219 Apostolicis

133 1243 194 1282 ita
234 1242 445 1295 legimus:
497 1240 807 1280 “Incitabatur
858 1240 1033 1292 spiritus
1075 1239 1169 1292 ejus
1220 1240 1263 1279 in
1306 1241 1401 1292 ipso
1442 1240 1597 1279 videns

134 1315 348 1355 idolatriae
371 1314 567 1354 deditam
597 1310 880 1353 civitatem.''2
940 1313 999 1352 Et
1023 1312 1140 1352 idem
1163 1312 1219 1351 de
1244 1325 1290 1351 se
1320 1312 1426 1364 ipso,
1451 1316 1472 1331 “
1488 1311 1599 1363 Quis

135 1387 380 1428 infirmatur
411 1393 454 1427 et
483 1400 566 1440 ego
598 1400 685 1426 non
719 1385 942 1425 infirmor?
975 1386 1072 1437 quis
1103 1384 1424 1425 scandalizatur
1450 1390 1494 1424 et
1516 1397 1598 1436 ego

137 1474 227 1502 non
265 1461 429 1501 uror?''
508 1461 567 1500 Et
609 1466 756 1500 noster
798 1459 926 1499 Pater
964 1458 1163 1510 Ignatius
1195 1458 1350 1498 eadem
1387 1458 1600 1497 charitate

137 1548 370 1575 succensus
400 1535 443 1574 in
473 1540 680 1587 stagnum
708 1532 1027 1585 gelidissimum
1050 1545 1096 1571 se
1118 1531 1277 1583 injecit,
1300 1538 1348 1572 ut
1380 1532 1599 1584 impurum

123 1607 362 1649 „hominem
391 1622 418 1649 a
443 1608 671 1661 flagitiosis
701 1607 789 1646 suis
821 1605 1043 1646 amoribus
1075 1611 1324 1645 revocaret:
1357 1605 1602 1656 eademque

141 1682 329 1722 charitas
375 1681 640 1735 impellebat,
683 1687 731 1720 ut
772 1682 816 1720 in
857 1679 1114 1720 reducendis
1155 1680 1211 1719 ad
1254 1678 1422 1732 frugem
1466 1692 1603 1718 mere-

145 1755 334 1804 tricibus,
377 1755 548 1795 etiamsi
584 1756 640 1795 ad
683 1755 907 1807 ingenium
949 1767 1057 1793 mox
1099 1753 1301 1793 rediturae
1343 1753 1604 1801 viderentur,

142 1841 319 1868 omnem
361 1842 540 1881 operam
582 1828 825 1876 collocaret,
868 1827 1001 1867 modo
1041 1827 1098 1866 ad
1139 1827 1293 1866 horam
1335 1826 1439 1878 ejus,
1481 1825 1604 1877 cujus

143 1900 354 1942 charitate
375 1902 617 1951 tenebatur,
640 1901 889 1954 prohiberet
910 1900 1134 1939 offensam.
1199 1900 1432 1939 Interitum
1455 1904 1603 1938 autem

123 1975 400 2024 animarum,
429 1988 527 2026 quae
562 1976 618 2015 ad
652 1974 888 2027 imaginem
921 1979 965 2013 et
996 1972 1327 2012 similitudinem
1360 1971 1445 2012 Dei
1477 1971 1603 2012 factae

145 2054 258 2098 sunt,
280 2062 467 2101 quaeque
488 2048 580 2100 ejus
602 2054 704 2088 sunt
727 2047 1010 2087 beatitudinis
1030 2046 1270 2099 gloriaeque
1291 2058 1486 2098 capaceS,
1509 2045 1605 2097 quis

124 2135 272 2174 .aequo
303 2124 451 2162 animo
483 2122 615 2162 ferat!
648 2135 747 2162 cum
782 2121 1032 2173 unigenitus
1067 2120 1151 2160 Dei
1185 2119 1332 2170 Filius,
1366 2125 1414 2160 ut
1445 2133 1518 2160 eas
1550 2120 1606 2160 ab

147 2196 322 2236 interitu
346 2202 577 2246 revocaret,
592 2203 786 2237 nostram
809 2195 1124 2235 mortalitatem
1147 2194 1325 2235 indutus
1347 2194 1606 2247 sanguinem

146 2269 369 2322 vitamque
405 2271 678 2324 profuderit?
741 2270 832 2309 “In
865 2269 949 2309 hoc
985 2270 1101 2309 enim
1139 2266 1377 2321 apparuit,’'
1414 2268 1608 2320 Joannes

135 2343 305 2395 ¹inquit,
331 2343 554 2384 “charitas
578 2345 662 2384 Dei
694 2344 738 2383 in
769 2343 906 2393 nobis,
930 2343 1138 2395 quoniam
1170 2341 1328 2381 Filium
1355 2354 1482 2380 suum
1515 2341 1609 2380 uni-

153 2417 351 2469 genitum
375 2419 493 2458 misit
524 2419 568 2458 in
599 2418 825 2467 mundum,
849 2423 897 2458 ut
917 2417 1115 2457 vivamus
1146 2429 1224 2468 per
1255 2412 1415 2455 eum.”3
1476 2413 1608 2466 Quod

127 2497 296 2531 ⁴autem
342 2505 421 2544 pro
464 2492 667 2532 omnibus
718 2490 853 2531 semel
894 2491 1007 2540 fecit,
1056 2490 1173 2530 idem
1225 2489 1353 2529 unius
1403 2487 1608 2528 animulae

128 2576 281 2604 rcausa
313 2566 514 2617 quotidie
545 2565 696 2614 facere,
720 2566 754 2604 si
786 2577 962 2605 necesse
993 2564 1059 2613 sit,
1091 2577 1171 2617 pro
1203 2576 1282 2602 sua
1312 2561 1478 2602 eximia
1510 2561 1610 2601 cha-

152 2637 281 2677 ritate
311 2652 398 2678 non
421 2639 594 2679 dubitet
614 2653 622 2679 :
654 2644 702 2679 ut
726 2638 871 2691 Carpo
895 2638 1116 2691 Episcopo
1138 2650 1216 2690 per
1235 2637 1377 2676 visum
1404 2635 1608 2682 ostendit,

137 2723 257 2750 -cum
298 2711 469 2752 duobus
509 2712 764 2753 facinorosis
805 2712 1068 2761 hominibus,
1111 2710 1269 2763 quibus
1313 2709 1385 2749 ille
1426 2708 1611 2748 exitium

135 2783 297 2825 .fuerat
346 2785 610 2838 imprecatus
662 2786 896 2838 ignemque
937 2785 993 2825 de
1038 2784 1161 2833 coelo,
1205 2784 1435 2824 dexteram
1487 2793 1611 2820 suam

329 2870 343 2891 ¹
366 2874 418 2906 De
433 2884 488 2906 sex
504 2875 564 2906 alis
579 2875 685 2916 prae1.,
705 2886 732 2907 c.
747 2883 777 2916 3.
913 2873 927 2893 ²
949 2875 988 2907 C.
1012 2880 1059 2914 17.
1195 2872 1209 2891 ³
1233 2873 1296 2913 Ep.
1316 2872 1336 2903 i.
1358 2882 1383 2903 c.
1403 2880 1434 2910 4.
