1903 3197
308 192 403 250 498
631 189 712 235 De
743 189 934 235 rarione
966 189 1160 236 vivendi
1191 190 1449 237 Socielatz‘s.

309 321 583 363 clandestino
624 320 828 361 videlicet
869 320 1016 374 aliquo
1057 323 1295 375 pharmaco
1339 337 1388 363 ac
1430 323 1635 363 remedio.
1713 323 1773 363 Et

309 401 461 436 contra
491 394 575 435 hoc
606 395 756 447 regula
784 401 904 435 vetat
933 395 1196 437 medicinam
1226 396 1420 449 aliquam
1450 396 1648 436 adhiberi
1682 397 1775 437 sine

311 468 556 522 Superioris
598 482 811 509 consensu
852 475 986 522 atque
1026 471 1354 523 approbatione.
1440 469 1552 523 Quae
1590 470 1768 522 quidem

309 543 446 584 altera
477 548 543 584 est
576 542 761 596 Regulae
793 557 893 596 pars
920 543 1014 595 jam
1047 557 1104 584 ex
1137 544 1289 584 ordine
1321 543 1599 597 explicanda.

396 755 423 810 ξ
455 765 619 797 2.—DE
652 765 899 798 MEDICINA
933 765 1039 796 NON
1062 765 1364 796 ACCIPIENDA
1387 764 1678 797 SUPERIORIS

933 830 1146 871 INJUSSU.

392 903 549 944 Altera
583 904 715 955 igitur
747 915 847 956 pars
884 902 1068 956 Regulae
1102 909 1223 944 vetat
1256 917 1525 957 quemquam
1563 903 1770 944 adhibere

308 977 572 1018 medicinam
631 976 767 1016 ullam
823 977 915 1016 sine
969 976 1214 1029 Superioris
1265 978 1587 1030 approbatione
1638 984 1771 1030 atque

308 1063 552 1091 consensu:
605 1049 738 1102 idque
780 1050 877 1103 jure
924 1063 1030 1091 sane
1075 1051 1213 1091 tribus
1255 1051 1311 1091 de
1351 1051 1505 1091 causis.
1574 1057 1626 1091 10.
1662 1051 1777 1103 Quia

306 1124 506 1165 subditus
544 1137 631 1163 non
669 1129 735 1164 cst
771 1137 874 1164 suus
911 1137 991 1165 nec
1027 1125 1093 1165 sui
1121 1125 1259 1177 juris;
1305 1125 1493 1178 ideoque
1531 1124 1696 1164 nullam
1735 1125 1777 1164 in

306 1212 433 1238 suum
464 1211 621 1250 corpus
653 1204 920 1251 potestatem
952 1197 1099 1247 habet,
1123 1212 1203 1239 nec
1232 1199 1326 1251 ejus
1355 1199 1524 1239 curatio
1548 1199 1603 1238 ad
1633 1199 1776 1251 ipsum

306 1272 508 1325 pertinet,
546 1272 624 1312 sed
669 1272 725 1312 ad
768 1285 880 1321 eum,
919 1272 986 1312 cui
1039 1279 1219 1326 propter
1260 1273 1407 1313 Deum
1451 1278 1588 1325 paret,
1626 1278 1670 1312 et
1710 1273 1777 1311 cui

308 1346 373 1386 sui
412 1345 592 1398 regendi
634 1351 902 1398 potestatem
941 1345 1071 1396 fecit3
1118 1347 1362 1399 praesertim
1400 1347 1443 1386 in
1486 1360 1538 1386 ea
1574 1360 1630 1396 re,
1663 1346 1780 1386 unde

307 1419 542 1472 periclitari
565 1419 773 1460 valetudo
805 1419 898 1471 ejus
930 1425 1089 1473 potest,
1113 1426 1162 1460 ut
1194 1434 1301 1460 mox
1335 1420 1542 1461 dicemus.
1610 1420 1779 1460 Idcirco

313 1492 664 1534 Constitutiones
702 1506 801 1533 cum
839 1492 998 1545 jubent
1034 1499 1125 1533 tam
1169 1494 1213 1533 in
1255 1494 1395 1534 victus
1433 1494 1612 1543 ratione,
1648 1501 1779 1546 quarn

311 1566 354 1606 in
397 1566 637 1615 medicinis,
676 1566 796 1618 quod
844 1566 1039 1607 medicus
1086 1567 1411 1619 praescripserit,
1455 1567 1779 1619 exequendum,

312 1639 461 1680 statim
485 1640 545 1680 ita
567 1639 824 1691 subjiciunt:
859 1643 968 1680 “nec
991 1639 1188 1680 infirmus
1211 1640 1253 1679 in
1276 1639 1343 1680 his
1366 1640 1604 1693 quicquam
1623 1638 1779 1680 curet.’'

401 1720 457 1754 20.
513 1713 697 1766 Propter
744 1713 986 1766 periculum
1037 1713 1312 1763 valetudinis,
1355 1714 1399 1753 in
1459 1713 1579 1766 quod
1628 1712 1782 1765 conjici

310 1793 459 1842 potest
494 1788 540 1836 is,
579 1786 651 1839 qui
687 1800 766 1827 suo
799 1787 1024 1837 arbitram,
1057 1800 1145 1827 non
1181 1788 1411 1828 admonito
1449 1793 1580 1828 antea
1613 1787 1784 1828 medico

311 1875 362 1902 ac
402 1861 649 1914 Superiore,
681 1861 945 1901 medicinam
983 1861 1168 1914 accipit:
1210 1860 1300 1900 falli
1338 1861 1456 1901 enim
1489 1860 1615 1901 facile
1652 1861 1696 1901 in
1733 1873 1785 1901 ea

314 1948 359 1974 re
381 1940 540 1987 potest,
564 1933 736 1974 etiamsi
771 1933 953 1974 medicae
983 1933 1087 1973 artis
1120 1947 1208 1973 non
1241 1940 1356 1975 esset
1387 1935 1575 1987 ignarus.
1640 1933 1785 1974 Multo

315 2013 463 2049 autem
488 2007 641 2059 magis,
665 2007 700 2047 si
731 2007 825 2059 ejus
853 2007 1048 2047 scientiae
1077 2007 1196 2047 rudis
1218 2008 1301 2058 sit;
1335 2008 1438 2061 quia
1458 2007 1527 2048 vel
1556 2008 1600 2047 in
1626 2019 1783 2059 genere

316 2080 558 2130 medicinae,
601 2080 669 2120 vel
712 2080 756 2120 in
803 2080 937 2120 modo
984 2085 1118 2133 atque
1164 2093 1380 2130 mensura,
1414 2080 1483 2121 vel
1530 2081 1574 2120 in
1616 2080 1784 2120 caeteris

315 2154 654 2194 circumstantiis
698 2154 778 2194 rite
819 2153 1044 2193 servandis
1084 2153 1301 2206 perfacilis
1343 2167 1460 2194 error
1496 2158 1572 2194 est.
1651 2152 1785 2193 Unde

317 2229 434 2266 enim
467 2228 584 2267 noris
615 2226 695 2266 tibi
728 2226 971 2266 etiamnum
1005 2227 1281 2279 profuturum
1312 2227 1430 2280 quod
1465 2225 1572 2266 alias
1609 2224 1783 2279 profuit,

316 2300 497 2339 mutatis
529 2299 812 2352 temporibus,
837 2312 888 2339 ac
919 2298 1170 2339 conditione
1202 2299 1403 2339 naturae?
1464 2298 1610 2350 Quem
1632 2304 1784 2338 teneas

318 2374 499 2413 modum
532 2372 757 2425 pharmaci
787 2372 1092 2422 necessarium,
1111 2372 1367 2424 justamque
1401 2384 1661 2420 mensuram,
1684 2384 1781 2423 quae

316 2448 351 2486 si
394 2451 570 2499 superet
605 2445 674 2486 vel
713 2445 931 2486 diminuta
967 2445 1034 2495 sit,
1067 2445 1110 2485 in
1149 2459 1358 2497 magnum
1396 2458 1515 2498 saepe
1548 2444 1782 2484 discrimen

316 2520 433 2561 salus
470 2519 734 2560 adducitur?
797 2519 971 2560 Scimus
1007 2525 1157 2561 autem
1200 2533 1287 2559 non
1330 2518 1479 2559 multis
1520 2518 1645 2558 annis
1682 2523 1785 2557 ante

316 2595 536 2646 quosdam
610 2606 710 2633 cum
783 2592 1074 2633 antimoniam
1142 2593 1287 2632 insciis
1355 2592 1547 2641 medicis,
1609 2591 1785 2643 suisque

316 2666 672 2708 moderatoribus
724 2666 1029 2719 suscepissent,
1070 2665 1200 2705 valde
1241 2665 1522 2719 periclitatos,
1565 2663 1649 2704 vei‘
1684 2662 1787 2715 quia

318 2742 548 2781 medicinae
590 2754 731 2793 genus
773 2753 861 2780 non
904 2740 1010 2781 satis
1051 2745 1167 2780 esset
1214 2740 1355 2781 morbi
1406 2738 1554 2792 generi
1605 2749 1786 2778 consen-

319 2820 511 2865 taneum,
552 2813 622 2855 vel
664 2813 784 2867 quod
827 2812 920 2867 ejus
962 2813 1214 2867 praebendae
1256 2814 1367 2855 ratio
1409 2819 1543 2866 atque
1583 2823 1785 2852 mensura

319 2900 407 2929 non
438 2893 669 2931 teneretur.
