1903 3197
337 196 354 226 I
368 194 426 239 32
649 179 730 225 De
762 179 953 226 ratione
986 179 1180 226 vivendi
1220 180 1480 227 Socz‘cl‘atz‘s.

331 314 393 354 ita
429 312 555 352 facile
589 325 821 352 caveamus
856 313 912 353 ab
944 313 1007 363 iis,
1038 327 1136 366 quae
1171 327 1251 353 nos
1284 314 1365 366 ipsi
1395 312 1641 353 voluntaria
1673 315 1806 355 casti-⁷

331 387 511 440 gatione
542 386 804 439 punivimus.
871 387 982 427 Haec
1016 393 1081 427 est
1113 387 1186 427 illa
1218 387 1340 439 virga
1377 386 1629 427 Salomonis
1666 391 1800 441 “quse

330 460 485 501 tribuit
516 460 837 514 sapientiam,''¹
862 467 905 501 et
926 461 1206 515 Augustinus
1240 463 1282 501 in
1316 461 1423 501 illud
1457 462 1524 501 Ps.
1551 463 1613 512 38.
1678 462 1801 503 “Pro

331 535 564 588 iniquitate
592 535 839 588 corripuisti
872 535 1134 584 hominem‚''
1167 536 1274 588 legit
1305 535 1529 584 Erudisti;
1574 536 1677 588 quia
1709 550 1803 576 cor-

330 609 473 664 reptio
511 609 699 649 eruditio
737 610 943 661 quaedam
987 617 1053 650 est
1089 616 1137 650 ut
1175 611 1447 663 sapentiores
1489 610 1531 649 in
1574 616 1799 663 posterum

332 683 480 733 simus,
519 696 598 722 nec
634 682 819 723 velimus
858 684 1026 733 iterum,
1072 685 1188 724 unde
1230 684 1524 737 corripiamur,
1558 683 1802 724 admittere.

422 757 628 799 Secunda
670 757 835 798 utilitas
871 764 936 797 est
970 760 1089 810 quod
1133 759 1339 811 imposita
1380 772 1515 811 poena
1558 772 1636 798 nos
1678 759 1805 798 nobis

332 838 376 872 et
415 832 666 885 Praepositis
704 833 864 872 nostris
903 838 1156 886 perspectos
1194 833 1324 872 facit:
1372 833 1515 872 omnis
1558 832 1673 872 enim
1712 846 1804 872 cor-

332 906 485 958 reptio,
520 912 567 946 ut
612 905 957 958 Chrysostomus
1000 907 1072 954 ait,
1119 905 1272 945 similis
1320 912 1385 946 θεῖ
1423 907 1591 946 cceteris
1628 907 1806 946 tentati-

333 981 504 1030 onibus,
557 981 746 1020 tentatio
798 987 946 1020 autem
1012 995 1093 1020 nos
1159 981 1285 1020 nobis
1338 982 1488 1033 aperit,
1541 988 1585 1020 et
1635 981 1805 1020 caeteris

335 1054 596 1095 hominibus.
662 1054 778 1093 Nam
810 1054 843 1093 si
874 1068 974 1093 cum
1007 1055 1112 1106 quid
1144 1068 1377 1106 poenarum
1411 1054 1655 1106 injungitur
1681 1054 1805 1095 facile

334 1141 626 1176 commoveor,
650 1128 683 1166 si
708 1127 797 1167 fero
826 1129 1018 1180 graviter
1047 1134 1090 1167 et
1121 1128 1309 1180 indigne,
1331 1127 1424 1180 jam
1455 1127 1806 1168 imbecillitatem
1862 1152 1872 1164 .

333 1215 527 1254 agnosco
561 1215 717 1246 meam,
749 1201 842 1253 jam
876 1203 1016 1242 sentio
1047 1216 1181 1255 quam
1211 1202 1345 1255 ,longe
1378 1202 1521 1242 adhuc
1555 1216 1580 1241 a
1613 1201 1810 1255 perfecta

334 1277 496 1316 virtute
528 1275 681 1314 absim.
747 1276 903 1328 Itaque
941 1276 1128 1316 demitto
1171 1276 1264 1329 ipse
1303 1290 1382 1324 me,
1418 1289 1497 1315 nec
1536 1289 1645 1315 meae
1679 1275 1810 1316 credo

334 1349 495 1399 virtuti,
540 1349 787 1401 studeoque
829 1349 1080 1402 vigilantius
1124 1350 1165 1389 in
1204 1364 1328 1389 cursu
1368 1350 1589 1389 excubare
1626 1350 1809 1396 virtutis,

337 1437 391 1463 ne
421 1423 455 1462 si
486 1423 729 1462 minoribus
751 1429 842 1463 tam
867 1423 992 1464 facile
1016 1425 1199 1476 quatior,
1224 1423 1464 1475 majoribus
1488 1423 1809 1463 tentationibus

336 1498 518 1538 omnino
561 1497 750 1549 dejiciar.
835 1497 911 1538 Sin
956 1505 1104 1538 autem
1148 1497 1315 1538 illatam
1358 1511 1539 1550 pcenam
1583 1497 1810 1538 moderate

336 1571 440 1620 sero,
465 1571 499 1610 si
533 1570 637 1610 mihi
671 1572 752 1623 ipsi
785 1586 1031 1620 succenseo,
1057 1579 1099 1612 et
1133 1572 1235 1612 boni
1268 1572 1448 1612 consulo
1482 1572 1809 1619 correctionem,

333 1647 427 1698 jam
467 1645 665 1697 intelligo
704 1659 876 1685 mecum
916 1647 1069 1686 adesse
1114 1647 1273 1695 Deum,
1312 1646 1562 1698 incipioque
1605 1646 1660 1685 de
1702 1645 1813 1684 meis

339 1721 452 1760 bene
486 1733 661 1772 sperare
693 1721 1021 1772 progressibus:
1075 1722 1178 1773 quia
1213 1721 1467 1760 “Patientia
1504 1720 1811 1772 probationem

339 1799 557 1846 operatur,
573 1793 777 1846 probatio
796 1808 897 1834 vero
917 1794 1097 1847 ερθιῃ.““2
1125 1795 1195 1839 Et,
1215 1800 1261 1834 ut
1281 1794 1447 1833 ibidem
1469 1793 1814 1845 Chrysostomus

339 1867 411 1915 ait,
450 1867 611 1907 “Sicut
644 1867 796 1907 fideles
830 1869 970 1920 magis
1003 1869 1191 1908 tentatio
1227 1867 1428 1915 aedificat,
1466 1868 1526 1907 ita
1561 1867 1813 1919 religiosum

339 1942 567 1981 meliorem
600 1942 733 1981 efficit
766 1942 1033 1995 increpati03
1068 1948 1111 1982 et
1143 1942 1213 1982 hic
1245 1948 1310 1982 est
1344 1942 1414 1981 ille
1444 1942 1516 1994 qui
1549 1941 1608 1987 fit,
1637 1947 1814 1981 auctore

340 2016 488 2064 Paulo,
515 2019 637 2055 ‘cum
661 2017 906 2056 tentatione
936 2016 1219 2069 proventusffi
1252 2030 1338 2068 qua
1368 2029 1450 2068 ego
1482 2015 1573 2068 spe*
1591 2021 1634 2055 et
1661 2029 1817 2055 conso-

341 2090 507 2131 latione
530 2089 787 2129 sustentor.’'

430 2164 683 2215 Praepositis
715 2164 849 2202 etiam
883 2164 1042 2203 nostris
1075 2164 1265 2216 irrogata
1298 2176 1432 2215 pcena
1467 2175 1546 2201 nos
1583 2162 1734 2214 aperit,
1770 2162 1813 2201 id

340 2237 460 2290 quod
492 2237 534 2275 in
557 2235 685 2276 lucris
708 2250 795 2276 non
820 2238 994 2289 exiguis
1022 2237 1343 2277 numerandum
1376 2241 1451 2284 est,
1477 2236 1579 2288 quia
1608 2249 1685 2288 per
1716 2248 1813 2275 eam

340 2312 453 2352 vires
487 2317 657 2351 nostras
691 2311 938 2364 explorant,
971 2317 1013 2351 et
1046 2312 1201 2351 intima
1235 2324 1424 2363 quaeque
1454 2310 1815 2363 perspiciunt,·ne

341 2399 428 2438 qua
465 2385 610 2438 specie
648 2384 856 2425 fallantur
899 2391 1093 2425 externa.
1170 2385 1272 2425 Non
1316 2385 1432 2425 enim
1471 2390 1519 2424 ut
1556 2383 1688 2436 vulgo
1731 2383 1815 2423 dici

339 2459 464 2507 solet,
510 2459 725 2511 quidquid
769 2459 973 2512 splendet
1007 2465 1050 2499 et
1092 2474 1171 2499 suo
1215 2473 1293 2499 nos
1336 2459 1504 2511 fulgore
1545 2457 1812 2510 perstringit,

338 2533 385 2575 id
419 2533 627 2573 continuo
660 2547 814 2573 aurum
848 2539 939 2573 est:
973 2547 1179 2586 saepeque
1208 2533 1440 2580 usuvenit,
1464 2537 1512 2572 ut
1542 2532 1615 2584 qui
1649 2531 1816 2571 minore

341 2607 606 2647 videbantur
646 2608 807 2647 virtute
859 2608 1016 2647 muniti
1060 2613 1193 2659 atque
1236 2607 1388 2651 ornati,
1443 2607 1608 2646 acriore
1659 2605 1815 2644 tentati

344 2681 571 2734 supplicio,
596 2681 867 2734 reperiantur
889 2682 1007 2721 omni
1031 2681 1237 2734 opinione
1261 2680 1471 2720 meliores.
1527 2679 1692 2720 Contra
1713 2692 1817 2718 vero

343 2755 418 2808 qui
452 2755 690 2809 praelucere
723 2755 890 2795 caeteris
923 2769 1095 2795 morum
1129 2754 1347 2807 elegantia
1378 2753 1650 2802 videbantur,
1683 2752 1815 2805 longe

342 2828 581 2873 deteriores
624 2828 1020 2883 deprehendantur.
1084 2828 1143 2868 Et
1185 2834 1302 2869 recte
1338 2829 1380 2867 in
1419 2842 1464 2868 re
1502 2841 1588 2868 non
1623 2825 1812 2868 absimili

632 2918 643 2938 ¹
669 2920 765 2952 Prov.
783 2927 835 2960 29.
972 2917 985 2936 ²
1010 2919 1107 2950 Rom.
1128 2928 1159 2959 4.
1296 2917 1310 2938 ³
1337 2927 1349 2949 1
1371 2918 1446 2950 Cor.
1469 2926 1516 2949 10.
