1903 3197
657 183 738 228 De
775 183 819 229 C
816 183 1019 228 aslz'late.
1479 194 1503 238 3
1513 192 1535 238 5
1546 193 1571 238 3

106 317 308 371 prodidit.
378 316 510 356 Porro
552 313 818 354 Benedictus
856 314 1056 365 praecipit
1098 313 1141 352 in
1180 313 1352 365 regulis,
1386 318 1435 352 ut
1471 323 1570 352 cum

105 398 226 433 veste
276 390 472 443 quisquis
523 387 770 435 decumbat,
818 400 905 425 non
955 392 1047 426 tam
1097 393 1146 425 ut
1194 387 1249 426 ad
1305 386 1572 438 surgendum

109 465 250 512 mane,
291 463 347 504 ad
403 462 572 514 vigilias
624 459 953 511 matutinasque
1004 472 1155 511 preces
1206 459 1262 498 sit
1311 459 1570 511 expeditior,

108 552 241 592 quam
274 544 322 578 ut
353 536 624 576 castimoniae
658 534 927 587 puritatique
964 545 1196 585 corporum
1233 532 1387 571 melius
1419 546 1572 572 consu-

109 611 248 660 latur3
281 617 329 650 ut
357 611 399 649 in
422 622 522 648 eum
555 607 716 659 regulae
749 606 893 646 locum
927 607 1056 646 docet
1080 606 1421 644 Turrecremata.

195 684 393 724 Tertium
431 681 679 721 macerandi
716 679 906 732 corporis
938 692 1076 731 genus
1114 685 1179 718 est
1211 692 1288 730 per
1324 676 1497 728 flagella
1530 683 1573 717 et

109 755 240 798 inusti
278 756 439 796 doloris
476 754 660 803 aculeos,
684 754 756 806 qui
791 752 953 792 doloris
988 766 1140 792 sensus
1172 765 1349 791 sensum
1382 750 1573 790 libidinis

108 832 258 872 aufert.
341 829 443 882 Quo
484 829 687 881 praesidio
729 828 890 867 scimus
933 840 1033 866 usos
1077 827 1119 865 in
1162 826 1304 865 carnis
1347 838 1575 877 oppugna-

108 905 301 945 tionibus
332 910 427 944 tum
462 904 506 942 B.
527 902 827 949 Benedictum,
857 914 957 940 cum
992 914 1036 940 se
1074 901 1117 939 in
1155 900 1391 940 urticarum
1430 900 1575 951 spina-

110 992 292 1031 rumque
320 977 508 1017 versavit
542 975 730 1024 aculeis3
763 981 857 1014 tum
892 975 935 1013 B.
962 974 1257 1022 Franciscum,
1287 986 1386 1013 cum
1421 986 1467 1012 se
1499 979 1576 1012 aut

110 1052 212 1092 diris
253 1050 504 1091 verberibus
545 1048 798 1101 accipiebat,
841 1053 917 1087 aut
959 1048 1001 1086 in
1045 1046 1193 1099 algore
1246 1046 1411 1086 nivium
1454 1045 1573 1086 nudo

110 1138 289 1177 corpore
325 1123 564 1164 volutabat.
630 1121 930 1173 Hieronymus
967 1120 1022 1159 de
1059 1134 1104 1159 se
1142 1120 1235 1172 ipse
1272 1133 1358 1159 non
1400 1119 1575 1159 dubitat

112 1198 307 1238 confiteri
336 1211 383 1236 se
412 1210 499 1235 non
528 1195 646 1248 prius
670 1208 695 1234 a
721 1195 908 1247 pectoris
938 1207 1131 1233 cessasse
1153 1193 1416 1240 verberibus,
1442 1206 1575 1245 quam

112 1272 281 1319 rediret,
312 1270 506 1310 Domino
538 1269 801 1320 increpante,
825 1267 1146 1319 tranquillitas;
1190 1267 1394 1319 intelligit
1426 1272 1574 1306 autem

111 1346 155 1385 id
188 1344 408 1396 temporis,
441 1356 540 1382 cum
575 1341 805 1381 libidinum
842 1340 1043 1380 incendia
1074 1339 1327 1389 bulliebant,
1362 1346 1410 1380 ut
1441 1339 1574 1392 paulo

111 1424 241 1459 antea
281 1418 456 1456 dixerat
497 1416 553 1456 ad
593 1414 893 1455 Eustochium.
960 1413 1061 1453 Hoc
1104 1414 1309 1453 nimirum
1347 1419 1413 1453 est
1455 1413 1574 1465 quod

111 1492 166 1532 de
209 1505 260 1532 eo
302 1491 450 1531 scribit
491 1489 771 1542 Augustinus
814 1489 868 1527 ad
913 1486 1154 1539 Cyrillum:
1209 1487 1332 1526 “Ter
1373 1487 1416 1526 in
1459 1487 1577 1526 diem

111 1578 287 1606 carnem
317 1564 420 1604 diris
449 1562 701 1603 verberibus
730 1560 996 1613 flagellabat,
1020 1561 1079 1600 ita
1109 1566 1156 1599 ut
1187 1574 1243 1600 ex
1276 1559 1369 1611 ejus
1399 1573 1579 1612 corpore

111 1640 189 1679 rivi
226 1638 449 1691 sanguinis
484 1635 762 1682 effluerent;''
796 1635 976 1675 verbera
1010 1634 1194 1674 fortasse
1228 1635 1427 1686 pectoris,
1457 1634 1577 1686 quod

111 1712 338 1761 tundebat,
357 1710 570 1763 intelligit.
616 1710 733 1749 Nam
757 1708 1030 1761 flagellorum
1051 1714 1094 1747 ct
1110 1708 1452 1760 disciplinarum,
1469 1720 1578 1759 quas

112 1799 332 1832 vocamus,
376 1798 478 1824 usus
523 1797 601 1836 per
641 1776 685 1822 id
728 1782 937 1834 temporis
980 1781 1176 1821 nondum
1210 1787 1315 1830 erat,
1359 1787 1406 1820 ut
1449 1781 1579 1820 docet

115 1858 283 1899 Gerson
307 1858 567 1897 Parisiensis.
630 1856 759 1895 Alios
787 1855 919 1895 etiam
947 1854 1043 1894 aliis
1066 1869 1111 1894 se
1134 1854 1330 1894 affecisse
1353 1853 1578 1894 doloribus

114 1933 170 1973 ad
214 1931 546 1984 restinguendos
583 1929 776 1969 libidinis
814 1929 936 1981 ignes
978 1941 1064 1968 non
1108 1929 1371 1980 ignoramus,
1411 1933 1459 1967 ut
1491 1928 1576 1979 qui,

117 2012 245 2046 nocte
279 2019 376 2054 una,
399 2005 562 2057 digitos
596 2016 749 2043 omnes
777 2003 833 2041 ad
863 2002 1050 2041 lucernae
1081 2001 1306 2040 flammam
1336 2000 1581 2040 tentatione

112 2085 294 2133 urgente
326 2078 576 2126 combussit,
600 2077 655 2117 de
687 2090 775 2129 quo
807 2089 886 2115 nos
918 2089 1048 2127 supra
1081 2089 1137 2114 cx
1155 2075 1261 2114 Vita
1294 2075 1481 2114 Patrum.

201 2154 369 2206 Quarta
391 2150 639 2192 macerandi
663 2150 856 2202 corporis
879 2150 989 2188 ratio
1013 2163 1090 2201 per
1115 2148 1312 2198 labores3
1345 2148 1380 2187 si
1402 2160 1577 2187 carnem

113 2233 318 2276 atterunt,
356 2231 400 2266 et
441 2225 620 2278 quidem
659 2225 917 2271 universam,
958 2235 1045 2261 non
1083 2227 1254 2275 partem
1293 2221 1498 2273 aliquam,
1531 2226 1580 2261 ut

112 2300 255 2340 caeteri
297 2299 470 2339 dolores
504 2304 547 2338 et
583 2296 768 2350 flagella.
832 2295 1057 2348 Exemplo
1100 2295 1226 2335 nobis
1263 2295 1319 2334 sit
1358 2294 1577 2334 Macarius

112 2372 194 2422 ille,
219 2373 292 2426 qui
327 2372 472 2412 media
506 2377 635 2412 nocte
664 2384 839 2410 saccum
872 2368 1026 2409 sabulo
1059 2368 1238 2421 plenum
1269 2368 1356 2408 suis
1385 2367 1578 2408 humeris

112 2460 190 2500 per
229 2446 511 2487 solitudinem
553 2444 792 2497 bajulabat,
829 2444 1213 2495 interrogatusque
1256 2442 1577 2495 respondebat:

115 2520 281 2559 “Vexo
309 2525 547 2559 vexantem
582 2516 687 2566 me‚''
712 2531 888 2557 carnem
927 2529 1051 2556 suam
1090 2516 1256 2556 scilicet
1290 2515 1576 2564 describebat,

115 2607 212 2646 quae
255 2594 399 2645 pravis
435 2592 607 2632 inhians
642 2591 943 2644 voluptatibus
996 2591 1197 2643 spiritum
1247 2590 1369 2629 illum
1407 2595 1576 2629 castum

115 2680 362 2720 purumque
391 2666 595 2706 vexabat.

205 2738 370 2792 Quinta
412 2744 477 2778 est
524 2738 742 2778 cilicinam
784 2743 951 2778 vestem
995 2743 1038 2777 et
1080 2738 1346 2790 asperiorem
1400 2734 1577 2775 cultum.

117 2812 307 2863 “Nam‚''
340 2818 388 2852 ut
422 2813 483 2852 ait
517 2811 779 2861 Bernardus,
814 2812 962 2851 “sicut
996 2811 1189 2863 asperior
1222 2809 1354 2849 cardo
1385 2821 1580 2861 pannum

118 2886 224 2928 facit
259 2887 478 2934 leniorem,
512 2886 572 2925 sic
605 2899 731 2938 asper
764 2884 939 2925 habitus
977 2897 1150 2924 carnem
1185 2882 1288 2922 facit
1319 2879 1586 2923 castiorem.''

294 2962 326 2992 X
