1903 3197
241 146 327 194 xiv
713 147 751 193 I
748 147 874 194 udex
904 148 1252 210 opusculorum.

243 280 289 315 In
308 280 490 324 Regulam
513 280 712 314 Summarii
730 280 786 322 48.
838 307 845 314 .
942 308 949 315 .
1049 308 1055 315 .
1153 309 1161 315 .
1260 308 1268 314 .
1365 308 1372 315 .
1473 310 1479 314 .
1578 309 1585 315 .
1637 246 1706 324 ΣΕ

336 351 353 396 ξ
384 362 411 387 1.
442 353 499 387 De
517 352 763 388 immoderata
780 353 942 397 corporis
961 353 1205 397 castigatione
1222 353 1376 387 vitanda
1473 381 1479 386 .
1580 380 1587 387 .
1637 362 1707 397 449

336 422 354 468 ξ
381 433 411 458 2.
440 425 500 459 De
516 425 625 458 malis
642 425 691 459 ab
708 425 954 460 immoderata
972 425 1216 470 castigatione
1233 426 1357 459 allatis
1473 452 1480 459 .
1578 452 1586 458 .
1637 433 1706 469 453

337 495 354 541 ξ
382 506 412 540 3.
442 498 501 532 De
519 496 825 542 castigationibus
842 498 1069 533 confessario
1088 498 1305 541 detegendis
1367 526 1374 532 .
1473 525 1480 531 .
1580 525 1586 531 .
1638 505 1708 542 459

244 569 305 604 De
322 569 493 604 ordinata
511 570 628 604 victus
646 570 789 605 ratione
838 598 845 605 .
943 598 950 604 .
1049 598 1055 604 .
1156 598 1162 604 .
1260 599 1267 604 .
1366 598 1373 604 .
1472 598 1480 604 .
1579 599 1585 604 .
1638 579 1708 613 470

334 639 352 684 ξ
382 651 410 676 1.
440 642 498 675 De
515 641 749 676 ordinatione
766 653 850 687 quae
868 653 911 677 ex
929 642 1252 677 administratione
1268 643 1405 687 pendet
1467 670 1474 677 .
1575 670 1581 677 .
1633 651 1704 684 470

334 712 352 758 ξ
379 724 408 748 2.
439 714 499 748 De
517 714 750 749 ordinatione
767 727 851 760 quae
869 726 913 749 ex
930 715 1106 760 cujusque
1124 715 1321 760 prudentia
1338 716 1478 760 pendet
1579 742 1586 749 .
1637 724 1708 759 479

242 785 304 820 De
344 785 554 820 indicandis
596 786 746 830 morbis,
781 792 818 821 et
859 798 935 821 non
975 787 1198 822 adhibendis
1240 787 1446 831 medicinis,
1485 788 1591 832 juxta

432 857 615 902 Regulam
637 866 687 900 17.
708 869 751 893 ex
771 859 966 893 Constitut.
1049 887 1056 893 .
1155 886 1163 893 .
1260 887 1268 893 .
1366 887 1373 893 .
1473 887 1479 893 .
1580 886 1586 893 .
1638 867 1707 903 495

336 928 354 973 ξ
383 939 412 963 1.
440 931 500 964 De
516 930 730 964 morborum
748 930 958 975 aperiendis
975 931 1089 965 initiis
1155 958 1163 965 .
1259 959 1267 965 .
1365 959 1372 965 .
1472 959 1479 965 .
1578 959 1585 964 .
1637 929 1708 974 496

337 999 354 1044 ξ
381 1010 410 1035 2.
441 1002 500 1036 De
517 1001 705 1035 medicina
721 1013 797 1036 non
815 1002 1034 1047 accipienda
1053 1002 1260 1047 Superioris
1282 1002 1423 1046 injussu
1473 1030 1480 1036 .
1581 1030 1586 1035 .
1638 1002 1709 1046 498

338 1071 355 1116 ξ
383 1082 413 1115 3.
442 1074 502 1107 De
531 1073 676 1107 medico
702 1084 770 1108 nec
800 1073 973 1117 eligendo
998 1084 1068 1108 nec
1094 1074 1334 1117 consulendo,
1359 1073 1431 1107 nisi
1455 1085 1588 1118 appro-

432 1144 544 1178 bante
563 1144 759 1188 Superiore
840 1173 847 1179 .
944 1173 952 1180 .
1051 1172 1059 1180 .
1157 1173 1165 1180 .
1262 1173 1270 1180 .
1368 1172 1377 1180 .
1475 1173 1481 1179 .
1581 1173 1587 1179 .
1644 1153 1707 1189 5οΙ

244 1216 305 1250 De
330 1216 543 1250 obedientia
567 1216 724 1251 medicis
749 1217 1000 1262 spiritualibus
1026 1224 1063 1253 et
1088 1218 1341 1263 corporalibus
1369 1217 1590 1261 exhibenda,

427 1288 532 1332 juxta
552 1288 706 1323 Constit.
725 1297 781 1333 49.
803 1290 1001 1323 Summarii
1049 1316 1058 1324 .
1157 1317 1165 1324 .
1262 1318 1269 1325 .
1369 1317 1377 1324 .
1476 1318 1482 1324 .
1582 1317 1590 1325 .
1643 1297 1708 1334 505

242 1360 304 1395 De
321 1359 533 1394 obedientia
550 1360 706 1395 medicis
723 1362 977 1406 corporalibus
1002 1368 1113 1407 atque
1138 1362 1350 1397 infirmariis
1367 1363 1584 1407 praestanda
1636 1371 1702 1406 512

242 1432 304 1468 De
329 1438 552 1476 aegrotorum
577 1444 665 1467 cura
689 1433 864 1477 gerenda,
878 1434 983 1478 juxta
1009 1435 1302 1470 Constitutiones
1321 1445 1352 1478 3.
1371 1446 1404 1480 p.
1422 1445 1452 1478 3.
1473 1445 1503 1470 2.
1521 1434 1538 1479 ξ
1556 1434 1589 1469 6.

431 1504 452 1538 1.
472 1514 494 1547 9
523 1531 530 1538 .
630 1531 637 1539 .
735 1531 742 1539 .
839 1533 846 1539 .
945 1534 952 1541 .
1051 1534 1059 1541 .
1156 1535 1163 1541 .
1263 1534 1270 1541 .
1369 1535 1375 1540 .
1475 1535 1482 1541 .
1581 1534 1589 1540 .
1644 1514 1710 1551 519

338 1575 356 1620 ξ
385 1586 413 1611 1.
443 1577 502 1611 De
519 1577 802 1621 praepositorum
820 1589 907 1612 cura
939 1606 946 1612 .
1045 1606 1052 1612 .
1151 1607 1158 1613 .
1258 1606 1265 1613 .
1363 1608 1369 1613 .
1469 1608 1476 1613 .
1576 1607 1583 1612 .
1639 1588 1707 1623 519

338 1646 356 1692 ξ
382 1658 413 1683 2.
442 1649 502 1683 De
518 1648 771 1683 ministrorum
790 1661 877 1684 cura
941 1677 948 1684 .
1048 1677 1056 1684 .
1153 1679 1160 1685 .
1259 1678 1266 1685 .
1364 1679 1371 1685 .
1470 1679 1477 1686 .
1577 1679 1585 1685 .
1640 1660 1708 1696 530

245 1720 429 1764 Quaenam
470 1720 519 1754 ad
572 1728 795 1765 aegrotorum
837 1722 994 1767 diligens
1047 1723 1292 1758 ministerium
1347 1724 1590 1768 sedulamque

339 1804 491 1837 operam
509 1804 577 1827 nos
601 1794 791 1838 impellant
840 1822 848 1829 .
947 1822 954 1829 .
1053 1822 1061 1830 .
1157 1823 1165 1830 .
1265 1824 1271 1830 .
1369 1823 1377 1830 .
1475 1823 1483 1830 .
1582 1823 1589 1830 .
1645 1795 1711 1839 538

245 1866 291 1899 In
310 1865 494 1909 Regulam
513 1866 711 1900 Summarii
732 1874 783 1911 50.
845 1894 851 1901 .
950 1894 957 1901 .
1056 1894 1063 1901 .
1161 1895 1168 1902 .
1267 1895 1274 1902 .
1371 1896 1379 1903 .
1477 1896 1484 1902 .
1584 1895 1591 1902 .
1647 1875 1714 1912 543

340 1935 359 1981 ξ
388 1947 416 1972 1.
445 1937 522 1971 Ubi
540 1938 739 1972 aedificatio
757 1939 827 1973 sita
845 1939 891 1973 sit
950 1967 957 1974 .
1055 1966 1064 1973 .
1161 1967 1169 1974 .
1268 1968 1274 1974 .
1372 1967 1380 1973 .
1478 1967 1485 1973 .
1584 1966 1591 1973 .
1647 1946 1713 1982 543

340 2008 359 2053 ξ
386 2019 416 2043 2.
446 2010 636 2054 Quantum
653 2011 814 2046 debeant
833 2012 960 2055 aegroti
978 2011 1071 2046 alios
1089 2012 1275 2047 aedificare
1369 2039 1376 2045 .
1477 2039 1484 2045 .
1583 2039 1588 2044 .
1644 2019 1712 2055 554

341 2080 359 2125 ξ
386 2091 417 2124 3.
444 2081 659 2116 AEdificatio
677 2083 726 2116 ab
743 2083 891 2127 aegrotis
910 2094 984 2128 qua
1001 2084 1143 2118 ratione
1162 2083 1209 2118 sit
1226 2084 1439 2129 praestanda
1476 2112 1481 2117 .
1583 2112 1587 2115 .
1644 2091 1709 2126 557

246 2152 308 2187 Ad
340 2153 555 2187 morborum
589 2154 823 2188 tolerantiam
850 2154 1050 2199 plurimum
1079 2155 1201 2190 valere
1230 2156 1302 2199 Job
1332 2155 1507 2200 patientis
1533 2165 1592 2190 ex-

436 2224 600 2269 emplum
630 2253 637 2259 .
735 2253 743 2260 .
841 2253 849 2260 .
947 2253 955 2260 .
1053 2253 1061 2261 .
1159 2254 1166 2261 .
1264 2254 1272 2262 .
1370 2255 1377 2261 .
1476 2256 1483 2261 .
1584 2254 1591 2261 .
1645 2225 1712 2270 563

342 2297 402 2331 De
419 2296 519 2331 cultu
533 2297 696 2342 corporis
739 2325 746 2332 .
843 2325 851 2331 .
948 2325 956 2332 .
1053 2325 1062 2333 .
1160 2326 1168 2334 .
1266 2327 1273 2334 .
1370 2327 1378 2333 .
1477 2326 1485 2334 .
1584 2326 1592 2333 .
1647 2306 1714 2343 570

344 2369 404 2403 De
420 2368 519 2402 victu
632 2396 639 2403 .
737 2395 745 2403 .
843 2396 851 2404 .
948 2396 956 2404 .
1054 2396 1063 2405 .
1159 2397 1168 2405 .
1265 2397 1274 2406 .
1372 2397 1380 2406 .
1477 2397 1485 2406 .
1584 2396 1592 2405 .
1647 2378 1710 2413 57Ι

343 2440 404 2475 De
421 2440 639 2484 aegritudine
656 2451 701 2475 ac
719 2440 866 2475 tristitia
886 2442 920 2476 S.
939 2442 1012 2486 Job
1053 2468 1062 2477 .
1160 2469 1168 2476 .
1265 2469 1273 2477 .
1372 2470 1379 2477 .
1478 2471 1484 2476 .
1584 2470 1590 2476 .
1647 2451 1713 2486 574

523 2587 854 2623 OPUSCULUM
891 2588 1439 2633 DECIMUMQUARTUM.

251 2667 303 2702 IN
329 2668 523 2703 REGULAS
552 2669 783 2703 MODESTIAE
847 2695 855 2703 .
952 2696 959 2703 .
1057 2695 1066 2705 .
1163 2696 1171 2705 .
1266 2695 1277 2706 .
1373 2697 1383 2704 .
1479 2697 1488 2706 .
1585 2696 1595 2706 .
1648 2671 1712 2716 581

347 2739 445 2783 Quid
463 2739 510 2773 sit
530 2739 719 2774 Modestia
740 2767 748 2774 .
846 2767 854 2774 .
951 2768 958 2776 .
1057 2767 1066 2776 .
1163 2768 1172 2776 .
1268 2768 1276 2776 .
1373 2769 1382 2776 .
1479 2769 1488 2776 .
1585 2770 1593 2777 .
1646 2743 1712 2788 581

346 2811 421 2845 Cur
438 2810 646 2845 scribantur
663 2811 711 2846 de
731 2811 917 2846 Modestia
937 2813 1090 2856 Regulae
1161 2839 1170 2848 .
1268 2839 1277 2847 .
1373 2839 1382 2848 .
1479 2841 1486 2848 .
1586 2843 1592 2849 .
1647 2814 1715 2859 586

339 2882 400 2918 Ad
418 2893 529 2928 quem
547 2882 716 2920 ordinem
733 2894 777 2920 ea
795 2894 879 2929 quae
897 2883 1047 2919 tradunt
1067 2884 1220 2929 Regulae
1238 2891 1456 2920 revocentur
1477 2912 1485 2919 .
1584 2913 1592 2920 .
1646 2894 1712 2930 592
