<?xml version="1.0" encoding="UTF-8"?>
<!DOCTYPE html PUBLIC "-//W3C//DTD XHTML 1.0 Transitional//EN"
    "http://www.w3.org/TR/xhtml1/DTD/xhtml1-transitional.dtd">
<html xmlns="http://www.w3.org/1999/xhtml" xml:lang="en" lang="en">
 <head>
  <title>
</title>
<meta http-equiv="Content-Type" content="text/html;charset=utf-8" />
  <meta name='ocr-system' content='tesseract 3.04.00' />
  <meta name='ocr-capabilities' content='ocr_page ocr_carea ocr_par ocr_line ocrx_word'/>
</head>
<body>
  <div class='ocr_page' id='page_1' title='image "./nicolaiorlandini00orla/nicolaiorlandini00orla_0377.png"; bbox 0 0 1903 3197; ppageno 0'>
   <div class='ocr_carea' id='block_1_1' title="bbox 630 148 1589 207">
    <p class='ocr_par' dir='ltr' id='par_1_1' title="bbox 630 148 1589 207">
     <span class='ocr_line' id='line_1_1' title="bbox 630 148 1589 207; baseline 0.01 -10"><span class='ocrx_word' id='word_1_1' title='bbox 630 148 635 152; x_wconf 53' lang='lat'><strong>⁴</strong></span> <span class='ocrx_word' id='word_1_2' title='bbox 684 153 764 198; x_wconf 78' lang='lat' dir='ltr'>De</span> <span class='ocrx_word' id='word_1_3' title='bbox 800 153 843 199; x_wconf 88' lang='lat' dir='ltr'><em>C</em></span> <span class='ocrx_word' id='word_1_4' title='bbox 840 154 1041 199; x_wconf 65' lang='lat' dir='ltr'>asfz&#39;tate.</span> <span class='ocrx_word' id='word_1_5' title='bbox 1497 161 1553 207; x_wconf 84' lang='lat'>35</span> <span class='ocrx_word' id='word_1_6' title='bbox 1566 161 1589 207; x_wconf 92' lang='lat'><strong><em>7</em></strong></span> 
     </span>
    </p>
   </div>
   <div class='ocr_carea' id='block_1_2' title="bbox 118 280 1591 2758">
    <p class='ocr_par' dir='ltr' id='par_1_2' title="bbox 118 280 1591 2396">
     <span class='ocr_line' id='line_1_2' title="bbox 134 280 1591 335; baseline -0.001 -14"><span class='ocrx_word' id='word_1_7' title='bbox 134 281 355 322; x_wconf 79' lang='lat' dir='ltr'>abbatissa</span> <span class='ocrx_word' id='word_1_8' title='bbox 388 284 595 335; x_wconf 77' lang='lat' dir='ltr'>coarguit,</span> <span class='ocrx_word' id='word_1_9' title='bbox 630 283 722 335; x_wconf 89' lang='lat' dir='ltr'>ejus</span> <span class='ocrx_word' id='word_1_10' title='bbox 757 285 872 323; x_wconf 88' lang='lat' dir='ltr'>enim</span> <span class='ocrx_word' id='word_1_11' title='bbox 907 284 987 324; x_wconf 87' lang='lat' dir='ltr'>fuit</span> <span class='ocrx_word' id='word_1_12' title='bbox 1022 284 1095 323; x_wconf 87' lang='lat' dir='ltr'>illa</span> <span class='ocrx_word' id='word_1_13' title='bbox 1120 296 1238 323; x_wconf 82' lang='lat' dir='ltr'>vox:</span> <span class='ocrx_word' id='word_1_14' title='bbox 1293 282 1339 323; x_wconf 82' lang='lat' dir='ltr'>Si</span> <span class='ocrx_word' id='word_1_15' title='bbox 1374 280 1591 334; x_wconf 86' lang='lat' dir='ltr'>perfectus</span> 
     </span>
     <span class='ocr_line' id='line_1_3' title="bbox 135 354 1590 409; baseline -0.002 -14"><span class='ocrx_word' id='word_1_16' title='bbox 135 356 374 396; x_wconf 90' lang='lat' dir='ltr'>monachus</span> <span class='ocrx_word' id='word_1_17' title='bbox 426 371 552 405; x_wconf 89' lang='lat' dir='ltr'>esses,</span> <span class='ocrx_word' id='word_1_18' title='bbox 604 370 690 397; x_wconf 89' lang='lat' dir='ltr'>non</span> <span class='ocrx_word' id='word_1_19' title='bbox 742 357 803 397; x_wconf 86' lang='lat' dir='ltr'>ita</span> <span class='ocrx_word' id='word_1_20' title='bbox 863 371 941 397; x_wconf 91' lang='lat' dir='ltr'>nos</span> <span class='ocrx_word' id='word_1_21' title='bbox 1003 358 1250 409; x_wconf 75' lang='lat' dir='ltr'>aspexisses</span> <span class='ocrx_word' id='word_1_22' title='bbox 1308 362 1356 396; x_wconf 87' lang='lat' dir='ltr'>ut</span> <span class='ocrx_word' id='word_1_23' title='bbox 1406 354 1590 394; x_wconf 75' lang='lat' dir='ltr'>femmas</span> 
     </span>
     <span class='ocr_line' id='line_1_4' title="bbox 134 428 1590 482; baseline -0.002 -13"><span class='ocrx_word' id='word_1_24' title='bbox 134 442 284 481; x_wconf 89' lang='lat' dir='ltr'>posses</span> <span class='ocrx_word' id='word_1_25' title='bbox 321 429 585 482; x_wconf 81' lang='lat' dir='ltr'>agnoscere.1</span> <span class='ocrx_word' id='word_1_26' title='bbox 646 431 715 470; x_wconf 92' lang='lat' dir='ltr'>De</span> <span class='ocrx_word' id='word_1_27' title='bbox 752 431 1026 471; x_wconf 81' lang='lat' dir='ltr'>continendis</span> <span class='ocrx_word' id='word_1_28' title='bbox 1068 431 1199 470; x_wconf 85' lang='lat' dir='ltr'>etiam</span> <span class='ocrx_word' id='word_1_29' title='bbox 1237 429 1372 469; x_wconf 86' lang='lat' dir='ltr'>oculis</span> <span class='ocrx_word' id='word_1_30' title='bbox 1409 441 1508 468; x_wconf 86' lang='lat' dir='ltr'>eum</span> <span class='ocrx_word' id='word_1_31' title='bbox 1548 428 1590 466; x_wconf 88' lang='lat' dir='ltr'>in</span> 
     </span>
     <span class='ocr_line' id='line_1_5' title="bbox 132 501 1590 556; baseline -0.002 -14"><span class='ocrx_word' id='word_1_32' title='bbox 132 502 356 556; x_wconf 79' lang='lat' dir='ltr'>elegantes</span> <span class='ocrx_word' id='word_1_33' title='bbox 387 503 736 544; x_wconf 88' lang='lat' dir='ltr'>adolescentulos</span> <span class='ocrx_word' id='word_1_34' title='bbox 768 505 976 552; x_wconf 89' lang='lat' dir='ltr'>incidunt,</span> <span class='ocrx_word' id='word_1_35' title='bbox 1010 504 1071 543; x_wconf 86' lang='lat' dir='ltr'>sic</span> <span class='ocrx_word' id='word_1_36' title='bbox 1105 502 1342 555; x_wconf 55' lang='lat' dir='ltr'>Ephraim:</span> <span class='ocrx_word' id='word_1_37' title='bbox 1376 501 1460 541; x_wconf 83' lang='lat' dir='ltr'>“Si</span> <span class='ocrx_word' id='word_1_38' title='bbox 1487 514 1590 540; x_wconf 91' lang='lat' dir='ltr'>con-</span> 
     </span>
     <span class='ocr_line' id='line_1_6' title="bbox 133 576 1589 629; baseline -0.003 -13"><span class='ocrx_word' id='word_1_39' title='bbox 133 576 275 629; x_wconf 86' lang='lat' dir='ltr'>tingat</span> <span class='ocrx_word' id='word_1_40' title='bbox 325 591 424 617; x_wconf 90' lang='lat' dir='ltr'>cum</span> <span class='ocrx_word' id='word_1_41' title='bbox 476 577 827 618; x_wconf 77' lang='lat' dir='ltr'>adolescentibus</span> <span class='ocrx_word' id='word_1_42' title='bbox 868 578 1057 629; x_wconf 85' lang='lat' dir='ltr'>colloqui</span> <span class='ocrx_word' id='word_1_43' title='bbox 1109 582 1241 616; x_wconf 73' lang='lat' dir='ltr'>aetate</span> <span class='ocrx_word' id='word_1_44' title='bbox 1292 581 1335 614; x_wconf 89' lang='lat' dir='ltr'>et</span> <span class='ocrx_word' id='word_1_45' title='bbox 1386 579 1589 625; x_wconf 88' lang='lat' dir='ltr'>aspectus</span> 
     </span>
     <span class='ocr_line' id='line_1_7' title="bbox 133 647 1589 699; baseline -0.003 -10"><span class='ocrx_word' id='word_1_46' title='bbox 133 656 361 691; x_wconf 87' lang='lat' dir='ltr'>venustate</span> <span class='ocrx_word' id='word_1_47' title='bbox 403 651 670 699; x_wconf 86' lang='lat' dir='ltr'>florentibus,</span> <span class='ocrx_word' id='word_1_48' title='bbox 714 653 884 691; x_wconf 84' lang='lat' dir='ltr'>custodi</span> <span class='ocrx_word' id='word_1_49' title='bbox 926 652 1075 692; x_wconf 89' lang='lat' dir='ltr'>oculos</span> <span class='ocrx_word' id='word_1_50' title='bbox 1116 657 1214 691; x_wconf 89' lang='lat' dir='ltr'>tuos</span> <span class='ocrx_word' id='word_1_51' title='bbox 1257 662 1311 688; x_wconf 89' lang='lat' dir='ltr'>ne</span> <span class='ocrx_word' id='word_1_52' title='bbox 1361 647 1589 698; x_wconf 88' lang='lat' dir='ltr'>concupis-</span> 
     </span>
     <span class='ocr_line' id='line_1_8' title="bbox 131 719 1590 776; baseline -0.003 -13"><span class='ocrx_word' id='word_1_53' title='bbox 131 724 275 764; x_wconf 81' lang='lat' dir='ltr'>centia</span> <span class='ocrx_word' id='word_1_54' title='bbox 317 730 508 764; x_wconf 84' lang='lat' dir='ltr'>mentem</span> <span class='ocrx_word' id='word_1_55' title='bbox 552 730 672 764; x_wconf 89' lang='lat' dir='ltr'>tuam</span> <span class='ocrx_word' id='word_1_56' title='bbox 716 725 980 766; x_wconf 87' lang='lat' dir='ltr'>conturbet.&#39;’</span> <span class='ocrx_word' id='word_1_57' title='bbox 1063 724 1181 776; x_wconf 73' lang='lat' dir='ltr'>Quid</span> <span class='ocrx_word' id='word_1_58' title='bbox 1224 722 1342 775; x_wconf 85' lang='lat' dir='ltr'>quod</span> <span class='ocrx_word' id='word_1_59' title='bbox 1385 722 1426 760; x_wconf 91' lang='lat' dir='ltr'>in</span> <span class='ocrx_word' id='word_1_60' title='bbox 1465 719 1590 759; x_wconf 89' lang='lat' dir='ltr'>nobis</span> 
     </span>
     <span class='ocr_line' id='line_1_9' title="bbox 128 793 1590 849; baseline -0.003 -13"><span class='ocrx_word' id='word_1_61' title='bbox 128 797 263 836; x_wconf 88' lang='lat' dir='ltr'>etiam</span> <span class='ocrx_word' id='word_1_62' title='bbox 296 797 400 849; x_wconf 88' lang='lat' dir='ltr'>ipsis</span> <span class='ocrx_word' id='word_1_63' title='bbox 432 798 656 838; x_wconf 89' lang='lat' dir='ltr'>oculorum</span> <span class='ocrx_word' id='word_1_64' title='bbox 686 799 878 839; x_wconf 85' lang='lat' dir='ltr'>tenenda</span> <span class='ocrx_word' id='word_1_65' title='bbox 910 805 975 839; x_wconf 89' lang='lat' dir='ltr'>est</span> <span class='ocrx_word' id='word_1_66' title='bbox 997 797 1269 846; x_wconf 86' lang='lat' dir='ltr'>verecundia,</span> <span class='ocrx_word' id='word_1_67' title='bbox 1293 800 1375 835; x_wconf 90' lang='lat' dir='ltr'>“ut</span> <span class='ocrx_word' id='word_1_68' title='bbox 1407 808 1460 833; x_wconf 91' lang='lat' dir='ltr'>ne</span> <span class='ocrx_word' id='word_1_69' title='bbox 1492 793 1590 845; x_wconf 88' lang='lat' dir='ltr'>quis</span> 
     </span>
     <span class='ocr_line' id='line_1_10' title="bbox 130 867 1590 924; baseline -0.002 -16"><span class='ocrx_word' id='word_1_70' title='bbox 130 882 177 909; x_wconf 89' lang='lat' dir='ltr'>se</span> <span class='ocrx_word' id='word_1_71' title='bbox 198 869 331 909; x_wconf 86' lang='lat' dir='ltr'>talem</span> <span class='ocrx_word' id='word_1_72' title='bbox 362 877 552 911; x_wconf 88' lang='lat' dir='ltr'>secretus</span> <span class='ocrx_word' id='word_1_73' title='bbox 582 872 775 924; x_wconf 76' lang='lat' dir='ltr'>aspiciat,</span> <span class='ocrx_word' id='word_1_74' title='bbox 800 872 974 924; x_wconf 84' lang='lat' dir='ltr'>qualem</span> <span class='ocrx_word' id='word_1_75' title='bbox 1007 885 1053 911; x_wconf 89' lang='lat' dir='ltr'>se</span> <span class='ocrx_word' id='word_1_76' title='bbox 1085 871 1221 911; x_wconf 85' lang='lat' dir='ltr'>videri</span> <span class='ocrx_word' id='word_1_77' title='bbox 1251 870 1307 909; x_wconf 87' lang='lat' dir='ltr'>ab</span> <span class='ocrx_word' id='word_1_78' title='bbox 1338 867 1590 908; x_wconf 86' lang='lat' dir='ltr'>hominibus</span> 
     </span>
     <span class='ocr_line' id='line_1_11' title="bbox 132 942 1591 998; baseline -0.002 -16"><span class='ocrx_word' id='word_1_79' title='bbox 132 942 426 993; x_wconf 81' lang='lat' dir='ltr'>erubescit;’‘2</span> <span class='ocrx_word' id='word_1_80' title='bbox 458 951 501 984; x_wconf 85' lang='lat' dir='ltr'>et</span> <span class='ocrx_word' id='word_1_81' title='bbox 533 945 763 985; x_wconf 89' lang='lat' dir='ltr'>confirmat</span> <span class='ocrx_word' id='word_1_82' title='bbox 793 946 1021 998; x_wconf 81' lang='lat' dir='ltr'>Ephraem:</span> <span class='ocrx_word' id='word_1_83' title='bbox 1057 945 1125 985; x_wconf 90' lang='lat' dir='ltr'>De</span> <span class='ocrx_word' id='word_1_84' title='bbox 1154 943 1367 997; x_wconf 88' lang='lat' dir='ltr'>patientia</span> <span class='ocrx_word' id='word_1_85' title='bbox 1398 947 1442 980; x_wconf 87' lang='lat' dir='ltr'>et</span> <span class='ocrx_word' id='word_1_86' title='bbox 1472 953 1591 979; x_wconf 89' lang='lat' dir='ltr'>com-</span> 
     </span>
     <span class='ocr_line' id='line_1_12' title="bbox 131 1015 1588 1072; baseline -0.003 -17"><span class='ocrx_word' id='word_1_87' title='bbox 131 1016 377 1068; x_wconf 87' lang='lat' dir='ltr'>punctione.</span> <span class='ocrx_word' id='word_1_88' title='bbox 442 1017 548 1057; x_wconf 89' lang='lat' dir='ltr'>“Ne</span> <span class='ocrx_word' id='word_1_89' title='bbox 581 1019 840 1071; x_wconf 86' lang='lat' dir='ltr'>proprium,”</span> <span class='ocrx_word' id='word_1_90' title='bbox 875 1019 1026 1072; x_wconf 84' lang='lat' dir='ltr'>inquit,</span> <span class='ocrx_word' id='word_1_91' title='bbox 1061 1022 1253 1070; x_wconf 85' lang='lat' dir='ltr'>“corpus</span> <span class='ocrx_word' id='word_1_92' title='bbox 1284 1015 1349 1055; x_wconf 87' lang='lat' dir='ltr'>fas</span> <span class='ocrx_word' id='word_1_93' title='bbox 1379 1020 1444 1054; x_wconf 86' lang='lat' dir='ltr'>est</span> <span class='ocrx_word' id='word_1_94' title='bbox 1476 1025 1588 1061; x_wconf 86' lang='lat' dir='ltr'>eum,</span> 
     </span>
     <span class='ocr_line' id='line_1_13' title="bbox 130 1087 1590 1144; baseline -0.003 -15"><span class='ocrx_word' id='word_1_95' title='bbox 130 1090 204 1142; x_wconf 88' lang='lat' dir='ltr'>qui</span> <span class='ocrx_word' id='word_1_96' title='bbox 237 1090 280 1129; x_wconf 93' lang='lat' dir='ltr'>in</span> <span class='ocrx_word' id='word_1_97' title='bbox 311 1091 471 1130; x_wconf 85' lang='lat' dir='ltr'>virtute</span> <span class='ocrx_word' id='word_1_98' title='bbox 504 1098 742 1141; x_wconf 88' lang='lat' dir='ltr'>exercetur,</span> <span class='ocrx_word' id='word_1_99' title='bbox 765 1092 994 1132; x_wconf 87' lang='lat' dir='ltr'>contueri.&#39;&#39;</span> <span class='ocrx_word' id='word_1_100' title='bbox 1059 1092 1190 1144; x_wconf 76' lang='lat' dir='ltr'>Quod</span> <span class='ocrx_word' id='word_1_101' title='bbox 1221 1089 1399 1143; x_wconf 87' lang='lat' dir='ltr'>quidem</span> <span class='ocrx_word' id='word_1_102' title='bbox 1429 1087 1590 1126; x_wconf 89' lang='lat' dir='ltr'>scimus</span> 
     </span>
     <span class='ocr_line' id='line_1_14' title="bbox 126 1159 1589 1219; baseline -0.003 -16"><span class='ocrx_word' id='word_1_103' title='bbox 126 1177 156 1203; x_wconf 84' lang='lat' dir='ltr'>a</span> <span class='ocrx_word' id='word_1_104' title='bbox 207 1164 253 1204; x_wconf 90' lang='lat' dir='ltr'>B.</span> <span class='ocrx_word' id='word_1_105' title='bbox 291 1164 491 1205; x_wconf 87' lang='lat' dir='ltr'>Antonio</span> <span class='ocrx_word' id='word_1_106' title='bbox 543 1166 801 1215; x_wconf 87' lang='lat' dir='ltr'>factitatum,</span> <span class='ocrx_word' id='word_1_107' title='bbox 844 1167 917 1219; x_wconf 89' lang='lat' dir='ltr'>qui</span> <span class='ocrx_word' id='word_1_108' title='bbox 970 1180 1023 1205; x_wconf 89' lang='lat' dir='ltr'>ne</span> <span class='ocrx_word' id='word_1_109' title='bbox 1065 1167 1129 1205; x_wconf 90' lang='lat' dir='ltr'>sui</span> <span class='ocrx_word' id='word_1_110' title='bbox 1172 1164 1350 1216; x_wconf 87' lang='lat' dir='ltr'>quidem</span> <span class='ocrx_word' id='word_1_111' title='bbox 1396 1159 1589 1212; x_wconf 90' lang='lat' dir='ltr'>corporis</span> 
     </span>
     <span class='ocr_line' id='line_1_15' title="bbox 130 1237 1587 1293; baseline -0.003 -16"><span class='ocrx_word' id='word_1_112' title='bbox 130 1237 387 1287; x_wconf 89' lang='lat' dir='ltr'>nuditatem,</span> <span class='ocrx_word' id='word_1_113' title='bbox 440 1253 538 1278; x_wconf 90' lang='lat' dir='ltr'>cum</span> <span class='ocrx_word' id='word_1_114' title='bbox 591 1239 753 1280; x_wconf 88' lang='lat' dir='ltr'>flumen</span> <span class='ocrx_word' id='word_1_115' title='bbox 807 1242 843 1280; x_wconf 89' lang='lat' dir='ltr'>ei</span> <span class='ocrx_word' id='word_1_116' title='bbox 898 1241 1044 1293; x_wconf 88' lang='lat' dir='ltr'>Lycus</span> <span class='ocrx_word' id='word_1_117' title='bbox 1095 1237 1410 1279; x_wconf 85' lang='lat' dir='ltr'>transeundum</span> <span class='ocrx_word' id='word_1_118' title='bbox 1463 1239 1587 1282; x_wconf 89' lang='lat' dir='ltr'>esset,</span> 
     </span>
     <span class='ocr_line' id='line_1_16' title="bbox 128 1307 1588 1363; baseline -0.003 -12"><span class='ocrx_word' id='word_1_119' title='bbox 128 1324 283 1363; x_wconf 89' lang='lat' dir='ltr'>passus</span> <span class='ocrx_word' id='word_1_120' title='bbox 314 1317 380 1352; x_wconf 89' lang='lat' dir='ltr'>est</span> <span class='ocrx_word' id='word_1_121' title='bbox 413 1312 580 1362; x_wconf 85' lang='lat' dir='ltr'>intueri,</span> <span class='ocrx_word' id='word_1_122' title='bbox 605 1320 653 1353; x_wconf 88' lang='lat' dir='ltr'>ut</span> <span class='ocrx_word' id='word_1_123' title='bbox 684 1314 957 1354; x_wconf 76' lang='lat' dir='ltr'>Athanasius</span> <span class='ocrx_word' id='word_1_124' title='bbox 991 1313 1119 1353; x_wconf 81' lang='lat' dir='ltr'>refert</span> <span class='ocrx_word' id='word_1_125' title='bbox 1154 1314 1196 1352; x_wconf 90' lang='lat' dir='ltr'>in</span> <span class='ocrx_word' id='word_1_126' title='bbox 1225 1311 1340 1350; x_wconf 82' lang='lat' dir='ltr'>Vita.</span> <span class='ocrx_word' id='word_1_127' title='bbox 1405 1309 1472 1348; x_wconf 89' lang='lat' dir='ltr'>De</span> <span class='ocrx_word' id='word_1_128' title='bbox 1506 1307 1588 1347; x_wconf 88' lang='lat' dir='ltr'>hac</span> 
     </span>
     <span class='ocr_line' id='line_1_17' title="bbox 127 1380 1588 1438; baseline -0.003 -15"><span class='ocrx_word' id='word_1_129' title='bbox 127 1384 387 1425; x_wconf 86' lang='lat' dir='ltr'>verecundia</span> <span class='ocrx_word' id='word_1_130' title='bbox 429 1386 667 1438; x_wconf 86' lang='lat' dir='ltr'>aspiciendi</span> <span class='ocrx_word' id='word_1_131' title='bbox 710 1388 786 1436; x_wconf 88' lang='lat' dir='ltr'>sui,</span> <span class='ocrx_word' id='word_1_132' title='bbox 826 1393 874 1427; x_wconf 91' lang='lat' dir='ltr'>ut</span> <span class='ocrx_word' id='word_1_133' title='bbox 906 1388 1039 1426; x_wconf 86' lang='lat' dir='ltr'>etiam</span> <span class='ocrx_word' id='word_1_134' title='bbox 1077 1384 1300 1437; x_wconf 83' lang='lat' dir='ltr'>tangendi,</span> <span class='ocrx_word' id='word_1_135' title='bbox 1339 1380 1588 1422; x_wconf 83' lang='lat' dir='ltr'>Bernardus</span> 
     </span>
     <span class='ocr_line' id='line_1_18' title="bbox 124 1453 1589 1513; baseline -0.003 -17"><span class='ocrx_word' id='word_1_136' title='bbox 124 1471 186 1497; x_wconf 82' lang='lat' dir='ltr'>ex</span> <span class='ocrx_word' id='word_1_137' title='bbox 222 1457 490 1499; x_wconf 89' lang='lat' dir='ltr'>Ambrosio:</span> <span class='ocrx_word' id='word_1_138' title='bbox 544 1459 727 1512; x_wconf 72' lang='lat' dir='ltr'>“Quam</span> <span class='ocrx_word' id='word_1_139' title='bbox 771 1459 1083 1513; x_wconf 87' lang='lat' dir='ltr'>impudentes,&#39;&#39;</span> <span class='ocrx_word' id='word_1_140' title='bbox 1127 1458 1279 1510; x_wconf 88' lang='lat' dir='ltr'>inquit,</span> <span class='ocrx_word' id='word_1_141' title='bbox 1324 1460 1470 1502; x_wconf 86' lang='lat' dir='ltr'>“sunt,</span> <span class='ocrx_word' id='word_1_142' title='bbox 1514 1453 1589 1505; x_wconf 88' lang='lat' dir='ltr'>qui</span> 
     </span>
     <span class='ocr_line' id='line_1_19' title="bbox 127 1530 1587 1587; baseline -0.003 -16"><span class='ocrx_word' id='word_1_143' title='bbox 127 1531 206 1571; x_wconf 91' lang='lat' dir='ltr'>has</span> <span class='ocrx_word' id='word_1_144' title='bbox 257 1538 446 1572; x_wconf 86' lang='lat' dir='ltr'>secretas</span> <span class='ocrx_word' id='word_1_145' title='bbox 497 1540 642 1586; x_wconf 86' lang='lat' dir='ltr'>partes</span> <span class='ocrx_word' id='word_1_146' title='bbox 693 1535 896 1587; x_wconf 88' lang='lat' dir='ltr'>corporis,</span> <span class='ocrx_word' id='word_1_147' title='bbox 950 1548 1038 1574; x_wconf 84' lang='lat' dir='ltr'>non</span> <span class='ocrx_word' id='word_1_148' title='bbox 1094 1532 1235 1572; x_wconf 88' lang='lat' dir='ltr'>solum</span> <span class='ocrx_word' id='word_1_149' title='bbox 1288 1530 1587 1570; x_wconf 76' lang='lat' dir='ltr'>desiderantes</span> 
     </span>
     <span class='ocr_line' id='line_1_20' title="bbox 120 1603 1587 1660; baseline -0.003 -15"><span class='ocrx_word' id='word_1_150' title='bbox 120 1612 319 1655; x_wconf 85' lang='lat' dir='ltr'>cernunt,</span> <span class='ocrx_word' id='word_1_151' title='bbox 371 1608 448 1646; x_wconf 89' lang='lat' dir='ltr'>sed</span> <span class='ocrx_word' id='word_1_152' title='bbox 502 1608 633 1648; x_wconf 88' lang='lat' dir='ltr'>etiam</span> <span class='ocrx_word' id='word_1_153' title='bbox 686 1609 881 1648; x_wconf 86' lang='lat' dir='ltr'>studiose</span> <span class='ocrx_word' id='word_1_154' title='bbox 932 1605 1208 1660; x_wconf 82' lang='lat' dir='ltr'>tangunt?&#39;’3</span> <span class='ocrx_word' id='word_1_155' title='bbox 1270 1606 1329 1644; x_wconf 86' lang='lat' dir='ltr'>Et</span> <span class='ocrx_word' id='word_1_156' title='bbox 1381 1603 1587 1643; x_wconf 88' lang='lat' dir='ltr'>Clemens</span> 
     </span>
     <span class='ocr_line' id='line_1_21' title="bbox 126 1676 1585 1722; baseline -0.003 -4"><span class='ocrx_word' id='word_1_157' title='bbox 126 1679 259 1719; x_wconf 88' lang='lat' dir='ltr'>etiam</span> <span class='ocrx_word' id='word_1_158' title='bbox 317 1687 468 1721; x_wconf 88' lang='lat' dir='ltr'>monet</span> <span class='ocrx_word' id='word_1_159' title='bbox 521 1682 809 1722; x_wconf 90' lang='lat' dir='ltr'>continendos</span> <span class='ocrx_word' id='word_1_160' title='bbox 861 1696 954 1721; x_wconf 92' lang='lat' dir='ltr'>esse</span> <span class='ocrx_word' id='word_1_161' title='bbox 1007 1681 1156 1721; x_wconf 89' lang='lat' dir='ltr'>oculos</span> <span class='ocrx_word' id='word_1_162' title='bbox 1207 1693 1233 1719; x_wconf 92' lang='lat' dir='ltr'>a</span> <span class='ocrx_word' id='word_1_163' title='bbox 1281 1676 1585 1718; x_wconf 83' lang='lat' dir='ltr'>secretioribus</span> 
     </span>
     <span class='ocr_line' id='line_1_22' title="bbox 125 1750 1587 1808; baseline -0.002 -16"><span class='ocrx_word' id='word_1_164' title='bbox 125 1753 315 1805; x_wconf 89' lang='lat' dir='ltr'>corporis</span> <span class='ocrx_word' id='word_1_165' title='bbox 367 1755 564 1806; x_wconf 88' lang='lat' dir='ltr'>partibus</span> <span class='ocrx_word' id='word_1_166' title='bbox 620 1754 1001 1808; x_wconf 82' lang='lat' dir='ltr'>contemplandis.4</span> <span class='ocrx_word' id='word_1_167' title='bbox 1062 1755 1226 1794; x_wconf 80' lang='lat' dir='ltr'>Tactus</span> <span class='ocrx_word' id='word_1_168' title='bbox 1277 1765 1378 1792; x_wconf 86' lang='lat' dir='ltr'>vero</span> <span class='ocrx_word' id='word_1_169' title='bbox 1432 1750 1587 1802; x_wconf 86' lang='lat' dir='ltr'>plenus</span> 
     </span>
     <span class='ocr_line' id='line_1_23' title="bbox 127 1823 1585 1880; baseline -0.003 -14"><span class='ocrx_word' id='word_1_170' title='bbox 127 1826 260 1866; x_wconf 88' lang='lat' dir='ltr'>etiam</span> <span class='ocrx_word' id='word_1_171' title='bbox 312 1828 405 1879; x_wconf 87' lang='lat' dir='ltr'>ipse</span> <span class='ocrx_word' id='word_1_172' title='bbox 455 1828 633 1880; x_wconf 85' lang='lat' dir='ltr'>periculi</span> <span class='ocrx_word' id='word_1_173' title='bbox 686 1829 998 1868; x_wconf 89' lang='lat' dir='ltr'>custodiendus</span> <span class='ocrx_word' id='word_1_174' title='bbox 1041 1833 1133 1877; x_wconf 74' lang='lat' dir='ltr'>est,</span> <span class='ocrx_word' id='word_1_175' title='bbox 1186 1839 1287 1866; x_wconf 89' lang='lat' dir='ltr'>nam</span> <span class='ocrx_word' id='word_1_176' title='bbox 1333 1830 1491 1877; x_wconf 84' lang='lat' dir='ltr'>praeter</span> <span class='ocrx_word' id='word_1_177' title='bbox 1541 1823 1585 1862; x_wconf 87' lang='lat' dir='ltr'>id</span> 
     </span>
     <span class='ocr_line' id='line_1_24' title="bbox 126 1899 1586 1954; baseline -0.003 -14"><span class='ocrx_word' id='word_1_178' title='bbox 126 1900 244 1952; x_wconf 88' lang='lat' dir='ltr'>quod</span> <span class='ocrx_word' id='word_1_179' title='bbox 287 1900 343 1940; x_wconf 89' lang='lat' dir='ltr'>de</span> <span class='ocrx_word' id='word_1_180' title='bbox 385 1902 430 1940; x_wconf 89' lang='lat' dir='ltr'>B.</span> <span class='ocrx_word' id='word_1_181' title='bbox 457 1901 606 1941; x_wconf 86' lang='lat' dir='ltr'>Leone</span> <span class='ocrx_word' id='word_1_182' title='bbox 643 1916 773 1954; x_wconf 86' lang='lat' dir='ltr'>supra</span> <span class='ocrx_word' id='word_1_183' title='bbox 810 1902 1015 1949; x_wconf 83' lang='lat' dir='ltr'>diximus,</span> <span class='ocrx_word' id='word_1_184' title='bbox 1053 1902 1094 1940; x_wconf 90' lang='lat' dir='ltr'>in</span> <span class='ocrx_word' id='word_1_185' title='bbox 1130 1914 1216 1952; x_wconf 88' lang='lat' dir='ltr'>quo</span> <span class='ocrx_word' id='word_1_186' title='bbox 1251 1899 1425 1938; x_wconf 58' lang='lat' dir='ltr'>feminae</span> <span class='ocrx_word' id='word_1_187' title='bbox 1462 1911 1586 1936; x_wconf 89' lang='lat' dir='ltr'>oscu-</span> 
     </span>
     <span class='ocr_line' id='line_1_25' title="bbox 127 1971 1586 2028; baseline -0.001 -16"><span class='ocrx_word' id='word_1_188' title='bbox 127 1972 218 2012; x_wconf 83' lang='lat' dir='ltr'>lum</span> <span class='ocrx_word' id='word_1_189' title='bbox 267 1973 549 2014; x_wconf 88' lang='lat' dir='ltr'>subsecutum</span> <span class='ocrx_word' id='word_1_190' title='bbox 601 1982 666 2015; x_wconf 89' lang='lat' dir='ltr'>est</span> <span class='ocrx_word' id='word_1_191' title='bbox 721 1975 875 2028; x_wconf 87' lang='lat' dir='ltr'>ingens</span> <span class='ocrx_word' id='word_1_192' title='bbox 926 1975 1065 2014; x_wconf 86' lang='lat' dir='ltr'>carnis</span> <span class='ocrx_word' id='word_1_193' title='bbox 1123 1973 1384 2020; x_wconf 86' lang='lat' dir='ltr'>incendium,</span> <span class='ocrx_word' id='word_1_194' title='bbox 1438 1971 1586 2011; x_wconf 83' lang='lat' dir='ltr'>scribit</span> 
     </span>
     <span class='ocr_line' id='line_1_26' title="bbox 127 2045 1586 2101; baseline -0.002 -15"><span class='ocrx_word' id='word_1_195' title='bbox 127 2047 417 2098; x_wconf 88' lang='lat' dir='ltr'>B.Jordanus</span> <span class='ocrx_word' id='word_1_196' title='bbox 458 2062 504 2087; x_wconf 91' lang='lat' dir='ltr'>se</span> <span class='ocrx_word' id='word_1_197' title='bbox 547 2049 718 2088; x_wconf 86' lang='lat' dir='ltr'>novisse</span> <span class='ocrx_word' id='word_1_198' title='bbox 760 2049 982 2101; x_wconf 85' lang='lat' dir='ltr'>quendam</span> <span class='ocrx_word' id='word_1_199' title='bbox 1026 2062 1198 2100; x_wconf 61' lang='lat' dir='ltr'>magnae</span> <span class='ocrx_word' id='word_1_200' title='bbox 1248 2045 1586 2086; x_wconf 77' lang='lat' dir='ltr'>existimationis</span> 
     </span>
     <span class='ocr_line' id='line_1_27' title="bbox 122 2120 1587 2174; baseline -0.001 -14"><span class='ocrx_word' id='word_1_201' title='bbox 122 2120 276 2170; x_wconf 87' lang='lat' dir='ltr'>virum,</span> <span class='ocrx_word' id='word_1_202' title='bbox 306 2122 584 2174; x_wconf 82' lang='lat' dir='ltr'>eundemque</span> <span class='ocrx_word' id='word_1_203' title='bbox 613 2123 916 2171; x_wconf 88' lang='lat' dir='ltr'>castissimum,</span> <span class='ocrx_word' id='word_1_204' title='bbox 940 2123 1023 2174; x_wconf 87' lang='lat' dir='ltr'>qui,</span> <span class='ocrx_word' id='word_1_205' title='bbox 1048 2136 1104 2162; x_wconf 85' lang='lat' dir='ltr'>ex</span> <span class='ocrx_word' id='word_1_206' title='bbox 1127 2128 1247 2162; x_wconf 82' lang='lat' dir='ltr'>tactu</span> <span class='ocrx_word' id='word_1_207' title='bbox 1275 2120 1425 2173; x_wconf 88' lang='lat' dir='ltr'>pulsus</span> <span class='ocrx_word' id='word_1_208' title='bbox 1448 2133 1587 2172; x_wconf 82' lang='lat' dir='ltr'>aegro-</span> 
     </span>
     <span class='ocr_line' id='line_1_28' title="bbox 118 2194 1586 2248; baseline -0.001 -14"><span class='ocrx_word' id='word_1_209' title='bbox 118 2195 259 2234; x_wconf 78' lang='lat' dir='ltr'>tantis</span> <span class='ocrx_word' id='word_1_210' title='bbox 290 2194 476 2245; x_wconf 77' lang='lat' dir='ltr'>seminae,</span> <span class='ocrx_word' id='word_1_211' title='bbox 510 2197 571 2236; x_wconf 90' lang='lat' dir='ltr'>ita</span> <span class='ocrx_word' id='word_1_212' title='bbox 603 2196 848 2248; x_wconf 87' lang='lat' dir='ltr'>oppugnari</span> <span class='ocrx_word' id='word_1_213' title='bbox 882 2201 925 2236; x_wconf 89' lang='lat' dir='ltr'>et</span> <span class='ocrx_word' id='word_1_214' title='bbox 957 2195 1295 2248; x_wconf 82' lang='lat' dir='ltr'>cogitationibus</span> <span class='ocrx_word' id='word_1_215' title='bbox 1318 2199 1362 2234; x_wconf 90' lang='lat' dir='ltr'>et</span> <span class='ocrx_word' id='word_1_216' title='bbox 1394 2194 1586 2233; x_wconf 90' lang='lat' dir='ltr'>motibus</span> 
     </span>
     <span class='ocr_line' id='line_1_29' title="bbox 122 2267 1588 2322; baseline -0.001 -15"><span class='ocrx_word' id='word_1_217' title='bbox 122 2267 313 2309; x_wconf 86' lang='lat' dir='ltr'>libidinis</span> <span class='ocrx_word' id='word_1_218' title='bbox 346 2275 517 2322; x_wconf 88' lang='lat' dir='ltr'>coeptus</span> <span class='ocrx_word' id='word_1_219' title='bbox 551 2276 627 2318; x_wconf 91' lang='lat' dir='ltr'>est,</span> <span class='ocrx_word' id='word_1_220' title='bbox 651 2276 699 2310; x_wconf 89' lang='lat' dir='ltr'>ut</span> <span class='ocrx_word' id='word_1_221' title='bbox 732 2270 787 2310; x_wconf 92' lang='lat' dir='ltr'>ad</span> <span class='ocrx_word' id='word_1_222' title='bbox 820 2276 1006 2310; x_wconf 91' lang='lat' dir='ltr'>mortem</span> <span class='ocrx_word' id='word_1_223' title='bbox 1041 2283 1178 2322; x_wconf 83' lang='lat' dir='ltr'>usque</span> <span class='ocrx_word' id='word_1_224' title='bbox 1209 2269 1482 2322; x_wconf 82' lang='lat' dir='ltr'>oppugnatio</span> <span class='ocrx_word' id='word_1_225' title='bbox 1516 2267 1588 2307; x_wconf 89' lang='lat' dir='ltr'>illa</span> 
     </span>
     <span class='ocr_line' id='line_1_30' title="bbox 125 2344 686 2396; baseline 0.002 -15"><span class='ocrx_word' id='word_1_226' title='bbox 125 2355 350 2394; x_wconf 89' lang='lat' dir='ltr'>nunquam</span> <span class='ocrx_word' id='word_1_227' title='bbox 382 2344 686 2396; x_wconf 48' lang='lat' dir='ltr'>conquieverit-</span> 
     </span>
    </p>

    <p class='ocr_par' dir='ltr' id='par_1_3' title="bbox 119 2416 1588 2758">
     <span class='ocr_line' id='line_1_31' title="bbox 213 2416 1586 2470; baseline -0.001 -14"><span class='ocrx_word' id='word_1_228' title='bbox 213 2416 321 2456; x_wconf 91' lang='lat' dir='ltr'>Ideo</span> <span class='ocrx_word' id='word_1_229' title='bbox 352 2417 460 2456; x_wconf 88' lang='lat' dir='ltr'>alios</span> <span class='ocrx_word' id='word_1_230' title='bbox 489 2431 534 2457; x_wconf 90' lang='lat' dir='ltr'>se</span> <span class='ocrx_word' id='word_1_231' title='bbox 567 2419 739 2457; x_wconf 89' lang='lat' dir='ltr'>novisse</span> <span class='ocrx_word' id='word_1_232' title='bbox 766 2418 881 2467; x_wconf 90' lang='lat' dir='ltr'>dicit,</span> <span class='ocrx_word' id='word_1_233' title='bbox 905 2418 990 2470; x_wconf 85' lang='lat' dir='ltr'>qui,</span> <span class='ocrx_word' id='word_1_234' title='bbox 1014 2417 1048 2457; x_wconf 91' lang='lat' dir='ltr'>si</span> <span class='ocrx_word' id='word_1_235' title='bbox 1080 2417 1192 2457; x_wconf 91' lang='lat' dir='ltr'>forte</span> <span class='ocrx_word' id='word_1_236' title='bbox 1224 2416 1458 2456; x_wconf 88' lang='lat' dir='ltr'>necessitas</span> <span class='ocrx_word' id='word_1_237' title='bbox 1490 2421 1586 2455; x_wconf 90' lang='lat' dir='ltr'>tan-</span> 
     </span>
     <span class='ocr_line' id='line_1_32' title="bbox 119 2489 1588 2542; baseline 0.001 -14"><span class='ocrx_word' id='word_1_238' title='bbox 119 2489 283 2540; x_wconf 17' lang='lat' dir='ltr'>Vgendae</span> <span class='ocrx_word' id='word_1_239' title='bbox 331 2490 506 2530; x_wconf 82' lang='lat' dir='ltr'>feminae</span> <span class='ocrx_word' id='word_1_240' title='bbox 551 2491 784 2540; x_wconf 90' lang='lat' dir='ltr'>incidisset,</span> <span class='ocrx_word' id='word_1_241' title='bbox 830 2491 1071 2531; x_wconf 88' lang='lat' dir='ltr'>noluissent</span> <span class='ocrx_word' id='word_1_242' title='bbox 1114 2491 1157 2530; x_wconf 90' lang='lat' dir='ltr'>id</span> <span class='ocrx_word' id='word_1_243' title='bbox 1202 2491 1283 2529; x_wconf 89' lang='lat' dir='ltr'>nisi</span> <span class='ocrx_word' id='word_1_244' title='bbox 1330 2489 1588 2542; x_wconf 87' lang='lat' dir='ltr'>interposita</span> 
     </span>
     <span class='ocr_line' id='line_1_33' title="bbox 126 2563 1586 2617; baseline 0.001 -16"><span class='ocrx_word' id='word_1_245' title='bbox 126 2567 246 2602; x_wconf 88' lang='lat' dir='ltr'>veste</span> <span class='ocrx_word' id='word_1_246' title='bbox 277 2563 427 2613; x_wconf 87' lang='lat' dir='ltr'>facere,</span> <span class='ocrx_word' id='word_1_247' title='bbox 451 2566 568 2616; x_wconf 89' lang='lat' dir='ltr'>quod</span> <span class='ocrx_word' id='word_1_248' title='bbox 592 2566 646 2605; x_wconf 89' lang='lat' dir='ltr'>de</span> <span class='ocrx_word' id='word_1_249' title='bbox 669 2565 863 2617; x_wconf 85' lang='lat' dir='ltr'>quodam</span> <span class='ocrx_word' id='word_1_250' title='bbox 892 2565 978 2605; x_wconf 85' lang='lat' dir='ltr'>alio</span> <span class='ocrx_word' id='word_1_251' title='bbox 1008 2565 1156 2604; x_wconf 83' lang='lat' dir='ltr'>scribit</span> <span class='ocrx_word' id='word_1_252' title='bbox 1178 2564 1311 2604; x_wconf 86' lang='lat' dir='ltr'>etiam</span> <span class='ocrx_word' id='word_1_253' title='bbox 1340 2564 1586 2604; x_wconf 88' lang='lat' dir='ltr'>Climacus:</span> 
     </span>
     <span class='ocr_line' id='line_1_34' title="bbox 126 2635 1588 2691; baseline 0.001 -17"><span class='ocrx_word' id='word_1_254' title='bbox 126 2635 421 2677; x_wconf 87' lang='lat' dir='ltr'>“Admoneat</span> <span class='ocrx_word' id='word_1_255' title='bbox 442 2644 485 2678; x_wconf 90' lang='lat' dir='ltr'>te</span> <span class='ocrx_word' id='word_1_256' title='bbox 514 2638 583 2686; x_wconf 86' lang='lat' dir='ltr'>is,’&#39;</span> <span class='ocrx_word' id='word_1_257' title='bbox 615 2639 767 2691; x_wconf 88' lang='lat' dir='ltr'>inquit,</span> <span class='ocrx_word' id='word_1_258' title='bbox 792 2639 900 2690; x_wconf 88' lang='lat' dir='ltr'>“qui</span> <span class='ocrx_word' id='word_1_259' title='bbox 931 2639 1083 2678; x_wconf 89' lang='lat' dir='ltr'>matris</span> <span class='ocrx_word' id='word_1_260' title='bbox 1116 2639 1264 2678; x_wconf 90' lang='lat' dir='ltr'>manui</span> <span class='ocrx_word' id='word_1_261' title='bbox 1297 2638 1477 2690; x_wconf 86' lang='lat' dir='ltr'>pallium</span> <span class='ocrx_word' id='word_1_262' title='bbox 1509 2638 1588 2676; x_wconf 90' lang='lat' dir='ltr'>cir-</span> 
     </span>
     <span class='ocr_line' id='line_1_35' title="bbox 121 2709 1585 2758; baseline 0.001 -10"><span class='ocrx_word' id='word_1_263' title='bbox 121 2709 389 2750; x_wconf 41' lang='lat' dir='ltr'>cumdedit?</span> <span class='ocrx_word' id='word_1_264' title='bbox 454 2710 778 2751; x_wconf 88' lang='lat' dir='ltr'>Custodiendus</span> <span class='ocrx_word' id='word_1_265' title='bbox 814 2717 962 2751; x_wconf 89' lang='lat' dir='ltr'>autem</span> <span class='ocrx_word' id='word_1_266' title='bbox 998 2711 1194 2751; x_wconf 88' lang='lat' dir='ltr'>maxime</span> <span class='ocrx_word' id='word_1_267' title='bbox 1225 2711 1295 2750; x_wconf 89' lang='lat' dir='ltr'>hic</span> <span class='ocrx_word' id='word_1_268' title='bbox 1329 2723 1479 2749; x_wconf 90' lang='lat' dir='ltr'>sensus</span> <span class='ocrx_word' id='word_1_269' title='bbox 1509 2716 1585 2758; x_wconf 90' lang='lat' dir='ltr'>est,</span> 
     </span>
    </p>
   </div>
   <div class='ocr_carea' id='block_1_3' title="bbox 241 2822 1475 2917">
    <p class='ocr_par' dir='ltr' id='par_1_4' title="bbox 241 2822 1475 2917">
     <span class='ocr_line' id='line_1_36' title="bbox 241 2822 1475 2864; baseline 0.002 -10"><span class='ocrx_word' id='word_1_270' title='bbox 241 2822 253 2841; x_wconf 74' lang='lat'>1</span> <span class='ocrx_word' id='word_1_271' title='bbox 278 2824 316 2855; x_wconf 95' lang='lat' dir='ltr'>L.</span> <span class='ocrx_word' id='word_1_272' title='bbox 339 2832 367 2864; x_wconf 84' lang='lat'>3.</span> <span class='ocrx_word' id='word_1_273' title='bbox 389 2835 415 2855; x_wconf 89' lang='lat' dir='ltr'>c.</span> <span class='ocrx_word' id='word_1_274' title='bbox 435 2824 487 2863; x_wconf 83' lang='lat'>46.</span> <span class='ocrx_word' id='word_1_275' title='bbox 623 2824 636 2842; x_wconf 75' lang='lat'>²*</span> <span class='ocrx_word' id='word_1_276' title='bbox 660 2826 745 2857; x_wconf 88' lang='lat' dir='ltr'>Coll.</span> <span class='ocrx_word' id='word_1_277' title='bbox 770 2834 816 2857; x_wconf 89' lang='lat'>12.</span> <span class='ocrx_word' id='word_1_278' title='bbox 839 2836 864 2857; x_wconf 91' lang='lat' dir='ltr'>c.</span> <span class='ocrx_word' id='word_1_279' title='bbox 886 2825 915 2857; x_wconf 84' lang='lat'>8.</span> <span class='ocrx_word' id='word_1_280' title='bbox 1051 2824 1065 2844; x_wconf 75' lang='lat'>3</span> <span class='ocrx_word' id='word_1_281' title='bbox 1089 2825 1197 2856; x_wconf 85' lang='lat' dir='ltr'>Tract.</span> <span class='ocrx_word' id='word_1_282' title='bbox 1219 2825 1259 2855; x_wconf 86' lang='lat' dir='ltr'>de</span> <span class='ocrx_word' id='word_1_283' title='bbox 1277 2824 1355 2856; x_wconf 88' lang='lat' dir='ltr'>Ord.</span> <span class='ocrx_word' id='word_1_284' title='bbox 1379 2825 1475 2856; x_wconf 79' lang='lat' dir='ltr'>Vitae.</span> 
     </span>
     <span class='ocr_line' id='line_1_37' title="bbox 730 2874 992 2917; baseline 0 -10"><span class='ocrx_word' id='word_1_285' title='bbox 730 2874 743 2894; x_wconf 68' lang='lat'>4</span> <span class='ocrx_word' id='word_1_286' title='bbox 769 2876 840 2908; x_wconf 85' lang='lat' dir='ltr'>Sec.</span> <span class='ocrx_word' id='word_1_287' title='bbox 861 2876 992 2917; x_wconf 80' lang='lat' dir='ltr'>Paedag.</span> 
     </span>
    </p>
   </div>
  </div>
 </body>
</html>
