1903 3197
273 194 368 240 668
591 193 670 239 De
705 198 893 238 ναίεσκε
928 193 1123 239 vivendi
1157 193 1418 241 Socz'etatz's.

273 326 507 367 occultant.
570 326 788 380 Quaesivit
816 341 920 380 ergo
955 326 1145 368 Alonius
1175 342 1232 368 ex
1258 328 1440 368 Abbate
1474 328 1744 381 Agathone:

274 401 432 441 “Num
466 401 500 441 si
534 400 676 453 judex
714 415 836 441 reum
871 408 1084 454 quaereret
1121 403 1165 441 in
1202 401 1294 454 ejus
1331 402 1441 443 cella
1477 403 1740 453 latitantem,

272 475 422 515 liceret
439 481 610 515 mutare
631 475 777 524 verba,
798 481 840 515 et
857 476 1023 516 variare
1045 490 1305 527 sermonem,
1329 491 1383 517 ne
1405 491 1526 518 reum
1549 479 1743 520 traderet

274 550 330 590 ad
353 549 652 603 supplicium.”
688 549 770 591 Cui
792 550 976 603 Agatho
995 567 1002 591 :
1026 553 1047 571 “
1062 550 1226 600 licere,”
1253 552 1406 604 inquit,
1432 555 1575 606 “puto
1598 554 1640 593 in
1662 553 1741 594 tali

273 624 468 673 articulo,
503 631 547 665 et
583 626 872 675 necessitate3
919 624 1052 666 debet
1087 632 1237 666 tamen
1272 627 1345 679 qui
1383 627 1426 667 id
1464 629 1566 681 agit,
1600 630 1741 681 pceni-

273 700 459 739 tentiam
483 713 623 752 agere,
648 706 692 740 et
713 700 815 740 fiere
843 701 1116 740 amarissime
1146 701 1189 740 in
1219 708 1457 754 conspectu
1487 702 1583 752 Dei,
1608 709 1743 755 atque

272 773 358 814 hoc
379 780 555 827 tempus
585 774 757 823 habere,
781 775 844 814 uti
873 780 1048 827 tempus
1074 776 1365 816 tentationiS.’'
1419 776 1745 830 Concluditque

274 848 331 889 ad
374 855 624 889 extremum
668 849 842 889 nonnisi
885 849 928 888 in
970 862 1144 889 summa
1186 851 1445 891 necessitate
1477 852 1611 892 verba
1648 865 1743 892 esse

274 924 602 972 commutanda,
627 930 670 963 et
692 937 791 963 cum
815 924 972 963 timore
1002 924 1196 964 Domini.
1259 924 1441 965 Tractat
1463 925 1742 979 Augustinus

273 998 388 1038 hanc
411 998 700 1051 quaestionem
733 999 776 1037 in
805 998 1002 1038 terminis
1034 998 1103 1038 lib.
1128 998 1184 1038 de
1208 999 1443 1040 Mendacio
1465 1001 1521 1040 ad
1546 1000 1742 1041 Consen-

274 1072 398 1122 tium,
437 1086 469 1113 c.
505 1083 565 1123 13.
599 1072 672 1112 ubi
711 1073 816 1125 quid
859 1073 902 1112 in
944 1086 996 1112 eo
1033 1086 1135 1112 casu
1175 1073 1423 1126 Episcopus
1460 1074 1746 1128 Bagastensis‘

276 1146 488 1186 Ecclesiae
524 1147 697 1186 Firmus
734 1146 894 1196 fecerit,
923 1153 1080 1187 narrat.
1123 1147 1277 1187 “Nam
1314 1162 1414 1188 cum
1453 1149 1508 1189 ab
1541 1163 1592 1189 eo
1625 1163 1744 1202 quae-

274 1227 441 1261 reretur
481 1221 616 1261 homo
655 1221 779 1273 jussu
830 1221 1114 1274 Imperatoris
1161 1236 1239 1274 per
1279 1223 1551 1275 apparitores
1594 1224 1650 1264 ab
1693 1237 1745 1264 eo

275 1296 446 1345 missos,
469 1309 600 1348 quem
633 1296 689 1336 ad
723 1309 769 1335 se
801 1295 1138 1348 confugientem,
1163 1297 1393 1349 diligentia
1425 1304 1591 1350 quanta
1622 1304 1747 1351 pote-

275 1375 354 1419 rat,
397 1370 678 1421 occultabat3
731 1371 958 1423 respondit
999 1371 1307 1423 quaerentibus,
1353 1386 1432 1412 nec
1484 1373 1657 1412 mentiri
1700 1386 1747 1413 se

276 1458 417 1498 posse,
448 1459 528 1486 nec
562 1445 788 1485 hominem
822 1445 1032 1498 prodere:
1074 1459 1316 1499 passusque
1351 1447 1491 1487 multa
1523 1446 1746 1487 tormenta

277 1520 471 1572 corporis
503 1520 745 1572 permansit
777 1520 820 1559 in
854 1520 1109 1559 sententia.’'

368 1594 548 1634 Rectius
576 1608 679 1646 ergo
709 1594 810 1633 fecit
841 1593 1099 1647 Episcopus,
1124 1608 1258 1646 quam
1288 1596 1423 1636 sensit
1449 1595 1633 1646 Abbas;
1667 1610 1751 1636 nec·

279 1669 395 1708 enim
438 1668 539 1708 licet
581 1682 638 1708 ex
681 1668 935 1720 Augustino
978 1669 1037 1707 ita
1078 1669 1244 1709 variare
1285 1670 1428 1719 verba,
1471 1676 1519 1710 ut
1560 1670 1747 1710 alterum

278 1743 414 1783 fallas.
490 1742 570 1783 Ille
604 1744 719 1783 enim
753 1743 974 1791 mentitur,
1004 1742 1076 1794 qui
1115 1743 1231 1782 aliud
1270 1743 1406 1784 habet
1439 1745 1481 1784 in
1515 1745 1674 1793 animo,
1705 1750 1753 1785 et

280 1817 398 1858 aliud
440 1818 594 1866 verbis,
633 1817 701 1857 vel
745 1817 903 1869 quibus
949 1816 1056 1856 libet
1097 1817 1489 1869 significationibus
1532 1820 1748 1859 enunciat.

280 1891 430 1945 Quare
472 1906 571 1932 cum
616 1891 721 1931 nihil
767 1892 880 1932 absit
912 1905 937 1931 a
971 1892 1203 1931 mendacio
1240 1893 1398 1933 dubius
1436 1900 1479 1934 et
1516 1894 1748 1946 ambiguus

279 1981 434 2015 sermo,
470 1967 668 2020 profecto
722 1966 841 2006 omni
896 1967 1029 2006 animi
1082 1967 1331 2019 provisione
1382 1969 1602 2009 cavendus
1654 1975 1750 2008 est:

279 2043 383 2095 quia
416 2042 624 2094 quicquid
658 2042 911 2081 enuntiatur
941 2040 1169 2081 voluntate
1201 2041 1392 2093 fallendi,
1422 2049 1470 2083 ut
1502 2057 1559 2083 ex
1592 2043 1748 2083 eodem

279 2115 535 2169 Augustino
568 2116 775 2164 diximus,
807 2115 1084 2155 mendacium
1119 2122 1193 2156 est.
1271 2116 1375 2157 “Sit
1408 2118 1539 2170 igitur
1570 2130 1713 2157 sermo
1729 2116 1748 2131 ”

278 2197 439 2241 noster,
471 2194 491 2210 ⁴‘
510 2191 603 2240 Est,
634 2196 711 2238 est,
742 2190 858 2238 Non,
890 2189 1040 2239 non;'’
1085 2195 1132 2230 ut
1166 2204 1246 2230 nos
1285 2190 1490 2232 Salvator
1525 2192 1746 2239 admonet,

280 2266 436 2318 “quod
470 2266 586 2306 enim
619 2264 687 2304 his
719 2265 1018 2305 abundantius
1051 2270 1126 2312 est,
1156 2278 1181 2304 a
1213 2265 1331 2305 malo
1364 2264 1488 2306 est.⁷'1

371 2341 545 2380 Deinde
578 2340 821 2393 spectanda
854 2345 919 2379 est
948 2340 991 2379 in
1020 2340 1252 2379 verborum
1286 2340 1498 2393 qualitate
1526 2341 1745 2392 gravitas;

281 2415 343 2455 ita
381 2421 429 2455 ut
467 2428 565 2455 cum
606 2415 725 2466 loqui
759 2413 973 2463 volumus,
1009 2415 1120 2454 seria
1156 2428 1244 2454 non
1277 2414 1441 2466 jocosa,
1475 2416 1625 2467 gravia
1661 2429 1751 2455 non

280 2489 404 2538 levia,
440 2503 520 2529 nec
558 2490 691 2528 risum
731 2489 975 2529 excitantia
1016 2489 1298 2541 proferamus.
1377 2489 1518 2542 quue
1554 2490 1752 2543 pluribus

282 2565 338 2605 de
370 2565 523 2612 causis,
546 2564 622 2604 sed
655 2564 874 2616 praecipue
906 2564 1111 2616 quinque.

377 2644 429 2678 10.
464 2637 582 2690 Quia
613 2638 797 2677 dedecet
829 2637 1044 2690 religiosae
1082 2637 1243 2677 scholae
1281 2638 1553 2692 discipulum.
1618 2638 1750 2692 Quod

285 2713 503 2767 significat
532 2713 578 2752 B.
603 2713 869 2752 Benedictus
902 2726 1001 2752 cum
1031 2710 1135 2752 ait:2
1159 2712 1499 2764 “Scurrilitates,
1520 2712 1589 2752 vel
1617 2713 1751 2753 verba

285 2789 439 2838 otiosa,
463 2793 506 2828 et
534 2788 589 2828 ad
623 2788 758 2827 risum
792 2787 1014 2827 moventia
1043 2793 1207 2827 aeterna
1239 2786 1438 2827 clausura
1469 2787 1512 2826 in
1545 2786 1750 2827 omnibus

284 2863 393 2904 locis
415 2863 692 2910 damnamus,
716 2867 760 2901 et
782 2861 837 2901 ad
861 2861 949 2901 tale
971 2861 1193 2914 eloquium
1224 2875 1272 2901 os
1301 2861 1564 2915 discipulum
1586 2861 1753 2914 aperire

674 2950 687 2970 1
711 2951 831 2983 Matth.
854 2958 883 2992 5.
1075 2950 1089 2969 ²
1112 2952 1153 2982 In
1178 2952 1258 2992 Reg.
1280 2962 1307 2984 c.
1328 2951 1359 2983 6.
