<?xml version="1.0" encoding="UTF-8"?>
<!DOCTYPE html PUBLIC "-//W3C//DTD XHTML 1.0 Transitional//EN"
    "http://www.w3.org/TR/xhtml1/DTD/xhtml1-transitional.dtd">
<html xmlns="http://www.w3.org/1999/xhtml" xml:lang="en" lang="en">
 <head>
  <title>
</title>
<meta http-equiv="Content-Type" content="text/html;charset=utf-8" />
  <meta name='ocr-system' content='tesseract 3.04.00' />
  <meta name='ocr-capabilities' content='ocr_page ocr_carea ocr_par ocr_line ocrx_word'/>
</head>
<body>
  <div class='ocr_page' id='page_1' title='image "./nicolaiorlandini00orla/nicolaiorlandini00orla_0565.png"; bbox 0 0 1903 3197; ppageno 0'>
   <div class='ocr_carea' id='block_1_1' title="bbox 463 149 1556 215">
    <p class='ocr_par' dir='ltr' id='par_1_1' title="bbox 463 149 1556 215">
     <span class='ocr_line' id='line_1_1' title="bbox 463 149 1556 215; baseline 0.002 -19"><span class='ocrx_word' id='word_1_1' title='bbox 463 149 674 197; x_wconf 75' lang='lat' dir='ltr'>Ubinam</span> <span class='ocrx_word' id='word_1_2' title='bbox 708 150 961 212; x_wconf 72' lang='lat' dir='ltr'>aedz&#39;ficatz&#39;o</span> <span class='ocrx_word' id='word_1_3' title='bbox 995 153 1092 198; x_wconf 77' lang='lat' dir='ltr'>sila</span> <span class='ocrx_word' id='word_1_4' title='bbox 1126 151 1200 198; x_wconf 76' lang='lat' dir='ltr'>sit.</span> <span class='ocrx_word' id='word_1_5' title='bbox 1465 166 1556 215; x_wconf 88' lang='lat'>545</span> 
     </span>
    </p>
   </div>
   <div class='ocr_carea' id='block_1_2' title="bbox 88 281 1566 2906">
    <p class='ocr_par' dir='ltr' id='par_1_2' title="bbox 88 281 1564 1201">
     <span class='ocr_line' id='line_1_2' title="bbox 183 281 1562 334; baseline 0.004 -13"><span class='ocrx_word' id='word_1_6' title='bbox 183 282 241 322; x_wconf 91' lang='lat' dir='ltr'>Et</span> <span class='ocrx_word' id='word_1_7' title='bbox 272 281 355 322; x_wconf 91' lang='lat' dir='ltr'>hoc</span> <span class='ocrx_word' id='word_1_8' title='bbox 387 287 462 331; x_wconf 88' lang='lat' dir='ltr'>cst,</span> <span class='ocrx_word' id='word_1_9' title='bbox 492 281 526 321; x_wconf 91' lang='lat' dir='ltr'>si</span> <span class='ocrx_word' id='word_1_10' title='bbox 555 294 704 321; x_wconf 86' lang='lat' dir='ltr'>verum</span> <span class='ocrx_word' id='word_1_11' title='bbox 738 281 987 333; x_wconf 79' lang='lat' dir='ltr'>quaerimus,</span> <span class='ocrx_word' id='word_1_12' title='bbox 1016 297 1090 323; x_wconf 92' lang='lat' dir='ltr'>cor</span> <span class='ocrx_word' id='word_1_13' title='bbox 1120 288 1286 323; x_wconf 88' lang='lat' dir='ltr'>rectum</span> <span class='ocrx_word' id='word_1_14' title='bbox 1316 283 1489 334; x_wconf 87' lang='lat' dir='ltr'>habere,</span> <span class='ocrx_word' id='word_1_15' title='bbox 1517 292 1562 327; x_wconf 88' lang='lat' dir='ltr'>et</span> 
     </span>
     <span class='ocr_line' id='line_1_3' title="bbox 93 353 1559 409; baseline 0.002 -13"><span class='ocrx_word' id='word_1_16' title='bbox 93 369 166 396; x_wconf 90' lang='lat' dir='ltr'>cor</span> <span class='ocrx_word' id='word_1_17' title='bbox 206 354 263 395; x_wconf 90' lang='lat' dir='ltr'>ad</span> <span class='ocrx_word' id='word_1_18' title='bbox 307 355 451 394; x_wconf 86' lang='lat' dir='ltr'>Deum</span> <span class='ocrx_word' id='word_1_19' title='bbox 494 354 691 406; x_wconf 83' lang='lat' dir='ltr'>dirigere,</span> <span class='ocrx_word' id='word_1_20' title='bbox 726 359 774 393; x_wconf 89' lang='lat' dir='ltr'>ut</span> <span class='ocrx_word' id='word_1_21' title='bbox 815 353 932 394; x_wconf 87' lang='lat' dir='ltr'>idem</span> <span class='ocrx_word' id='word_1_22' title='bbox 973 355 1251 408; x_wconf 80' lang='lat' dir='ltr'>Augustinus</span> <span class='ocrx_word' id='word_1_23' title='bbox 1290 357 1331 396; x_wconf 89' lang='lat' dir='ltr'>in</span> <span class='ocrx_word' id='word_1_24' title='bbox 1371 358 1434 397; x_wconf 92' lang='lat' dir='ltr'>Ps.</span> <span class='ocrx_word' id='word_1_25' title='bbox 1477 369 1559 409; x_wconf 83' lang='lat'>31:</span> 
     </span>
     <span class='ocr_line' id='line_1_4' title="bbox 94 426 1560 481; baseline 0.003 -14"><span class='ocrx_word' id='word_1_26' title='bbox 94 428 347 468; x_wconf 84' lang='lat' dir='ltr'>“Voluntas</span> <span class='ocrx_word' id='word_1_27' title='bbox 381 432 528 467; x_wconf 89' lang='lat' dir='ltr'>autem</span> <span class='ocrx_word' id='word_1_28' title='bbox 568 427 689 474; x_wconf 89' lang='lat' dir='ltr'>Dei,”</span> <span class='ocrx_word' id='word_1_29' title='bbox 724 426 875 479; x_wconf 88' lang='lat' dir='ltr'>inquit,</span> <span class='ocrx_word' id='word_1_30' title='bbox 914 430 935 447; x_wconf 91' lang='lat'><strong>“</strong></span> <span class='ocrx_word' id='word_1_31' title='bbox 951 434 1027 476; x_wconf 87' lang='lat' dir='ltr'>est,</span> <span class='ocrx_word' id='word_1_32' title='bbox 1064 434 1112 468; x_wconf 87' lang='lat' dir='ltr'>ut</span> <span class='ocrx_word' id='word_1_33' title='bbox 1149 428 1389 481; x_wconf 88' lang='lat' dir='ltr'>aliquando</span> <span class='ocrx_word' id='word_1_34' title='bbox 1429 444 1560 471; x_wconf 88' lang='lat' dir='ltr'>sanus</span> 
     </span>
     <span class='ocr_line' id='line_1_5' title="bbox 91 499 1561 553; baseline 0.002 -12"><span class='ocrx_word' id='word_1_35' title='bbox 91 501 160 549; x_wconf 91' lang='lat' dir='ltr'>sis,</span> <span class='ocrx_word' id='word_1_36' title='bbox 196 500 433 553; x_wconf 88' lang='lat' dir='ltr'>aliquando</span> <span class='ocrx_word' id='word_1_37' title='bbox 466 505 668 552; x_wconf 81' lang='lat' dir='ltr'>aegrotus.</span> <span class='ocrx_word' id='word_1_38' title='bbox 746 499 794 540; x_wconf 86' lang='lat' dir='ltr'>Si</span> <span class='ocrx_word' id='word_1_39' title='bbox 829 501 1007 551; x_wconf 81' lang='lat' dir='ltr'>quando</span> <span class='ocrx_word' id='word_1_40' title='bbox 1045 515 1176 541; x_wconf 90' lang='lat' dir='ltr'>sanus</span> <span class='ocrx_word' id='word_1_41' title='bbox 1217 515 1274 549; x_wconf 90' lang='lat' dir='ltr'>es,</span> <span class='ocrx_word' id='word_1_42' title='bbox 1308 503 1447 544; x_wconf 89' lang='lat' dir='ltr'>dulcis</span> <span class='ocrx_word' id='word_1_43' title='bbox 1479 504 1561 544; x_wconf 92' lang='lat' dir='ltr'>tibi</span> 
     </span>
     <span class='ocr_line' id='line_1_6' title="bbox 92 573 1561 626; baseline 0.003 -12"><span class='ocrx_word' id='word_1_44' title='bbox 92 580 157 615; x_wconf 92' lang='lat' dir='ltr'>est</span> <span class='ocrx_word' id='word_1_45' title='bbox 198 573 400 614; x_wconf 87' lang='lat' dir='ltr'>voluntas</span> <span class='ocrx_word' id='word_1_46' title='bbox 452 573 548 622; x_wconf 87' lang='lat' dir='ltr'>Dei,</span> <span class='ocrx_word' id='word_1_47' title='bbox 591 579 635 613; x_wconf 86' lang='lat' dir='ltr'>et</span> <span class='ocrx_word' id='word_1_48' title='bbox 680 573 859 626; x_wconf 88' lang='lat' dir='ltr'>quando</span> <span class='ocrx_word' id='word_1_49' title='bbox 911 579 1113 626; x_wconf 60' lang='lat' dir='ltr'>:egrotus</span> <span class='ocrx_word' id='word_1_50' title='bbox 1157 588 1305 615; x_wconf 88' lang='lat' dir='ltr'>amara</span> <span class='ocrx_word' id='word_1_51' title='bbox 1360 577 1438 616; x_wconf 91' lang='lat' dir='ltr'>tibi</span> <span class='ocrx_word' id='word_1_52' title='bbox 1493 584 1561 618; x_wconf 91' lang='lat' dir='ltr'>est</span> 
     </span>
     <span class='ocr_line' id='line_1_7' title="bbox 90 646 1561 700; baseline 0.002 -13"><span class='ocrx_word' id='word_1_53' title='bbox 90 647 292 688; x_wconf 87' lang='lat' dir='ltr'>voluntas</span> <span class='ocrx_word' id='word_1_54' title='bbox 325 647 420 695; x_wconf 85' lang='lat' dir='ltr'>Dei,</span> <span class='ocrx_word' id='word_1_55' title='bbox 454 659 541 688; x_wconf 87' lang='lat' dir='ltr'>non</span> <span class='ocrx_word' id='word_1_56' title='bbox 576 652 693 686; x_wconf 88' lang='lat' dir='ltr'>recto</span> <span class='ocrx_word' id='word_1_57' title='bbox 726 646 856 686; x_wconf 91' lang='lat' dir='ltr'>corde</span> <span class='ocrx_word' id='word_1_58' title='bbox 886 660 940 686; x_wconf 88' lang='lat' dir='ltr'>es.</span> <span class='ocrx_word' id='word_1_59' title='bbox 1006 646 1185 699; x_wconf 74' lang='lat' dir='ltr'>Quare?</span> <span class='ocrx_word' id='word_1_60' title='bbox 1239 648 1342 700; x_wconf 89' lang='lat' dir='ltr'>quia</span> <span class='ocrx_word' id='word_1_61' title='bbox 1374 663 1461 689; x_wconf 91' lang='lat' dir='ltr'>non</span> <span class='ocrx_word' id='word_1_62' title='bbox 1497 652 1561 690; x_wconf 88' lang='lat' dir='ltr'>vis</span> 
     </span>
     <span class='ocr_line' id='line_1_8' title="bbox 89 719 1560 772; baseline 0.001 -11"><span class='ocrx_word' id='word_1_63' title='bbox 89 721 362 761; x_wconf 89' lang='lat' dir='ltr'>voluntatem</span> <span class='ocrx_word' id='word_1_64' title='bbox 403 725 526 759; x_wconf 89' lang='lat' dir='ltr'>tuam</span> <span class='ocrx_word' id='word_1_65' title='bbox 568 719 753 772; x_wconf 80' lang='lat' dir='ltr'>dirigere</span> <span class='ocrx_word' id='word_1_66' title='bbox 794 720 850 760; x_wconf 89' lang='lat' dir='ltr'>ad</span> <span class='ocrx_word' id='word_1_67' title='bbox 892 720 1166 761; x_wconf 86' lang='lat' dir='ltr'>voluntatem</span> <span class='ocrx_word' id='word_1_68' title='bbox 1213 721 1310 770; x_wconf 88' lang='lat' dir='ltr'>Dei,</span> <span class='ocrx_word' id='word_1_69' title='bbox 1354 723 1430 762; x_wconf 88' lang='lat' dir='ltr'>sed</span> <span class='ocrx_word' id='word_1_70' title='bbox 1475 723 1560 764; x_wconf 87' lang='lat' dir='ltr'>Dei</span> 
     </span>
     <span class='ocr_line' id='line_1_9' title="bbox 90 792 1561 842; baseline 0.003 -9"><span class='ocrx_word' id='word_1_71' title='bbox 90 795 154 834; x_wconf 90' lang='lat' dir='ltr'>vis</span> <span class='ocrx_word' id='word_1_72' title='bbox 189 807 366 834; x_wconf 87' lang='lat' dir='ltr'>curvare</span> <span class='ocrx_word' id='word_1_73' title='bbox 407 792 463 833; x_wconf 88' lang='lat' dir='ltr'>ad</span> <span class='ocrx_word' id='word_1_74' title='bbox 505 799 636 834; x_wconf 87' lang='lat' dir='ltr'>tuam.</span> <span class='ocrx_word' id='word_1_75' title='bbox 715 793 796 834; x_wconf 88' lang='lat' dir='ltr'>Illa</span> <span class='ocrx_word' id='word_1_76' title='bbox 839 799 957 835; x_wconf 88' lang='lat' dir='ltr'>recta</span> <span class='ocrx_word' id='word_1_77' title='bbox 995 801 1072 842; x_wconf 89' lang='lat' dir='ltr'>est,</span> <span class='ocrx_word' id='word_1_78' title='bbox 1110 794 1187 834; x_wconf 89' lang='lat' dir='ltr'>sed</span> <span class='ocrx_word' id='word_1_79' title='bbox 1225 801 1271 835; x_wconf 91' lang='lat' dir='ltr'>tu</span> <span class='ocrx_word' id='word_1_80' title='bbox 1313 809 1357 835; x_wconf 90' lang='lat' dir='ltr'>es</span> <span class='ocrx_word' id='word_1_81' title='bbox 1395 810 1561 838; x_wconf 86' lang='lat' dir='ltr'>curvus.</span> 
     </span>
     <span class='ocr_line' id='line_1_10' title="bbox 88 867 1561 920; baseline 0.002 -12"><span class='ocrx_word' id='word_1_82' title='bbox 88 867 308 908; x_wconf 81' lang='lat' dir='ltr'>Voluntas</span> <span class='ocrx_word' id='word_1_83' title='bbox 341 872 417 907; x_wconf 89' lang='lat' dir='ltr'>tua</span> <span class='ocrx_word' id='word_1_84' title='bbox 450 867 707 920; x_wconf 79' lang='lat' dir='ltr'>corrigenda</span> <span class='ocrx_word' id='word_1_85' title='bbox 741 874 806 907; x_wconf 90' lang='lat' dir='ltr'>est</span> <span class='ocrx_word' id='word_1_86' title='bbox 842 868 897 908; x_wconf 89' lang='lat' dir='ltr'>ad</span> <span class='ocrx_word' id='word_1_87' title='bbox 936 868 1068 915; x_wconf 89' lang='lat' dir='ltr'>illam,</span> <span class='ocrx_word' id='word_1_88' title='bbox 1110 882 1196 908; x_wconf 87' lang='lat' dir='ltr'>non</span> <span class='ocrx_word' id='word_1_89' title='bbox 1233 868 1306 908; x_wconf 88' lang='lat' dir='ltr'>illa</span> <span class='ocrx_word' id='word_1_90' title='bbox 1339 872 1561 911; x_wconf 87' lang='lat' dir='ltr'>curvanda</span> 
     </span>
     <span class='ocr_line' id='line_1_11' title="bbox 91 940 1563 994; baseline 0.002 -13"><span class='ocrx_word' id='word_1_91' title='bbox 91 947 157 981; x_wconf 90' lang='lat' dir='ltr'>est</span> <span class='ocrx_word' id='word_1_92' title='bbox 186 941 242 981; x_wconf 88' lang='lat' dir='ltr'>ad</span> <span class='ocrx_word' id='word_1_93' title='bbox 272 946 340 981; x_wconf 90' lang='lat' dir='ltr'>te:</span> <span class='ocrx_word' id='word_1_94' title='bbox 374 946 416 980; x_wconf 91' lang='lat' dir='ltr'>et</span> <span class='ocrx_word' id='word_1_95' title='bbox 449 947 614 981; x_wconf 87' lang='lat' dir='ltr'>rectum</span> <span class='ocrx_word' id='word_1_96' title='bbox 646 940 830 981; x_wconf 79' lang='lat' dir='ltr'>habebis</span> <span class='ocrx_word' id='word_1_97' title='bbox 863 941 971 981; x_wconf 88' lang='lat' dir='ltr'>cor.”</span> <span class='ocrx_word' id='word_1_98' title='bbox 1037 942 1118 982; x_wconf 86' lang='lat' dir='ltr'>Est</span> <span class='ocrx_word' id='word_1_99' title='bbox 1150 942 1284 994; x_wconf 78' lang='lat' dir='ltr'>igitur</span> <span class='ocrx_word' id='word_1_100' title='bbox 1320 944 1362 983; x_wconf 88' lang='lat' dir='ltr'>in</span> <span class='ocrx_word' id='word_1_101' title='bbox 1399 944 1563 985; x_wconf 80' lang='lat' dir='ltr'>morbis</span> 
     </span>
     <span class='ocr_line' id='line_1_12' title="bbox 90 1013 1564 1068; baseline 0.003 -14"><span class='ocrx_word' id='word_1_102' title='bbox 90 1014 314 1055; x_wconf 85' lang='lat' dir='ltr'>humilitas</span> <span class='ocrx_word' id='word_1_103' title='bbox 340 1013 659 1066; x_wconf 80' lang='lat' dir='ltr'>praeseferenda</span> <span class='ocrx_word' id='word_1_104' title='bbox 688 1015 876 1066; x_wconf 86' lang='lat' dir='ltr'>primum</span> <span class='ocrx_word' id='word_1_105' title='bbox 904 1028 1006 1068; x_wconf 77' lang='lat' dir='ltr'>erga</span> <span class='ocrx_word' id='word_1_106' title='bbox 1039 1016 1196 1061; x_wconf 82' lang='lat' dir='ltr'>Deum,</span> <span class='ocrx_word' id='word_1_107' title='bbox 1221 1022 1315 1055; x_wconf 88' lang='lat' dir='ltr'>tum</span> <span class='ocrx_word' id='word_1_108' title='bbox 1339 1016 1564 1058; x_wconf 86' lang='lat' dir='ltr'>humiliter</span> 
     </span>
     <span class='ocr_line' id='line_1_13' title="bbox 91 1087 1561 1142; baseline 0.002 -14"><span class='ocrx_word' id='word_1_109' title='bbox 91 1088 146 1128; x_wconf 91' lang='lat' dir='ltr'>ab</span> <span class='ocrx_word' id='word_1_110' title='bbox 199 1101 250 1127; x_wconf 91' lang='lat' dir='ltr'>eo</span> <span class='ocrx_word' id='word_1_111' title='bbox 291 1087 546 1140; x_wconf 87' lang='lat' dir='ltr'>accipiendo</span> <span class='ocrx_word' id='word_1_112' title='bbox 588 1087 824 1140; x_wconf 78' lang='lat' dir='ltr'>flagellum,</span> <span class='ocrx_word' id='word_1_113' title='bbox 869 1094 963 1128; x_wconf 89' lang='lat' dir='ltr'>tum</span> <span class='ocrx_word' id='word_1_114' title='bbox 1007 1088 1099 1140; x_wconf 86' lang='lat' dir='ltr'>ejus</span> <span class='ocrx_word' id='word_1_115' title='bbox 1148 1102 1241 1128; x_wconf 89' lang='lat' dir='ltr'>sese</span> <span class='ocrx_word' id='word_1_116' title='bbox 1286 1089 1561 1142; x_wconf 85' lang='lat' dir='ltr'>subjiciendo</span> 
     </span>
     <span class='ocr_line' id='line_1_14' title="bbox 91 1160 777 1201; baseline 0 0"><span class='ocrx_word' id='word_1_117' title='bbox 91 1161 305 1201; x_wconf 87' lang='lat' dir='ltr'>voluntati</span> <span class='ocrx_word' id='word_1_118' title='bbox 330 1161 372 1200; x_wconf 89' lang='lat' dir='ltr'>in</span> <span class='ocrx_word' id='word_1_119' title='bbox 395 1160 573 1200; x_wconf 86' lang='lat' dir='ltr'>ferenda</span> <span class='ocrx_word' id='word_1_120' title='bbox 595 1161 636 1200; x_wconf 82' lang='lat' dir='ltr'>vi</span> <span class='ocrx_word' id='word_1_121' title='bbox 661 1161 777 1201; x_wconf 88' lang='lat' dir='ltr'>mali.</span> 
     </span>
    </p>

    <p class='ocr_par' dir='ltr' id='par_1_3' title="bbox 92 1234 1566 1729">
     <span class='ocr_line' id='line_1_15' title="bbox 182 1234 1562 1290; baseline 0.004 -17"><span class='ocrx_word' id='word_1_122' title='bbox 182 1235 351 1274; x_wconf 86' lang='lat' dir='ltr'>Eadem</span> <span class='ocrx_word' id='word_1_123' title='bbox 375 1248 476 1274; x_wconf 85' lang='lat' dir='ltr'>vero</span> <span class='ocrx_word' id='word_1_124' title='bbox 505 1234 729 1274; x_wconf 76' lang='lat' dir='ltr'>humilitas</span> <span class='ocrx_word' id='word_1_125' title='bbox 752 1249 855 1287; x_wconf 80' lang='lat' dir='ltr'>erga</span> <span class='ocrx_word' id='word_1_126' title='bbox 884 1236 1090 1284; x_wconf 87' lang='lat' dir='ltr'>medicos,</span> <span class='ocrx_word' id='word_1_127' title='bbox 1115 1249 1423 1289; x_wconf 62' lang='lat' dir='ltr'>aegrorumque</span> <span class='ocrx_word' id='word_1_128' title='bbox 1452 1251 1562 1290; x_wconf 63' lang='lat' dir='ltr'>prce-</span> 
     </span>
     <span class='ocr_line' id='line_1_16' title="bbox 92 1307 1563 1360; baseline 0.002 -12"><span class='ocrx_word' id='word_1_129' title='bbox 92 1308 228 1348; x_wconf 87' lang='lat' dir='ltr'>fectos</span> <span class='ocrx_word' id='word_1_130' title='bbox 263 1307 546 1355; x_wconf 82' lang='lat' dir='ltr'>ostendenda,</span> <span class='ocrx_word' id='word_1_131' title='bbox 582 1307 637 1347; x_wconf 88' lang='lat' dir='ltr'>ad</span> <span class='ocrx_word' id='word_1_132' title='bbox 677 1321 826 1348; x_wconf 86' lang='lat' dir='ltr'>eorum</span> <span class='ocrx_word' id='word_1_133' title='bbox 862 1308 1026 1348; x_wconf 85' lang='lat' dir='ltr'>scilicet</span> <span class='ocrx_word' id='word_1_134' title='bbox 1071 1316 1225 1349; x_wconf 84' lang='lat' dir='ltr'>nutum</span> <span class='ocrx_word' id='word_1_135' title='bbox 1266 1311 1307 1349; x_wconf 90' lang='lat' dir='ltr'>in</span> <span class='ocrx_word' id='word_1_136' title='bbox 1343 1311 1563 1360; x_wconf 81' lang='lat' dir='ltr'>omnibus,</span> 
     </span>
     <span class='ocr_line' id='line_1_17' title="bbox 92 1382 1562 1435; baseline 0.002 -14"><span class='ocrx_word' id='word_1_137' title='bbox 92 1395 191 1435; x_wconf 60' lang='lat' dir='ltr'>quae</span> <span class='ocrx_word' id='word_1_138' title='bbox 223 1382 576 1434; x_wconf 59' lang='lat' dir='ltr'>praescripserint,</span> <span class='ocrx_word' id='word_1_139' title='bbox 600 1382 960 1434; x_wconf 86' lang='lat' dir='ltr'>obtemperando,</span> <span class='ocrx_word' id='word_1_140' title='bbox 986 1388 1033 1421; x_wconf 87' lang='lat' dir='ltr'>ut</span> <span class='ocrx_word' id='word_1_141' title='bbox 1066 1397 1195 1435; x_wconf 88' lang='lat' dir='ltr'>supra</span> <span class='ocrx_word' id='word_1_142' title='bbox 1220 1384 1387 1423; x_wconf 87' lang='lat' dir='ltr'>dictum</span> <span class='ocrx_word' id='word_1_143' title='bbox 1421 1391 1487 1424; x_wconf 85' lang='lat' dir='ltr'>est</span> <span class='ocrx_word' id='word_1_144' title='bbox 1520 1386 1562 1424; x_wconf 88' lang='lat' dir='ltr'>in</span> 
     </span>
     <span class='ocr_line' id='line_1_18' title="bbox 94 1455 1559 1509; baseline 0.002 -14"><span class='ocrx_word' id='word_1_145' title='bbox 94 1455 291 1507; x_wconf 83' lang='lat' dir='ltr'>regulam</span> <span class='ocrx_word' id='word_1_146' title='bbox 315 1461 415 1506; x_wconf 52' lang='lat'>49¹¹,</span> <span class='ocrx_word' id='word_1_147' title='bbox 441 1468 664 1506; x_wconf 88' lang='lat' dir='ltr'>nunquam</span> <span class='ocrx_word' id='word_1_148' title='bbox 689 1469 767 1494; x_wconf 89' lang='lat' dir='ltr'>suo</span> <span class='ocrx_word' id='word_1_149' title='bbox 791 1456 1112 1507; x_wconf 84' lang='lat' dir='ltr'>interponendo</span> <span class='ocrx_word' id='word_1_150' title='bbox 1133 1456 1310 1507; x_wconf 87' lang='lat' dir='ltr'>judicio,</span> <span class='ocrx_word' id='word_1_151' title='bbox 1335 1471 1559 1509; x_wconf 87' lang='lat' dir='ltr'>nunquam</span> 
     </span>
     <span class='ocr_line' id='line_1_19' title="bbox 93 1528 1564 1583; baseline 0.002 -15"><span class='ocrx_word' id='word_1_152' title='bbox 93 1529 383 1581; x_wconf 86' lang='lat' dir='ltr'>importunius</span> <span class='ocrx_word' id='word_1_153' title='bbox 418 1528 653 1576; x_wconf 87' lang='lat' dir='ltr'>instando;</span> <span class='ocrx_word' id='word_1_154' title='bbox 698 1529 774 1568; x_wconf 92' lang='lat' dir='ltr'>sed</span> <span class='ocrx_word' id='word_1_155' title='bbox 814 1529 854 1567; x_wconf 87' lang='lat' dir='ltr'>in</span> <span class='ocrx_word' id='word_1_156' title='bbox 896 1529 1022 1568; x_wconf 87' lang='lat' dir='ltr'>rebus</span> <span class='ocrx_word' id='word_1_157' title='bbox 1061 1529 1265 1569; x_wconf 84' lang='lat' dir='ltr'>omnibus</span> <span class='ocrx_word' id='word_1_158' title='bbox 1304 1544 1477 1583; x_wconf 79' lang='lat' dir='ltr'>semper</span> <span class='ocrx_word' id='word_1_159' title='bbox 1514 1546 1564 1571; x_wconf 88' lang='lat' dir='ltr'>ac</span> 
     </span>
     <span class='ocr_line' id='line_1_20' title="bbox 97 1602 1566 1654; baseline 0.002 -12"><span class='ocrx_word' id='word_1_160' title='bbox 97 1604 190 1642; x_wconf 91' lang='lat' dir='ltr'>sine</span> <span class='ocrx_word' id='word_1_161' title='bbox 223 1602 518 1643; x_wconf 85' lang='lat' dir='ltr'>recussatione</span> <span class='ocrx_word' id='word_1_162' title='bbox 550 1602 758 1654; x_wconf 85' lang='lat' dir='ltr'>parendo,</span> <span class='ocrx_word' id='word_1_163' title='bbox 791 1609 837 1642; x_wconf 86' lang='lat' dir='ltr'>ut</span> <span class='ocrx_word' id='word_1_164' title='bbox 871 1603 1137 1643; x_wconf 79' lang='lat' dir='ltr'>dicebamus.</span> <span class='ocrx_word' id='word_1_165' title='bbox 1205 1604 1312 1643; x_wconf 88' lang='lat' dir='ltr'>Ideo</span> <span class='ocrx_word' id='word_1_166' title='bbox 1348 1604 1430 1644; x_wconf 88' lang='lat' dir='ltr'>hoc</span> <span class='ocrx_word' id='word_1_167' title='bbox 1466 1606 1566 1645; x_wconf 88' lang='lat' dir='ltr'>atti-</span> 
     </span>
     <span class='ocr_line' id='line_1_21' title="bbox 93 1677 423 1729; baseline -0.003 -13"><span class='ocrx_word' id='word_1_168' title='bbox 93 1677 208 1729; x_wconf 80' lang='lat' dir='ltr'>gisse</span> <span class='ocrx_word' id='word_1_169' title='bbox 231 1677 287 1716; x_wconf 85' lang='lat' dir='ltr'>sit</span> <span class='ocrx_word' id='word_1_170' title='bbox 309 1677 423 1716; x_wconf 89' lang='lat' dir='ltr'>satis.</span> 
     </span>
    </p>

    <p class='ocr_par' dir='ltr' id='par_1_4' title="bbox 91 1749 1565 2095">
     <span class='ocr_line' id='line_1_22' title="bbox 181 1749 1565 1803; baseline 0.003 -14"><span class='ocrx_word' id='word_1_171' title='bbox 181 1751 299 1802; x_wconf 83' lang='lat' dir='ltr'>Erga</span> <span class='ocrx_word' id='word_1_172' title='bbox 340 1749 562 1789; x_wconf 87' lang='lat' dir='ltr'>ministros</span> <span class='ocrx_word' id='word_1_173' title='bbox 604 1756 763 1797; x_wconf 86' lang='lat' dir='ltr'>autem,</span> <span class='ocrx_word' id='word_1_174' title='bbox 803 1750 877 1801; x_wconf 88' lang='lat' dir='ltr'>qui</span> <span class='ocrx_word' id='word_1_175' title='bbox 922 1751 1199 1790; x_wconf 82' lang='lat' dir='ltr'>continenter</span> <span class='ocrx_word' id='word_1_176' title='bbox 1245 1752 1565 1803; x_wconf 59' lang='lat' dir='ltr'>{egrotantibus</span> 
     </span>
     <span class='ocr_line' id='line_1_23' title="bbox 93 1822 1561 1877; baseline 0.002 -14"><span class='ocrx_word' id='word_1_177' title='bbox 93 1823 288 1864; x_wconf 82' lang='lat' dir='ltr'>assident</span> <span class='ocrx_word' id='word_1_178' title='bbox 324 1823 421 1875; x_wconf 85' lang='lat' dir='ltr'>plus</span> <span class='ocrx_word' id='word_1_179' title='bbox 465 1822 597 1862; x_wconf 90' lang='lat' dir='ltr'>etiam</span> <span class='ocrx_word' id='word_1_180' title='bbox 640 1822 902 1862; x_wconf 86' lang='lat' dir='ltr'>humilitatis</span> <span class='ocrx_word' id='word_1_181' title='bbox 945 1824 1266 1863; x_wconf 86' lang='lat' dir='ltr'>ostendendum</span> <span class='ocrx_word' id='word_1_182' title='bbox 1307 1831 1398 1875; x_wconf 86' lang='lat' dir='ltr'>est;</span> <span class='ocrx_word' id='word_1_183' title='bbox 1442 1826 1561 1877; x_wconf 83' lang='lat' dir='ltr'>quod</span> 
     </span>
     <span class='ocr_line' id='line_1_24' title="bbox 92 1895 1560 1948; baseline 0.001 -11"><span class='ocrx_word' id='word_1_184' title='bbox 92 1897 220 1937; x_wconf 86' lang='lat' dir='ltr'>faciet</span> <span class='ocrx_word' id='word_1_185' title='bbox 243 1901 446 1948; x_wconf 62' lang='lat' dir='ltr'>aegrotus,</span> <span class='ocrx_word' id='word_1_186' title='bbox 471 1896 506 1934; x_wconf 92' lang='lat' dir='ltr'>si</span> <span class='ocrx_word' id='word_1_187' title='bbox 536 1909 582 1935; x_wconf 92' lang='lat' dir='ltr'>se</span> <span class='ocrx_word' id='word_1_188' title='bbox 612 1895 842 1948; x_wconf 78' lang='lat' dir='ltr'>indignum</span> <span class='ocrx_word' id='word_1_189' title='bbox 872 1896 1168 1936; x_wconf 88' lang='lat' dir='ltr'>ministrorum</span> <span class='ocrx_word' id='word_1_190' title='bbox 1204 1897 1406 1938; x_wconf 85' lang='lat' dir='ltr'>ostendet</span> <span class='ocrx_word' id='word_1_191' title='bbox 1434 1900 1560 1939; x_wconf 93' lang='lat' dir='ltr'>obse-</span> 
     </span>
     <span class='ocr_line' id='line_1_25' title="bbox 91 1969 1558 2023; baseline 0.003 -14"><span class='ocrx_word' id='word_1_192' title='bbox 91 1971 214 2023; x_wconf 87' lang='lat' dir='ltr'>quiis,</span> <span class='ocrx_word' id='word_1_193' title='bbox 253 1970 462 2021; x_wconf 89' lang='lat' dir='ltr'>omnique</span> <span class='ocrx_word' id='word_1_194' title='bbox 499 1969 628 2008; x_wconf 85' lang='lat' dir='ltr'>officii</span> <span class='ocrx_word' id='word_1_195' title='bbox 673 1969 978 2009; x_wconf 79' lang='lat' dir='ltr'>mediocritate</span> <span class='ocrx_word' id='word_1_196' title='bbox 1016 1975 1271 2009; x_wconf 87' lang='lat' dir='ltr'>contentum</span> <span class='ocrx_word' id='word_1_197' title='bbox 1316 1970 1441 2023; x_wconf 89' lang='lat' dir='ltr'>plura</span> <span class='ocrx_word' id='word_1_198' title='bbox 1478 1973 1558 2013; x_wconf 87' lang='lat' dir='ltr'>sibi</span> 
     </span>
     <span class='ocr_line' id='line_1_26' title="bbox 94 2043 1317 2095; baseline -0.001 -12"><span class='ocrx_word' id='word_1_199' title='bbox 94 2043 376 2083; x_wconf 82' lang='lat' dir='ltr'>exsistimans</span> <span class='ocrx_word' id='word_1_200' title='bbox 400 2043 620 2095; x_wconf 79' lang='lat' dir='ltr'>impertiri,</span> <span class='ocrx_word' id='word_1_201' title='bbox 645 2056 778 2094; x_wconf 91' lang='lat' dir='ltr'>quam</span> <span class='ocrx_word' id='word_1_202' title='bbox 805 2056 881 2082; x_wconf 90' lang='lat' dir='ltr'>sua</span> <span class='ocrx_word' id='word_1_203' title='bbox 905 2044 1061 2082; x_wconf 90' lang='lat' dir='ltr'>merita</span> <span class='ocrx_word' id='word_1_204' title='bbox 1085 2043 1317 2095; x_wconf 84' lang='lat' dir='ltr'>postulent.</span> 
     </span>
    </p>

    <p class='ocr_par' dir='ltr' id='par_1_5' title="bbox 93 2116 1564 2906">
     <span class='ocr_line' id='line_1_27' title="bbox 181 2116 1559 2168; baseline 0.001 -12"><span class='ocrx_word' id='word_1_205' title='bbox 181 2118 295 2157; x_wconf 88' lang='lat' dir='ltr'>Item</span> <span class='ocrx_word' id='word_1_206' title='bbox 327 2118 359 2156; x_wconf 86' lang='lat' dir='ltr'>si</span> <span class='ocrx_word' id='word_1_207' title='bbox 392 2130 479 2156; x_wconf 89' lang='lat' dir='ltr'>non</span> <span class='ocrx_word' id='word_1_208' title='bbox 504 2122 550 2156; x_wconf 92' lang='lat' dir='ltr'>ut</span> <span class='ocrx_word' id='word_1_209' title='bbox 575 2117 718 2164; x_wconf 87' lang='lat' dir='ltr'>servis,</span> <span class='ocrx_word' id='word_1_210' title='bbox 744 2117 820 2156; x_wconf 86' lang='lat' dir='ltr'>sed</span> <span class='ocrx_word' id='word_1_211' title='bbox 851 2122 897 2156; x_wconf 89' lang='lat' dir='ltr'>ut</span> <span class='ocrx_word' id='word_1_212' title='bbox 920 2116 1136 2163; x_wconf 85' lang='lat' dir='ltr'>fratribus,</span> <span class='ocrx_word' id='word_1_213' title='bbox 1163 2117 1368 2157; x_wconf 82' lang='lat' dir='ltr'>ministris</span> <span class='ocrx_word' id='word_1_214' title='bbox 1400 2124 1559 2168; x_wconf 85' lang='lat' dir='ltr'>utatur,</span> 
     </span>
     <span class='ocr_line' id='line_1_28' title="bbox 94 2190 1564 2243; baseline 0.001 -13"><span class='ocrx_word' id='word_1_215' title='bbox 94 2190 199 2231; x_wconf 89' lang='lat' dir='ltr'>nihil</span> <span class='ocrx_word' id='word_1_216' title='bbox 223 2205 279 2230; x_wconf 81' lang='lat' dir='ltr'>ex</span> <span class='ocrx_word' id='word_1_217' title='bbox 304 2190 497 2242; x_wconf 88' lang='lat' dir='ltr'>imperio,</span> <span class='ocrx_word' id='word_1_218' title='bbox 521 2190 596 2230; x_wconf 88' lang='lat' dir='ltr'>sed</span> <span class='ocrx_word' id='word_1_219' title='bbox 629 2190 768 2242; x_wconf 81' lang='lat' dir='ltr'>magis</span> <span class='ocrx_word' id='word_1_220' title='bbox 799 2190 1000 2242; x_wconf 81' lang='lat' dir='ltr'>precibus</span> <span class='ocrx_word' id='word_1_221' title='bbox 1023 2203 1121 2229; x_wconf 89' lang='lat' dir='ltr'>cum</span> <span class='ocrx_word' id='word_1_222' title='bbox 1147 2191 1196 2229; x_wconf 90' lang='lat' dir='ltr'>iis</span> <span class='ocrx_word' id='word_1_223' title='bbox 1218 2204 1364 2243; x_wconf 77' lang='lat' dir='ltr'>agens,</span> <span class='ocrx_word' id='word_1_224' title='bbox 1390 2193 1564 2243; x_wconf 89' lang='lat' dir='ltr'>quoties</span> 
     </span>
     <span class='ocr_line' id='line_1_29' title="bbox 93 2251 1561 2317; baseline 0.001 -12"><span class='ocrx_word' id='word_1_225' title='bbox 93 2265 173 2305; x_wconf 80' lang='lat' dir='ltr'>sibi</span> <span class='ocrx_word' id='word_1_226' title='bbox 208 2251 373 2316; x_wconf 78' lang='lat' dir='ltr'>aliquid</span> <span class='ocrx_word' id='word_1_227' title='bbox 407 2270 481 2304; x_wconf 85' lang='lat' dir='ltr'>aut</span> <span class='ocrx_word' id='word_1_228' title='bbox 514 2278 624 2316; x_wconf 89' lang='lat' dir='ltr'>opus</span> <span class='ocrx_word' id='word_1_229' title='bbox 657 2263 795 2311; x_wconf 83' lang='lat' dir='ltr'>fuerit,</span> <span class='ocrx_word' id='word_1_230' title='bbox 818 2270 894 2303; x_wconf 88' lang='lat' dir='ltr'>aut</span> <span class='ocrx_word' id='word_1_231' title='bbox 921 2264 1197 2316; x_wconf 86' lang='lat' dir='ltr'>concupierit.</span> <span class='ocrx_word' id='word_1_232' title='bbox 1264 2265 1561 2317; x_wconf 88' lang='lat' dir='ltr'>Reperiuntur</span> 
     </span>
     <span class='ocr_line' id='line_1_30' title="bbox 93 2337 1561 2390; baseline 0.001 -11"><span class='ocrx_word' id='word_1_233' title='bbox 93 2340 209 2379; x_wconf 91' lang='lat' dir='ltr'>enim</span> <span class='ocrx_word' id='word_1_234' title='bbox 243 2339 462 2378; x_wconf 89' lang='lat' dir='ltr'>interdum</span> <span class='ocrx_word' id='word_1_235' title='bbox 500 2338 633 2390; x_wconf 87' lang='lat' dir='ltr'>aliqui</span> <span class='ocrx_word' id='word_1_236' title='bbox 672 2344 796 2378; x_wconf 88' lang='lat' dir='ltr'>tanta</span> <span class='ocrx_word' id='word_1_237' title='bbox 832 2337 1065 2377; x_wconf 86' lang='lat' dir='ltr'>insolentia</span> <span class='ocrx_word' id='word_1_238' title='bbox 1102 2352 1152 2377; x_wconf 91' lang='lat' dir='ltr'>ac</span> <span class='ocrx_word' id='word_1_239' title='bbox 1191 2340 1479 2388; x_wconf 84' lang='lat' dir='ltr'>contumacia,</span> <span class='ocrx_word' id='word_1_240' title='bbox 1513 2347 1561 2380; x_wconf 90' lang='lat' dir='ltr'>ut</span> 
     </span>
     <span class='ocr_line' id='line_1_31' title="bbox 94 2410 1560 2461; baseline 0.001 -10"><span class='ocrx_word' id='word_1_241' title='bbox 94 2412 439 2452; x_wconf 87' lang='lat' dir='ltr'>ministrantibus</span> <span class='ocrx_word' id='word_1_242' title='bbox 481 2412 696 2461; x_wconf 87' lang='lat' dir='ltr'>fratribus,</span> <span class='ocrx_word' id='word_1_243' title='bbox 742 2411 994 2451; x_wconf 75' lang='lat' dir='ltr'>reverentia:</span> <span class='ocrx_word' id='word_1_244' title='bbox 1033 2410 1155 2451; x_wconf 91' lang='lat' dir='ltr'>obliti</span> <span class='ocrx_word' id='word_1_245' title='bbox 1194 2411 1408 2461; x_wconf 67' lang='lat' dir='ltr'>fraternae,</span> <span class='ocrx_word' id='word_1_246' title='bbox 1447 2418 1560 2452; x_wconf 86' lang='lat' dir='ltr'>tam-</span> 
     </span>
     <span class='ocr_line' id='line_1_32' title="bbox 95 2485 1560 2538; baseline 0.001 -13"><span class='ocrx_word' id='word_1_247' title='bbox 95 2499 227 2538; x_wconf 85' lang='lat' dir='ltr'>quam</span> <span class='ocrx_word' id='word_1_248' title='bbox 261 2486 348 2525; x_wconf 89' lang='lat' dir='ltr'>suis</span> <span class='ocrx_word' id='word_1_249' title='bbox 382 2485 555 2525; x_wconf 90' lang='lat' dir='ltr'>famulis</span> <span class='ocrx_word' id='word_1_250' title='bbox 585 2485 814 2538; x_wconf 89' lang='lat' dir='ltr'>imperant,</span> <span class='ocrx_word' id='word_1_251' title='bbox 850 2485 938 2524; x_wconf 88' lang='lat' dir='ltr'>imo</span> <span class='ocrx_word' id='word_1_252' title='bbox 974 2498 1048 2524; x_wconf 89' lang='lat' dir='ltr'>eos</span> <span class='ocrx_word' id='word_1_253' title='bbox 1083 2485 1216 2524; x_wconf 87' lang='lat' dir='ltr'>etiam</span> <span class='ocrx_word' id='word_1_254' title='bbox 1254 2486 1475 2538; x_wconf 90' lang='lat' dir='ltr'>increpare</span> <span class='ocrx_word' id='word_1_255' title='bbox 1517 2493 1560 2526; x_wconf 91' lang='lat' dir='ltr'>et</span> 
     </span>
     <span class='ocr_line' id='line_1_33' title="bbox 95 2558 1561 2611; baseline -0.001 -12"><span class='ocrx_word' id='word_1_256' title='bbox 95 2559 300 2600; x_wconf 90' lang='lat' dir='ltr'>conviciis</span> <span class='ocrx_word' id='word_1_257' title='bbox 342 2559 582 2599; x_wconf 88' lang='lat' dir='ltr'>consectari</span> <span class='ocrx_word' id='word_1_258' title='bbox 620 2572 706 2598; x_wconf 87' lang='lat' dir='ltr'>non</span> <span class='ocrx_word' id='word_1_259' title='bbox 748 2565 990 2608; x_wconf 87' lang='lat' dir='ltr'>vereantur,</span> <span class='ocrx_word' id='word_1_260' title='bbox 1033 2558 1144 2598; x_wconf 84' lang='lat' dir='ltr'>sicut</span> <span class='ocrx_word' id='word_1_261' title='bbox 1180 2559 1322 2598; x_wconf 82' lang='lat' dir='ltr'>vocati</span> <span class='ocrx_word' id='word_1_262' title='bbox 1360 2560 1561 2611; x_wconf 85' lang='lat' dir='ltr'>protinus</span> 
     </span>
     <span class='ocr_line' id='line_1_34' title="bbox 96 2631 1556 2684; baseline -0.001 -12"><span class='ocrx_word' id='word_1_263' title='bbox 96 2637 452 2681; x_wconf 61' lang='lat' dir='ltr'>nonaccurrant,</span> <span class='ocrx_word' id='word_1_264' title='bbox 485 2637 572 2680; x_wconf 89' lang='lat' dir='ltr'>aut,</span> <span class='ocrx_word' id='word_1_265' title='bbox 597 2632 714 2684; x_wconf 89' lang='lat' dir='ltr'>quod</span> <span class='ocrx_word' id='word_1_266' title='bbox 748 2631 1099 2679; x_wconf 88' lang='lat' dir='ltr'>desideraverint,</span> <span class='ocrx_word' id='word_1_267' title='bbox 1126 2631 1236 2671; x_wconf 89' lang='lat' dir='ltr'>forte</span> <span class='ocrx_word' id='word_1_268' title='bbox 1269 2631 1556 2683; x_wconf 81' lang='lat' dir='ltr'>neglexerint.</span> 
     </span>
     <span class='ocr_line' id='line_1_35' title="bbox 97 2704 1558 2758; baseline -0.001 -12"><span class='ocrx_word' id='word_1_269' title='bbox 97 2706 317 2746; x_wconf 88' lang='lat' dir='ltr'>Nimirum</span> <span class='ocrx_word' id='word_1_270' title='bbox 340 2706 493 2758; x_wconf 81' lang='lat' dir='ltr'>ingens</span> <span class='ocrx_word' id='word_1_271' title='bbox 516 2707 599 2745; x_wconf 90' lang='lat' dir='ltr'>ista</span> <span class='ocrx_word' id='word_1_272' title='bbox 622 2705 826 2758; x_wconf 88' lang='lat' dir='ltr'>superbia</span> <span class='ocrx_word' id='word_1_273' title='bbox 849 2711 926 2754; x_wconf 85' lang='lat' dir='ltr'>est,</span> <span class='ocrx_word' id='word_1_274' title='bbox 945 2710 987 2745; x_wconf 91' lang='lat' dir='ltr'>et</span> <span class='ocrx_word' id='word_1_275' title='bbox 1005 2719 1029 2745; x_wconf 89' lang='lat' dir='ltr'>a</span> <span class='ocrx_word' id='word_1_276' title='bbox 1048 2704 1349 2758; x_wconf 79' lang='lat' dir='ltr'>religiosorum</span> <span class='ocrx_word' id='word_1_277' title='bbox 1374 2712 1417 2745; x_wconf 91' lang='lat' dir='ltr'>et</span> <span class='ocrx_word' id='word_1_278' title='bbox 1435 2718 1558 2745; x_wconf 86' lang='lat' dir='ltr'>sanc-</span> 
     </span>
     <span class='ocr_line' id='line_1_36' title="bbox 96 2779 1560 2831; baseline -0.001 -11"><span class='ocrx_word' id='word_1_279' title='bbox 96 2786 241 2821; x_wconf 86' lang='lat' dir='ltr'>torum</span> <span class='ocrx_word' id='word_1_280' title='bbox 265 2780 459 2820; x_wconf 87' lang='lat' dir='ltr'>moribus</span> <span class='ocrx_word' id='word_1_281' title='bbox 477 2779 629 2828; x_wconf 84' lang='lat' dir='ltr'>aliena,</span> <span class='ocrx_word' id='word_1_282' title='bbox 649 2779 736 2831; x_wconf 88' lang='lat' dir='ltr'>qui,</span> <span class='ocrx_word' id='word_1_283' title='bbox 754 2792 853 2819; x_wconf 89' lang='lat' dir='ltr'>curn</span> <span class='ocrx_word' id='word_1_284' title='bbox 873 2784 1102 2831; x_wconf 62' lang='lat' dir='ltr'>aegrotant,</span> <span class='ocrx_word' id='word_1_285' title='bbox 1123 2779 1326 2830; x_wconf 78' lang='lat' dir='ltr'>indignos</span> <span class='ocrx_word' id='word_1_286' title='bbox 1349 2791 1395 2818; x_wconf 90' lang='lat' dir='ltr'>se</span> <span class='ocrx_word' id='word_1_287' title='bbox 1411 2779 1560 2831; x_wconf 88' lang='lat' dir='ltr'>potius</span> 
     </span>
     <span class='ocr_line' id='line_1_37' title="bbox 96 2852 1560 2906; baseline -0.001 -12"><span class='ocrx_word' id='word_1_288' title='bbox 96 2868 317 2897; x_wconf 89' lang='lat' dir='ltr'>servorum</span> <span class='ocrx_word' id='word_1_289' title='bbox 356 2855 439 2895; x_wconf 91' lang='lat' dir='ltr'>Dei</span> <span class='ocrx_word' id='word_1_290' title='bbox 478 2859 724 2906; x_wconf 69' lang='lat' dir='ltr'>agnoscunt</span> <span class='ocrx_word' id='word_1_291' title='bbox 759 2853 992 2905; x_wconf 87' lang='lat' dir='ltr'>obsequiis,</span> <span class='ocrx_word' id='word_1_292' title='bbox 1032 2865 1165 2904; x_wconf 89' lang='lat' dir='ltr'>quam</span> <span class='ocrx_word' id='word_1_293' title='bbox 1202 2858 1250 2892; x_wconf 86' lang='lat' dir='ltr'>ut</span> <span class='ocrx_word' id='word_1_294' title='bbox 1288 2865 1339 2892; x_wconf 88' lang='lat' dir='ltr'>ea</span> <span class='ocrx_word' id='word_1_295' title='bbox 1376 2852 1560 2905; x_wconf 85' lang='lat' dir='ltr'>exigant</span> 
     </span>
    </p>
   </div>
   <div class='ocr_carea' id='block_1_3' title="bbox 267 2930 308 2971">
    <p class='ocr_par' dir='ltr' id='par_1_6' title="bbox 267 2930 308 2971">
     <span class='ocr_line' id='line_1_38' title="bbox 267 2930 308 2971; baseline -0.024 0"><span class='ocrx_word' id='word_1_296' title='bbox 267 2930 308 2971; x_wconf 89' lang='lat' dir='ltr'>JJ</span> 
     </span>
    </p>
   </div>
  </div>
 </body>
</html>
