1903 3197
324 202 418 261 378
647 199 732 244 De>
759 198 948 244 ratione
981 195 1172 243 vivendi
1207 195 1464 241 Socz'elatz's.

319 334 522 373 inunctos
564 331 768 380 lambere,
811 330 1026 382 labiisque
1069 328 1304 381 detergere.
1378 333 1435 366 20.
1478 325 1673 366 Vitanda
1716 331 1781 366 est

320 408 453 448 etiam
489 407 532 445 in
562 405 728 445 eisdem
758 404 866 444 cibis
900 405 942 443 in
977 418 1025 444 os
1059 403 1310 449 inserendis,
1335 414 1400 450 ne,
1424 400 1529 440 dum
1563 414 1636 440 eos
1669 400 1781 440 inse-

320 481 464 528 rimus,
498 479 681 519 barbam
715 484 758 518 et
791 484 988 517 mentum
1032 477 1320 529 inquinemus,
1355 488 1464 514 neve
1495 488 1704 526 mappam
1738 480 1781 513 et

321 567 531 602 mensam,
571 560 614 593 et
654 559 797 592 vestes
839 553 955 604 ipsas
992 565 1101 603 quas
1142 550 1343 602 gerimus,
1383 547 1782 597 commaculemus;

320 627 670 680 intemperantiae
706 632 844 674 notas,
881 638 1143 678 quocunque
1178 623 1457 676 ingredimur,
1493 622 1596 661 totis
1633 627 1782 673 pecto-

321 702 438 741 ribus
474 706 756 741 ostentantes.
822 698 1027 740 Clemens
1062 711 1217 750 supra:
1261 695 1375 736 “Ab
1410 695 1530 735 omni
1564 694 1705 734 servili
1741 700 1784 734 et

320 775 520 815 illiberali
556 775 728 814 actione
763 779 806 812 et
841 772 1177 824 intemperantia
1211 769 1522 810 abstinendum
1561 774 1652 817 est,
1686 782 1784 820 quae

320 855 602 902 apponuntur
643 847 827 887 honeste
869 846 1105 898 tangendo,
1150 850 1193 884 et
1235 857 1414 883 manum
1458 849 1500 882 et
1542 842 1703 882 lectum
1742 847 1786 882 et

319 923 504 963 barbam
536 922 751 961 servando
785 917 1098 972 impollutam.'’
1163 917 1347 957 Lectum
1379 917 1493 956 dixit
1519 930 1597 968 pro
1621 929 1783 963 mensa,

322 997 424 1049 quia
457 996 498 1035 in
533 995 655 1034 lectis
687 993 791 1033 olim
825 992 1163 1032 discumbebant
1195 996 1430 1030 coenantes.
1496 995 1551 1039 30.
1588 989 1639 1028 In
1663 1002 1784 1028 man-

322 1070 468 1110 dendo
501 1067 863 1118 conficiendoque
895 1066 992 1105 cibo
1025 1065 1180 1104 eadem
1213 1069 1278 1103 est
1310 1062 1553 1115 inquinatio
1577 1061 1783 1108 cavenda,

321 1157 376 1183 ne
411 1143 479 1183 vel
518 1143 724 1194 strepitus
762 1139 918 1192 aliquis
957 1138 1062 1177 dum
1101 1137 1323 1177 manditur
1357 1136 1630 1184 exaudiatur,
1654 1148 1785 1187 quem

322 1217 631 1256 Bonaventura
684 1214 898 1254 labiorum
955 1211 1194 1252 tumultum
1247 1209 1475 1262 appellat;
1530 1208 1597 1248 vel
1649 1209 1787 1261 prius--

323 1304 456 1343 quam
500 1294 767 1329 extenuatus
809 1288 865 1327 sit
907 1287 1040 1333 cibus,
1078 1286 1120 1324 in
1158 1291 1442 1335 ventremque
1484 1282 1689 1335 delapsus
1732 1282 1787 1322 ad

322 1364 455 1404 alium
492 1375 726 1416 properes,
759 1361 826 1401 vel
862 1373 1159 1413 przemansum
1193 1357 1368 1409 aliquid,
1401 1363 1476 1396 aut
1513 1356 1646 1395 etiam
1679 1369 1788 1408 prze-

324 1450 518 1477 morsum
561 1437 605 1476 in
649 1449 799 1475 mensa
841 1434 1039 1481 colloces,
1084 1446 1191 1471 mox
1234 1433 1390 1471 iterum
1433 1429 1787 1482 degustandum;

323 1510 392 1550 vel
434 1511 477 1549 in
513 1510 698 1550 eandem
734 1521 932 1548 mensam
976 1506 1128 1546 inutile
1166 1505 1331 1557 aliquid
1369 1518 1426 1543 ex
1464 1503 1695 1543 esculentis
1734 1503 1789 1542 ab

325 1598 398 1624 ore
432 1583 662 1636 projicias3
694 1582 762 1622 vel
798 1582 998 1633 denique,
1033 1581 1196 1620 ossium
1227 1578 1547 1618 corrosionibus
1579 1577 1789 1616 curiosius

325 1658 510 1705 insistas,
558 1671 655 1709 quae
709 1657 867 1703 omnia,
914 1661 960 1694 ut
1007 1653 1228 1694 illiberalis
1274 1659 1408 1704 atque
1455 1651 1788 1703 intemperantis

324 1732 515 1772 hominis
538 1737 676 1779 notas,
700 1731 1008 1769 Bonaventura
1037 1728 1236 1780 praecipit
1266 1723 1504 1778 fugienda.1
1552 1725 1700 1776 Turpe
1724 1730 1789 1764 est

326 1805 459 1845 etiam
499 1805 686 1844 multum
721 1803 890 1843 obsonii
922 1803 965 1841 in
995 1815 1043 1841 os
1074 1802 1279 1852 ingerere,
1302 1805 1346 1839 et
1375 1798 1591 1838 olerorum
1623 1798 1791 1849 magni-

324 1879 477 1920 tudine
509 1879 668 1918 buccas
700 1875 881 1916 inflare.²'
944 1875 1174 1916 Clemens:
1225 1874 1355 1913 “Nec
1392 1872 1562 1912 obsonii
1601 1871 1787 1911 multum

326 1952 616 2006 ingerendum
647 1957 723 2000 est,
752 1964 894 2002 neque
928 1949 1043 1989 enim
1077 1954 1125 1988 ut
1155 1948 1387 1988 obsonium
1421 1947 1610 1994 devoret,
1633 1945 1710 1985 sed
1743 1950 1792 1984 ut

324 2026 545 2067 frumento
581 2032 793 2073 vescatur,
827 2023 994 2064 homini
1033 2024 1232 2062 innatum
1272 2027 1346 2061 est.
1409 2026 1467 2070 40.
1504 2020 1555 2059 In
1592 2019 1788 2072 potando

325 2101 458 2141 etIam
491 2100 633 2140 omnis
667 2106 731 2139 est
764 2098 993 2151 impuritas
1027 2095 1243 2136 evitanda.
1309 2095 1373 2135 Ut
1402 2108 1482 2133 nec
1510 2094 1639 2132 nimis
1663 2092 1790 2132 avide

324 2176 475 2215 vinum
499 2174 784 2221 attrahamus,
809 2178 857 2212 ut
878 2172 995 2211 idem
1018 2170 1229 2210 admonet
1253 2168 1468 2216 Clemens,
1487 2180 1566 2206 nec
1589 2172 1788 2205 mentum

325 2261 678 2301 conspergamus,
701 2252 957 2297 vestemque
981 2242 1337 2289 madefaciamus,
1362 2241 1468 2280 dum
1498 2246 1629 2293 potus
1659 2239 1789 2279 simul

325 2327 445 2362 totus
487 2320 738 2368 infunditur,
777 2319 932 2358 faciem
976 2323 1171 2357 nostram
1213 2315 1381 2368 phialis,
1419 2321 1467 2354 ut
1509 2315 1544 2354 is
1586 2314 1790 2366 loquitur,

325 2395 587 2448 proluentes.
673 2394 902 2446 Impurum
945 2392 1077 2431 etiam
1120 2396 1163 2430 et
1215 2389 1469 2429 indecorum
1512 2389 1555 2427 in
1596 2387 1790 2428 bibendo

323 2468 622 2522 spectaculum
676 2481 733 2507 ex
785 2466 990 2506 festinata
1040 2464 1268 2517 potatione
1326 2476 1558 2503 susurrus:
1621 2462 1786 2501 “Dum

323 2543 492 2597 potus,”
527 2543 677 2595 inquit,
711 2544 908 2593 “magno
945 2541 1112 2592 impetu
1151 2539 1295 2586 fertur,
1329 2543 1373 2577 et
1408 2537 1597 2590 plurimo
1635 2536 1787 2589 spiritu

326 2617 570 2666 attrahitur,
599 2616 781 2669 perinde
813 2629 864 2655 ac
895 2615 929 2654 si
962 2615 1006 2654 in
1037 2627 1114 2653 vas
1143 2612 1275 2653 fictile
1307 2610 1587 2660 infundatur;
1619 2616 1789 2662 guttur-

325 2706 410 2745 que
447 2696 622 2731 resonat
651 2695 832 2743 propter
863 2687 1062 2741 rapidam
1096 2683 1521 2739 ingurgitationem.‘'
1585 2684 1658 2723 Ex
1700 2696 1788 2735 quo

325 2766 455 2807 efficit
498 2764 714 2812 Clemens,
756 2761 930 2816 placide
980 2775 1031 2801 ac
1081 2759 1325 2812 tranquille,
1379 2772 1467 2798 non
1518 2771 1617 2797 cum
1670 2756 1788 2797 festi-

327 2840 505 2880 natione
556 2836 809 2886 bibendum,
854 2834 972 2876 nulla
1022 2834 1265 2888 praesertim
1313 2832 1605 2873 festinationis
1656 2843 1788 2870 causa

644 2926 655 2946 ³
681 2927 821 2960 Ibidem.
1109 2923 1122 2942 2
1146 2923 1278 2964 Paedag.
1299 2923 1320 2954 l.
1341 2931 1370 2954 2.
1391 2932 1418 2953 c,
1440 2927 1468 2961 7.
