<?xml version="1.0" encoding="UTF-8"?>
<!DOCTYPE html PUBLIC "-//W3C//DTD XHTML 1.0 Transitional//EN"
    "http://www.w3.org/TR/xhtml1/DTD/xhtml1-transitional.dtd">
<html xmlns="http://www.w3.org/1999/xhtml" xml:lang="en" lang="en">
 <head>
  <title>
</title>
<meta http-equiv="Content-Type" content="text/html;charset=utf-8" />
  <meta name='ocr-system' content='tesseract 3.04.00' />
  <meta name='ocr-capabilities' content='ocr_page ocr_carea ocr_par ocr_line ocrx_word'/>
</head>
<body>
  <div class='ocr_page' id='page_1' title='image "./nicolaiorlandini00orla/nicolaiorlandini00orla_0514.png"; bbox 0 0 1903 3197; ppageno 0'>
   <div class='ocr_carea' id='block_1_1' title="bbox 268 170 1417 232">
    <p class='ocr_par' dir='ltr' id='par_1_1' title="bbox 268 170 1417 232">
     <span class='ocr_line' id='line_1_1' title="bbox 268 170 1417 232; baseline -0.003 -13"><span class='ocrx_word' id='word_1_1' title='bbox 268 189 367 232; x_wconf 76' lang='lat'>494</span> <span class='ocrx_word' id='word_1_2' title='bbox 597 173 678 218; x_wconf 78' lang='lat' dir='ltr'>De</span> <span class='ocrx_word' id='word_1_3' title='bbox 709 172 897 218; x_wconf 74' lang='lat' dir='ltr'>ratione</span> <span class='ocrx_word' id='word_1_4' title='bbox 932 171 1124 218; x_wconf 75' lang='lat' dir='ltr'>vivendi</span> <span class='ocrx_word' id='word_1_5' title='bbox 1157 170 1417 217; x_wconf 76' lang='lat' dir='ltr'>Socz&#39;etatz&#39;s.</span> 
     </span>
    </p>
   </div>
   <div class='ocr_carea' id='block_1_2' title="bbox 267 300 1745 2559">
    <p class='ocr_par' dir='ltr' id='par_1_2' title="bbox 267 300 1732 564">
     <span class='ocr_line' id='line_1_2' title="bbox 268 300 1732 345; baseline -0.002 -1"><span class='ocrx_word' id='word_1_6' title='bbox 268 303 642 345; x_wconf 78' lang='lat' dir='ltr'>delectabitur:”1</span> <span class='ocrx_word' id='word_1_7' title='bbox 693 304 859 344; x_wconf 89' lang='lat' dir='ltr'>scilicet</span> <span class='ocrx_word' id='word_1_8' title='bbox 899 317 998 344; x_wconf 93' lang='lat' dir='ltr'>cum</span> <span class='ocrx_word' id='word_1_9' title='bbox 1040 317 1086 344; x_wconf 91' lang='lat' dir='ltr'>se</span> <span class='ocrx_word' id='word_1_10' title='bbox 1127 303 1182 344; x_wconf 86' lang='lat' dir='ltr'>ad</span> <span class='ocrx_word' id='word_1_11' title='bbox 1225 317 1303 343; x_wconf 86' lang='lat' dir='ltr'>sua</span> <span class='ocrx_word' id='word_1_12' title='bbox 1344 314 1526 341; x_wconf 89' lang='lat' dir='ltr'>munera</span> <span class='ocrx_word' id='word_1_13' title='bbox 1572 300 1732 342; x_wconf 89' lang='lat' dir='ltr'>sentiet</span> 
     </span>
     <span class='ocr_line' id='line_1_3' title="bbox 267 376 1724 431; baseline -0.003 -13"><span class='ocrx_word' id='word_1_14' title='bbox 267 384 419 431; x_wconf 81' lang='lat' dir='ltr'>aptam</span> <span class='ocrx_word' id='word_1_15' title='bbox 454 384 587 430; x_wconf 86' lang='lat' dir='ltr'>atque</span> <span class='ocrx_word' id='word_1_16' title='bbox 623 378 891 430; x_wconf 73' lang='lat' dir='ltr'><strong>expeditam.</strong></span> <span class='ocrx_word' id='word_1_17' title='bbox 953 377 1018 417; x_wconf 90' lang='lat' dir='ltr'>At</span> <span class='ocrx_word' id='word_1_18' title='bbox 1051 383 1202 417; x_wconf 88' lang='lat' dir='ltr'>contra</span> <span class='ocrx_word' id='word_1_19' title='bbox 1239 376 1294 416; x_wconf 91' lang='lat' dir='ltr'>de</span> <span class='ocrx_word' id='word_1_20' title='bbox 1328 376 1558 415; x_wconf 78' lang='lat' dir='ltr'>saturitate</span> <span class='ocrx_word' id='word_1_21' title='bbox 1592 381 1724 427; x_wconf 86' lang='lat' dir='ltr'>atque</span> 
     </span>
     <span class='ocr_line' id='line_1_4' title="bbox 268 448 1727 504; baseline -0.003 -13"><span class='ocrx_word' id='word_1_22' title='bbox 268 451 609 504; x_wconf 81' lang='lat' dir='ltr'>intemperantia</span> <span class='ocrx_word' id='word_1_23' title='bbox 649 449 810 491; x_wconf 76' lang='lat' dir='ltr'>dicit22</span> <span class='ocrx_word' id='word_1_24' title='bbox 862 450 1114 491; x_wconf 80' lang='lat' dir='ltr'>“Saturitas</span> <span class='ocrx_word' id='word_1_25' title='bbox 1155 449 1301 490; x_wconf 85' lang='lat' dir='ltr'>divitis</span> <span class='ocrx_word' id='word_1_26' title='bbox 1352 462 1440 488; x_wconf 89' lang='lat' dir='ltr'>non</span> <span class='ocrx_word' id='word_1_27' title='bbox 1482 448 1584 488; x_wconf 86' lang='lat' dir='ltr'>sinit</span> <span class='ocrx_word' id='word_1_28' title='bbox 1625 461 1727 488; x_wconf 90' lang='lat' dir='ltr'>eum</span> 
     </span>
     <span class='ocr_line' id='line_1_5' title="bbox 274 524 499 564; baseline 0.004 -1"><span class='ocrx_word' id='word_1_29' title='bbox 274 524 499 564; x_wconf 88' lang='lat' dir='ltr'>dormire.”</span> 
     </span>
    </p>

    <p class='ocr_par' dir='ltr' id='par_1_3' title="bbox 270 592 1733 1088">
     <span class='ocr_line' id='line_1_6' title="bbox 358 592 1733 650; baseline -0.002 -13"><span class='ocrx_word' id='word_1_30' title='bbox 358 598 428 637; x_wconf 93' lang='lat' dir='ltr'>De</span> <span class='ocrx_word' id='word_1_31' title='bbox 462 597 528 637; x_wconf 91' lang='lat' dir='ltr'>his</span> <span class='ocrx_word' id='word_1_32' title='bbox 561 597 697 637; x_wconf 88' lang='lat' dir='ltr'>tribus</span> <span class='ocrx_word' id='word_1_33' title='bbox 732 597 869 647; x_wconf 89' lang='lat' dir='ltr'>malis,</span> <span class='ocrx_word' id='word_1_34' title='bbox 891 598 1039 650; x_wconf 79' lang='lat' dir='ltr'>paucis</span> <span class='ocrx_word' id='word_1_35' title='bbox 1070 597 1215 637; x_wconf 87' lang='lat' dir='ltr'>verbis</span> <span class='ocrx_word' id='word_1_36' title='bbox 1249 596 1310 636; x_wconf 89' lang='lat' dir='ltr'>ita</span> <span class='ocrx_word' id='word_1_37' title='bbox 1343 592 1733 635; x_wconf 81' lang='lat' dir='ltr'>Ecclesiasticusz3</span> 
     </span>
     <span class='ocr_line' id='line_1_7' title="bbox 271 668 1733 723; baseline -0.003 -12"><span class='ocrx_word' id='word_1_38' title='bbox 271 671 480 723; x_wconf 82' lang='lat' dir='ltr'>“Vigilia,</span> <span class='ocrx_word' id='word_1_39' title='bbox 515 670 698 720; x_wconf 88' lang='lat' dir='ltr'>cholera,</span> <span class='ocrx_word' id='word_1_40' title='bbox 733 677 776 711; x_wconf 90' lang='lat' dir='ltr'>et</span> <span class='ocrx_word' id='word_1_41' title='bbox 817 677 983 712; x_wconf 86' lang='lat' dir='ltr'>tortura</span> <span class='ocrx_word' id='word_1_42' title='bbox 1023 671 1115 711; x_wconf 89' lang='lat' dir='ltr'>viro</span> <span class='ocrx_word' id='word_1_43' title='bbox 1156 668 1425 710; x_wconf 88' lang='lat' dir='ltr'>infrunito:’&#39;</span> <span class='ocrx_word' id='word_1_44' title='bbox 1470 681 1613 721; x_wconf 77' lang='lat' dir='ltr'>graece</span> <span class='ocrx_word' id='word_1_45' title='bbox 1653 681 1733 720; x_wconf 89' lang='lat' dir='ltr'>pro</span> 
     </span>
     <span class='ocr_line' id='line_1_8' title="bbox 270 742 1728 796; baseline -0.002 -12"><span class='ocrx_word' id='word_1_46' title='bbox 270 744 479 785; x_wconf 87' lang='lat' dir='ltr'>infrunito</span> <span class='ocrx_word' id='word_1_47' title='bbox 521 751 587 785; x_wconf 83' lang='lat' dir='ltr'>est</span> <span class='ocrx_word' id='word_1_48' title='bbox 621 747 810 795; x_wconf 67' lang='grc' dir='ltr'>ἀπλήστῳ,</span> <span class='ocrx_word' id='word_1_49' title='bbox 839 745 1004 784; x_wconf 85' lang='lat' dir='ltr'>scilicet</span> <span class='ocrx_word' id='word_1_50' title='bbox 1036 743 1303 796; x_wconf 77' lang='lat' dir='ltr'>inexplebili,</span> <span class='ocrx_word' id='word_1_51' title='bbox 1340 742 1502 795; x_wconf 83' lang='lat' dir='ltr'>quique</span> <span class='ocrx_word' id='word_1_52' title='bbox 1534 742 1578 781; x_wconf 89' lang='lat' dir='ltr'>in</span> <span class='ocrx_word' id='word_1_53' title='bbox 1612 742 1728 781; x_wconf 87' lang='lat' dir='ltr'>victu</span> 
     </span>
     <span class='ocr_line' id='line_1_9' title="bbox 270 815 1731 870; baseline -0.001 -12"><span class='ocrx_word' id='word_1_54' title='bbox 270 819 352 858; x_wconf 83' lang='lat' dir='ltr'>sibi</span> <span class='ocrx_word' id='word_1_55' title='bbox 395 819 574 858; x_wconf 86' lang='lat' dir='ltr'>minime</span> <span class='ocrx_word' id='word_1_56' title='bbox 616 819 764 870; x_wconf 87' lang='lat' dir='ltr'>parcit.</span> <span class='ocrx_word' id='word_1_57' title='bbox 825 817 1034 870; x_wconf 79' lang='lat' dir='ltr'>vigiliam</span> <span class='ocrx_word' id='word_1_58' title='bbox 1076 817 1201 865; x_wconf 82' lang='lat' dir='ltr'>dixit,</span> <span class='ocrx_word' id='word_1_59' title='bbox 1240 817 1343 869; x_wconf 91' lang='lat' dir='ltr'>quia</span> <span class='ocrx_word' id='word_1_60' title='bbox 1383 829 1539 856; x_wconf 91' lang='lat' dir='ltr'>somno</span> <span class='ocrx_word' id='word_1_61' title='bbox 1580 815 1731 856; x_wconf 88' lang='lat' dir='ltr'>debito</span> 
     </span>
     <span class='ocr_line' id='line_1_10' title="bbox 273 888 1730 942; baseline -0.002 -11"><span class='ocrx_word' id='word_1_62' title='bbox 273 891 523 931; x_wconf 79' lang='lat' dir='ltr'>fraudatur:</span> <span class='ocrx_word' id='word_1_63' title='bbox 570 890 802 939; x_wconf 83' lang='lat' dir='ltr'>choleram,</span> <span class='ocrx_word' id='word_1_64' title='bbox 842 891 946 942; x_wconf 89' lang='lat' dir='ltr'>quia</span> <span class='ocrx_word' id='word_1_65' title='bbox 982 903 1040 929; x_wconf 76' lang='lat' dir='ltr'>ex</span> <span class='ocrx_word' id='word_1_66' title='bbox 1082 903 1133 929; x_wconf 91' lang='lat' dir='ltr'>ea</span> <span class='ocrx_word' id='word_1_67' title='bbox 1172 890 1278 929; x_wconf 86' lang='lat' dir='ltr'>varii</span> <span class='ocrx_word' id='word_1_68' title='bbox 1320 890 1520 929; x_wconf 81' lang='lat' dir='ltr'>existunt</span> <span class='ocrx_word' id='word_1_69' title='bbox 1562 888 1730 928; x_wconf 89' lang='lat' dir='ltr'>morbi:</span> 
     </span>
     <span class='ocr_line' id='line_1_11' title="bbox 271 962 1733 1016; baseline -0.002 -12"><span class='ocrx_word' id='word_1_70' title='bbox 271 971 497 1012; x_wconf 85' lang='lat' dir='ltr'>torturam,</span> <span class='ocrx_word' id='word_1_71' title='bbox 542 964 644 1016; x_wconf 89' lang='lat' dir='ltr'>quia</span> <span class='ocrx_word' id='word_1_72' title='bbox 684 964 749 1003; x_wconf 88' lang='lat' dir='ltr'>vir</span> <span class='ocrx_word' id='word_1_73' title='bbox 791 963 1024 1003; x_wconf 88' lang='lat' dir='ltr'>infrunitus</span> <span class='ocrx_word' id='word_1_74' title='bbox 1065 969 1198 1015; x_wconf 87' lang='lat' dir='ltr'>atque</span> <span class='ocrx_word' id='word_1_75' title='bbox 1244 963 1540 1014; x_wconf 75' lang='lat' dir='ltr'>intemperans</span> <span class='ocrx_word' id='word_1_76' title='bbox 1581 962 1733 1002; x_wconf 89' lang='lat' dir='ltr'>tormi-</span> 
     </span>
     <span class='ocr_line' id='line_1_12' title="bbox 274 1036 1275 1088; baseline -0.001 -13"><span class='ocrx_word' id='word_1_77' title='bbox 274 1037 402 1076; x_wconf 82' lang='lat' dir='ltr'>nibus</span> <span class='ocrx_word' id='word_1_78' title='bbox 434 1037 696 1088; x_wconf 81' lang='lat' dir='ltr'>exagitatur,</span> <span class='ocrx_word' id='word_1_79' title='bbox 720 1042 763 1076; x_wconf 86' lang='lat' dir='ltr'>et</span> <span class='ocrx_word' id='word_1_80' title='bbox 795 1036 1018 1076; x_wconf 89' lang='lat' dir='ltr'>doloribus</span> <span class='ocrx_word' id='word_1_81' title='bbox 1050 1036 1275 1075; x_wconf 87' lang='lat' dir='ltr'>cruciatur.</span> 
     </span>
    </p>

    <p class='ocr_par' dir='ltr' id='par_1_4' title="bbox 274 1107 1745 2045">
     <span class='ocr_line' id='line_1_13' title="bbox 363 1107 1736 1161; baseline -0.001 -12"><span class='ocrx_word' id='word_1_82' title='bbox 363 1109 573 1149; x_wconf 89' lang='lat' dir='ltr'>Cavenda</span> <span class='ocrx_word' id='word_1_83' title='bbox 605 1109 738 1161; x_wconf 80' lang='lat' dir='ltr'>igitur</span> <span class='ocrx_word' id='word_1_84' title='bbox 771 1109 814 1149; x_wconf 91' lang='lat' dir='ltr'>in</span> <span class='ocrx_word' id='word_1_85' title='bbox 849 1109 1084 1150; x_wconf 88' lang='lat' dir='ltr'>reficiendo</span> <span class='ocrx_word' id='word_1_86' title='bbox 1113 1122 1293 1161; x_wconf 88' lang='lat' dir='ltr'>corpore</span> <span class='ocrx_word' id='word_1_87' title='bbox 1319 1107 1511 1148; x_wconf 88' lang='lat' dir='ltr'>cruditas</span> <span class='ocrx_word' id='word_1_88' title='bbox 1545 1112 1588 1147; x_wconf 89' lang='lat' dir='ltr'>et</span> <span class='ocrx_word' id='word_1_89' title='bbox 1616 1112 1736 1148; x_wconf 88' lang='lat' dir='ltr'>satu-</span> 
     </span>
     <span class='ocr_line' id='line_1_14' title="bbox 274 1181 1737 1234; baseline 0 -12"><span class='ocrx_word' id='word_1_90' title='bbox 274 1183 390 1232; x_wconf 81' lang='lat' dir='ltr'>ritas,</span> <span class='ocrx_word' id='word_1_91' title='bbox 428 1183 462 1222; x_wconf 92' lang='lat' dir='ltr'>si</span> <span class='ocrx_word' id='word_1_92' title='bbox 498 1189 541 1222; x_wconf 90' lang='lat' dir='ltr'>et</span> <span class='ocrx_word' id='word_1_93' title='bbox 575 1182 642 1222; x_wconf 91' lang='lat' dir='ltr'>his</span> <span class='ocrx_word' id='word_1_94' title='bbox 674 1196 829 1222; x_wconf 87' lang='lat' dir='ltr'>vacare</span> <span class='ocrx_word' id='word_1_95' title='bbox 872 1183 1163 1223; x_wconf 85' lang='lat' dir='ltr'>incommodis</span> <span class='ocrx_word' id='word_1_96' title='bbox 1196 1181 1409 1230; x_wconf 87' lang='lat' dir='ltr'>volumus,</span> <span class='ocrx_word' id='word_1_97' title='bbox 1446 1186 1489 1221; x_wconf 88' lang='lat' dir='ltr'>et</span> <span class='ocrx_word' id='word_1_98' title='bbox 1522 1186 1737 1234; x_wconf 90' lang='lat' dir='ltr'>perpetuo</span> 
     </span>
     <span class='ocr_line' id='line_1_15' title="bbox 275 1254 1740 1297; baseline -0.001 -1"><span class='ocrx_word' id='word_1_99' title='bbox 275 1257 368 1297; x_wconf 88' lang='lat' dir='ltr'>sine</span> <span class='ocrx_word' id='word_1_100' title='bbox 390 1257 632 1297; x_wconf 85' lang='lat' dir='ltr'>offensione</span> <span class='ocrx_word' id='word_1_101' title='bbox 663 1271 790 1297; x_wconf 88' lang='lat' dir='ltr'>cursu</span> <span class='ocrx_word' id='word_1_102' title='bbox 813 1256 1110 1297; x_wconf 90' lang='lat' dir='ltr'>valetudinem</span> <span class='ocrx_word' id='word_1_103' title='bbox 1143 1269 1408 1296; x_wconf 88' lang='lat' dir='ltr'>conservare.</span> <span class='ocrx_word' id='word_1_104' title='bbox 1474 1254 1740 1295; x_wconf 87' lang='lat' dir='ltr'>Cavebimus</span> 
     </span>
     <span class='ocr_line' id='line_1_16' title="bbox 276 1327 1741 1382; baseline -0.003 -11"><span class='ocrx_word' id='word_1_105' title='bbox 276 1337 437 1379; x_wconf 88' lang='lat' dir='ltr'>autem,</span> <span class='ocrx_word' id='word_1_106' title='bbox 470 1331 504 1370; x_wconf 92' lang='lat' dir='ltr'>si</span> <span class='ocrx_word' id='word_1_107' title='bbox 535 1331 795 1371; x_wconf 85' lang='lat' dir='ltr'>inducamus</span> <span class='ocrx_word' id='word_1_108' title='bbox 825 1331 868 1370; x_wconf 90' lang='lat' dir='ltr'>in</span> <span class='ocrx_word' id='word_1_109' title='bbox 903 1331 1100 1370; x_wconf 90' lang='lat' dir='ltr'>animum</span> <span class='ocrx_word' id='word_1_110' title='bbox 1135 1342 1361 1382; x_wconf 89' lang='lat' dir='ltr'>nunquam</span> <span class='ocrx_word' id='word_1_111' title='bbox 1396 1328 1576 1381; x_wconf 78' lang='lat' dir='ltr'>explere</span> <span class='ocrx_word' id='word_1_112' title='bbox 1605 1327 1741 1368; x_wconf 88' lang='lat' dir='ltr'>avidi-</span> 
     </span>
     <span class='ocr_line' id='line_1_17' title="bbox 276 1402 1740 1456; baseline -0.002 -12"><span class='ocrx_word' id='word_1_113' title='bbox 276 1410 415 1444; x_wconf 88' lang='lat' dir='ltr'>tatem</span> <span class='ocrx_word' id='word_1_114' title='bbox 457 1405 631 1453; x_wconf 90' lang='lat' dir='ltr'>ventris,</span> <span class='ocrx_word' id='word_1_115' title='bbox 685 1410 729 1444; x_wconf 89' lang='lat' dir='ltr'>et</span> <span class='ocrx_word' id='word_1_116' title='bbox 780 1404 994 1444; x_wconf 88' lang='lat' dir='ltr'>insaniam</span> <span class='ocrx_word' id='word_1_117' title='bbox 1045 1404 1244 1456; x_wconf 82' lang='lat' dir='ltr'>gutturis,</span> <span class='ocrx_word' id='word_1_118' title='bbox 1287 1402 1364 1442; x_wconf 87' lang='lat' dir='ltr'>sed</span> <span class='ocrx_word' id='word_1_119' title='bbox 1416 1415 1590 1454; x_wconf 84' lang='lat' dir='ltr'>semper</span> <span class='ocrx_word' id='word_1_120' title='bbox 1639 1414 1740 1441; x_wconf 89' lang='lat' dir='ltr'>cum</span> 
     </span>
     <span class='ocr_line' id='line_1_18' title="bbox 276 1474 1740 1525; baseline -0.002 -8"><span class='ocrx_word' id='word_1_121' title='bbox 276 1478 494 1517; x_wconf 87' lang='lat' dir='ltr'>desiderio</span> <span class='ocrx_word' id='word_1_122' title='bbox 551 1478 635 1517; x_wconf 92' lang='lat' dir='ltr'>cibi</span> <span class='ocrx_word' id='word_1_123' title='bbox 688 1478 743 1517; x_wconf 92' lang='lat' dir='ltr'>de</span> <span class='ocrx_word' id='word_1_124' title='bbox 800 1491 952 1517; x_wconf 89' lang='lat' dir='ltr'>mensa</span> <span class='ocrx_word' id='word_1_125' title='bbox 1008 1477 1298 1525; x_wconf 86' lang='lat' dir='ltr'>discedamus,</span> <span class='ocrx_word' id='word_1_126' title='bbox 1352 1489 1570 1516; x_wconf 87' lang='lat' dir='ltr'>memores</span> <span class='ocrx_word' id='word_1_127' title='bbox 1625 1474 1740 1518; x_wconf 88' lang='lat' dir='ltr'>illius</span> 
     </span>
     <span class='ocr_line' id='line_1_19' title="bbox 277 1549 1743 1603; baseline -0.001 -13"><span class='ocrx_word' id='word_1_128' title='bbox 277 1551 404 1600; x_wconf 80' lang='lat' dir='ltr'>senis,</span> <span class='ocrx_word' id='word_1_129' title='bbox 428 1564 558 1603; x_wconf 89' lang='lat' dir='ltr'>quem</span> <span class='ocrx_word' id='word_1_130' title='bbox 583 1565 641 1590; x_wconf 79' lang='lat' dir='ltr'>ex</span> <span class='ocrx_word' id='word_1_131' title='bbox 673 1549 916 1590; x_wconf 80' lang='lat' dir='ltr'>Cassiano4</span> <span class='ocrx_word' id='word_1_132' title='bbox 947 1550 1202 1591; x_wconf 89' lang='lat' dir='ltr'>dicebamus</span> <span class='ocrx_word' id='word_1_133' title='bbox 1233 1550 1294 1589; x_wconf 92' lang='lat' dir='ltr'>ita</span> <span class='ocrx_word' id='word_1_134' title='bbox 1326 1549 1472 1590; x_wconf 89' lang='lat' dir='ltr'>cibum</span> <span class='ocrx_word' id='word_1_135' title='bbox 1504 1549 1743 1602; x_wconf 87' lang='lat' dir='ltr'>sumpsisse</span> 
     </span>
     <span class='ocr_line' id='line_1_20' title="bbox 278 1623 1743 1677; baseline -0.001 -13"><span class='ocrx_word' id='word_1_136' title='bbox 278 1625 434 1672; x_wconf 78' lang='lat' dir='ltr'>sexies,</span> <span class='ocrx_word' id='word_1_137' title='bbox 478 1630 525 1664; x_wconf 94' lang='lat' dir='ltr'>ut</span> <span class='ocrx_word' id='word_1_138' title='bbox 576 1638 750 1677; x_wconf 89' lang='lat' dir='ltr'>semper</span> <span class='ocrx_word' id='word_1_139' title='bbox 801 1630 991 1664; x_wconf 87' lang='lat' dir='ltr'>servaret</span> <span class='ocrx_word' id='word_1_140' title='bbox 1033 1624 1228 1664; x_wconf 88' lang='lat' dir='ltr'>esuriem.</span> <span class='ocrx_word' id='word_1_141' title='bbox 1306 1623 1460 1676; x_wconf 88' lang='lat' dir='ltr'>Atque</span> <span class='ocrx_word' id='word_1_142' title='bbox 1510 1623 1606 1663; x_wconf 77' lang='lat' dir='ltr'>haec</span> <span class='ocrx_word' id='word_1_143' title='bbox 1649 1629 1743 1663; x_wconf 89' lang='lat' dir='ltr'>erat</span> 
     </span>
     <span class='ocr_line' id='line_1_21' title="bbox 277 1697 1742 1750; baseline -0.001 -12"><span class='ocrx_word' id='word_1_144' title='bbox 277 1704 475 1738; x_wconf 88' lang='lat' dir='ltr'>veterum</span> <span class='ocrx_word' id='word_1_145' title='bbox 512 1699 728 1738; x_wconf 86' lang='lat' dir='ltr'>sententia</span> <span class='ocrx_word' id='word_1_146' title='bbox 764 1698 954 1746; x_wconf 87' lang='lat' dir='ltr'>Patrum,</span> <span class='ocrx_word' id='word_1_147' title='bbox 980 1711 1080 1737; x_wconf 88' lang='lat' dir='ltr'>eum</span> <span class='ocrx_word' id='word_1_148' title='bbox 1117 1697 1297 1737; x_wconf 90' lang='lat' dir='ltr'>demum</span> <span class='ocrx_word' id='word_1_149' title='bbox 1334 1697 1539 1750; x_wconf 81' lang='lat' dir='ltr'>perfectae</span> <span class='ocrx_word' id='word_1_150' title='bbox 1571 1697 1742 1737; x_wconf 89' lang='lat' dir='ltr'>virtutis</span> 
     </span>
     <span class='ocr_line' id='line_1_22' title="bbox 279 1771 1745 1823; baseline -0.001 -11"><span class='ocrx_word' id='word_1_151' title='bbox 279 1773 323 1812; x_wconf 91' lang='lat' dir='ltr'>in</span> <span class='ocrx_word' id='word_1_152' title='bbox 358 1786 592 1812; x_wconf 91' lang='lat' dir='ltr'>commune</span> <span class='ocrx_word' id='word_1_153' title='bbox 623 1771 828 1812; x_wconf 91' lang='lat' dir='ltr'>omnibus</span> <span class='ocrx_word' id='word_1_154' title='bbox 864 1772 998 1812; x_wconf 88' lang='lat' dir='ltr'>finem</span> <span class='ocrx_word' id='word_1_155' title='bbox 1036 1785 1141 1820; x_wconf 88' lang='lat' dir='ltr'>esse,</span> <span class='ocrx_word' id='word_1_156' title='bbox 1179 1777 1228 1811; x_wconf 92' lang='lat' dir='ltr'>ut</span> <span class='ocrx_word' id='word_1_157' title='bbox 1264 1771 1384 1820; x_wconf 91' lang='lat' dir='ltr'>escis,</span> <span class='ocrx_word' id='word_1_158' title='bbox 1423 1784 1532 1823; x_wconf 89' lang='lat' dir='ltr'>quas</span> <span class='ocrx_word' id='word_1_159' title='bbox 1572 1783 1745 1811; x_wconf 89' lang='lat' dir='ltr'>sumere</span> 
     </span>
     <span class='ocr_line' id='line_1_23' title="bbox 276 1844 1741 1898; baseline -0.001 -13"><span class='ocrx_word' id='word_1_160' title='bbox 276 1846 553 1886; x_wconf 82' lang='lat' dir='ltr'>sustentandi</span> <span class='ocrx_word' id='word_1_161' title='bbox 601 1846 793 1898; x_wconf 88' lang='lat' dir='ltr'>corporis</span> <span class='ocrx_word' id='word_1_162' title='bbox 837 1845 1098 1886; x_wconf 89' lang='lat' dir='ltr'>necessitate</span> <span class='ocrx_word' id='word_1_163' title='bbox 1143 1844 1459 1898; x_wconf 88' lang='lat' dir='ltr'>compellimur,</span> <span class='ocrx_word' id='word_1_164' title='bbox 1502 1844 1647 1885; x_wconf 89' lang='lat' dir='ltr'>adhuc</span> <span class='ocrx_word' id='word_1_165' title='bbox 1697 1844 1741 1884; x_wconf 89' lang='lat' dir='ltr'>in</span> 
     </span>
     <span class='ocr_line' id='line_1_24' title="bbox 279 1917 1743 1972; baseline -0.001 -13"><span class='ocrx_word' id='word_1_166' title='bbox 279 1920 478 1972; x_wconf 84' lang='lat' dir='ltr'>appetitu</span> <span class='ocrx_word' id='word_1_167' title='bbox 532 1932 681 1959; x_wconf 88' lang='lat' dir='ltr'>earum</span> <span class='ocrx_word' id='word_1_168' title='bbox 733 1919 864 1972; x_wconf 88' lang='lat' dir='ltr'>positi</span> <span class='ocrx_word' id='word_1_169' title='bbox 916 1925 1223 1972; x_wconf 85' lang='lat' dir='ltr'>temperemus.</span> <span class='ocrx_word' id='word_1_170' title='bbox 1328 1917 1574 1958; x_wconf 75' lang='lat' dir='ltr'>Praesertim</span> <span class='ocrx_word' id='word_1_171' title='bbox 1628 1930 1743 1967; x_wconf 89' lang='lat' dir='ltr'>vero,</span> 
     </span>
     <span class='ocr_line' id='line_1_25' title="bbox 280 1991 1606 2045; baseline -0.002 -13"><span class='ocrx_word' id='word_1_172' title='bbox 280 2006 379 2032; x_wconf 90' lang='lat' dir='ltr'>cum</span> <span class='ocrx_word' id='word_1_173' title='bbox 415 1993 482 2032; x_wconf 90' lang='lat' dir='ltr'>bis</span> <span class='ocrx_word' id='word_1_174' title='bbox 516 1993 558 2032; x_wconf 93' lang='lat' dir='ltr'>in</span> <span class='ocrx_word' id='word_1_175' title='bbox 596 1992 678 2041; x_wconf 91' lang='lat' dir='ltr'>die,</span> <span class='ocrx_word' id='word_1_176' title='bbox 702 1999 751 2033; x_wconf 87' lang='lat' dir='ltr'>ut</span> <span class='ocrx_word' id='word_1_177' title='bbox 784 1993 902 2045; x_wconf 86' lang='lat' dir='ltr'>apud</span> <span class='ocrx_word' id='word_1_178' title='bbox 936 2006 1015 2032; x_wconf 91' lang='lat' dir='ltr'>nos</span> <span class='ocrx_word' id='word_1_179' title='bbox 1049 1991 1110 2039; x_wconf 84' lang='lat' dir='ltr'>fit,</span> <span class='ocrx_word' id='word_1_180' title='bbox 1133 1991 1383 2031; x_wconf 87' lang='lat' dir='ltr'>reficiuntur</span> <span class='ocrx_word' id='word_1_181' title='bbox 1414 2004 1606 2043; x_wconf 88' lang='lat' dir='ltr'>corpora.</span> 
     </span>
    </p>

    <p class='ocr_par' dir='ltr' id='par_1_5' title="bbox 277 2063 1744 2559">
     <span class='ocr_line' id='line_1_26' title="bbox 371 2063 1744 2118; baseline -0.003 -12"><span class='ocrx_word' id='word_1_182' title='bbox 371 2066 484 2106; x_wconf 77' lang='lat' dir='ltr'>Haec</span> <span class='ocrx_word' id='word_1_183' title='bbox 526 2072 592 2106; x_wconf 87' lang='lat' dir='ltr'>est</span> <span class='ocrx_word' id='word_1_184' title='bbox 634 2066 766 2118; x_wconf 82' lang='lat' dir='ltr'>igitur</span> <span class='ocrx_word' id='word_1_185' title='bbox 807 2066 1035 2107; x_wconf 87' lang='lat' dir='ltr'>moderata</span> <span class='ocrx_word' id='word_1_186' title='bbox 1076 2065 1216 2105; x_wconf 89' lang='lat' dir='ltr'>victus</span> <span class='ocrx_word' id='word_1_187' title='bbox 1258 2065 1379 2114; x_wconf 87' lang='lat' dir='ltr'>ratio,</span> <span class='ocrx_word' id='word_1_188' title='bbox 1423 2077 1521 2116; x_wconf 83' lang='lat' dir='ltr'>quae</span> <span class='ocrx_word' id='word_1_189' title='bbox 1563 2063 1607 2102; x_wconf 91' lang='lat' dir='ltr'>in</span> <span class='ocrx_word' id='word_1_190' title='bbox 1648 2064 1744 2116; x_wconf 88' lang='lat' dir='ltr'>ipsa</span> 
     </span>
     <span class='ocr_line' id='line_1_27' title="bbox 278 2136 1742 2192; baseline -0.003 -13"><span class='ocrx_word' id='word_1_191' title='bbox 278 2141 472 2192; x_wconf 90' lang='lat' dir='ltr'>corporis</span> <span class='ocrx_word' id='word_1_192' title='bbox 510 2140 746 2180; x_wconf 84' lang='lat' dir='ltr'>refectione</span> <span class='ocrx_word' id='word_1_193' title='bbox 780 2141 863 2180; x_wconf 88' lang='lat' dir='ltr'>sita</span> <span class='ocrx_word' id='word_1_194' title='bbox 900 2145 977 2189; x_wconf 87' lang='lat' dir='ltr'>est,</span> <span class='ocrx_word' id='word_1_195' title='bbox 1000 2144 1044 2179; x_wconf 91' lang='lat' dir='ltr'>et</span> <span class='ocrx_word' id='word_1_196' title='bbox 1078 2152 1135 2178; x_wconf 82' lang='lat' dir='ltr'>ex</span> <span class='ocrx_word' id='word_1_197' title='bbox 1169 2151 1436 2190; x_wconf 87' lang='lat' dir='ltr'>unoquoque</span> <span class='ocrx_word' id='word_1_198' title='bbox 1466 2136 1742 2176; x_wconf 89' lang='lat' dir='ltr'>subditorum</span> 
     </span>
     <span class='ocr_line' id='line_1_28' title="bbox 278 2209 1744 2265; baseline -0.001 -13"><span class='ocrx_word' id='word_1_199' title='bbox 278 2212 452 2265; x_wconf 89' lang='lat' dir='ltr'>pendet.</span> <span class='ocrx_word' id='word_1_200' title='bbox 520 2213 584 2257; x_wconf 91' lang='lat' dir='ltr'>Ut</span> <span class='ocrx_word' id='word_1_201' title='bbox 617 2212 711 2264; x_wconf 87' lang='lat' dir='ltr'>jam</span> <span class='ocrx_word' id='word_1_202' title='bbox 750 2226 806 2252; x_wconf 76' lang='lat' dir='ltr'>ex</span> <span class='ocrx_word' id='word_1_203' title='bbox 844 2213 906 2261; x_wconf 88' lang='lat' dir='ltr'>iis,</span> <span class='ocrx_word' id='word_1_204' title='bbox 946 2226 1044 2264; x_wconf 79' lang='lat' dir='ltr'>quae</span> <span class='ocrx_word' id='word_1_205' title='bbox 1080 2211 1335 2251; x_wconf 89' lang='lat' dir='ltr'>disserenda</span> <span class='ocrx_word' id='word_1_206' title='bbox 1367 2210 1499 2263; x_wconf 83' lang='lat' dir='ltr'>juxta</span> <span class='ocrx_word' id='word_1_207' title='bbox 1533 2209 1744 2250; x_wconf 86' lang='lat' dir='ltr'>constitu-</span> 
     </span>
     <span class='ocr_line' id='line_1_29' title="bbox 278 2282 1743 2338; baseline -0.002 -13"><span class='ocrx_word' id='word_1_208' title='bbox 278 2286 444 2325; x_wconf 90' lang='lat' dir='ltr'>tionem</span> <span class='ocrx_word' id='word_1_209' title='bbox 477 2299 528 2325; x_wconf 89' lang='lat' dir='ltr'>ac</span> <span class='ocrx_word' id='word_1_210' title='bbox 560 2285 758 2337; x_wconf 83' lang='lat' dir='ltr'>regulam</span> <span class='ocrx_word' id='word_1_211' title='bbox 790 2286 1016 2338; x_wconf 88' lang='lat' dir='ltr'>proposita</span> <span class='ocrx_word' id='word_1_212' title='bbox 1047 2290 1161 2333; x_wconf 88' lang='lat' dir='ltr'>sunt,</span> <span class='ocrx_word' id='word_1_213' title='bbox 1185 2283 1374 2336; x_wconf 85' lang='lat' dir='ltr'>amplius</span> <span class='ocrx_word' id='word_1_214' title='bbox 1406 2282 1513 2322; x_wconf 88' lang='lat' dir='ltr'>nihil</span> <span class='ocrx_word' id='word_1_215' title='bbox 1545 2282 1743 2335; x_wconf 88' lang='lat' dir='ltr'>supersit.</span> 
     </span>
     <span class='ocr_line' id='line_1_30' title="bbox 277 2356 1742 2411; baseline -0.002 -13"><span class='ocrx_word' id='word_1_216' title='bbox 277 2358 349 2398; x_wconf 89' lang='lat' dir='ltr'>Ac</span> <span class='ocrx_word' id='word_1_217' title='bbox 391 2359 446 2398; x_wconf 88' lang='lat' dir='ltr'>de</span> <span class='ocrx_word' id='word_1_218' title='bbox 489 2359 539 2398; x_wconf 89' lang='lat' dir='ltr'>iis</span> <span class='ocrx_word' id='word_1_219' title='bbox 582 2359 774 2410; x_wconf 91' lang='lat' dir='ltr'>quidem,</span> <span class='ocrx_word' id='word_1_220' title='bbox 819 2372 918 2411; x_wconf 79' lang='lat' dir='ltr'>quae</span> <span class='ocrx_word' id='word_1_221' title='bbox 960 2358 1016 2398; x_wconf 87' lang='lat' dir='ltr'>ad</span> <span class='ocrx_word' id='word_1_222' title='bbox 1058 2357 1324 2398; x_wconf 87' lang='lat' dir='ltr'>valetudinis</span> <span class='ocrx_word' id='word_1_223' title='bbox 1366 2356 1742 2396; x_wconf 85' lang='lat' dir='ltr'>conservationem</span> 
     </span>
     <span class='ocr_line' id='line_1_31' title="bbox 277 2429 1742 2485; baseline -0.002 -13"><span class='ocrx_word' id='word_1_224' title='bbox 277 2433 510 2485; x_wconf 88' lang='lat' dir='ltr'>pertinent,</span> <span class='ocrx_word' id='word_1_225' title='bbox 560 2433 676 2472; x_wconf 90' lang='lat' dir='ltr'>satis.</span> <span class='ocrx_word' id='word_1_226' title='bbox 759 2432 1001 2485; x_wconf 83' lang='lat' dir='ltr'>Agendum</span> <span class='ocrx_word' id='word_1_227' title='bbox 1055 2432 1263 2484; x_wconf 90' lang='lat' dir='ltr'>deinceps</span> <span class='ocrx_word' id='word_1_228' title='bbox 1315 2431 1369 2471; x_wconf 86' lang='lat' dir='ltr'>de</span> <span class='ocrx_word' id='word_1_229' title='bbox 1421 2430 1483 2479; x_wconf 87' lang='lat' dir='ltr'>iis,</span> <span class='ocrx_word' id='word_1_230' title='bbox 1537 2444 1635 2482; x_wconf 82' lang='lat' dir='ltr'>quae</span> <span class='ocrx_word' id='word_1_231' title='bbox 1687 2429 1742 2470; x_wconf 82' lang='lat' dir='ltr'>ad</span> 
     </span>
     <span class='ocr_line' id='line_1_32' title="bbox 279 2506 1050 2559; baseline -0.001 -13"><span class='ocrx_word' id='word_1_232' title='bbox 279 2507 451 2546; x_wconf 82' lang='lat' dir='ltr'>amissae</span> <span class='ocrx_word' id='word_1_233' title='bbox 485 2506 807 2546; x_wconf 84' lang='lat' dir='ltr'>restitutionem</span> <span class='ocrx_word' id='word_1_234' title='bbox 840 2510 1050 2559; x_wconf 86' lang='lat' dir='ltr'>spectant.</span> 
     </span>
    </p>
   </div>
   <div class='ocr_carea' id='block_1_3' title="bbox 367 2608 1652 2652">
    <p class='ocr_par' dir='ltr' id='par_1_6' title="bbox 367 2608 1652 2652">
     <span class='ocr_line' id='line_1_33' title="bbox 367 2608 1652 2652; baseline -0.003 -8"><span class='ocrx_word' id='word_1_235' title='bbox 367 2611 379 2630; x_wconf 73' lang='lat'>1</span> <span class='ocrx_word' id='word_1_236' title='bbox 405 2612 493 2644; x_wconf 88' lang='lat' dir='ltr'>Eccl.</span> <span class='ocrx_word' id='word_1_237' title='bbox 511 2620 562 2652; x_wconf 90' lang='lat'>31.</span> <span class='ocrx_word' id='word_1_238' title='bbox 699 2611 712 2630; x_wconf 75' lang='lat'>²</span> <span class='ocrx_word' id='word_1_239' title='bbox 738 2612 828 2644; x_wconf 88' lang='lat' dir='ltr'>Ecel.</span> <span class='ocrx_word' id='word_1_240' title='bbox 844 2611 873 2644; x_wconf 82' lang='lat'>6.</span> <span class='ocrx_word' id='word_1_241' title='bbox 1009 2610 1023 2631; x_wconf 75' lang='lat'>3</span> <span class='ocrx_word' id='word_1_242' title='bbox 1048 2611 1084 2643; x_wconf 93' lang='lat' dir='ltr'>C.</span> <span class='ocrx_word' id='word_1_243' title='bbox 1103 2619 1155 2651; x_wconf 88' lang='lat'>31.</span> <span class='ocrx_word' id='word_1_244' title='bbox 1290 2608 1304 2628; x_wconf 71' lang='lat'>4</span> <span class='ocrx_word' id='word_1_245' title='bbox 1328 2610 1401 2641; x_wconf 86' lang='lat' dir='ltr'>Lib.</span> <span class='ocrx_word' id='word_1_246' title='bbox 1420 2618 1449 2650; x_wconf 92' lang='lat'>9.</span> <span class='ocrx_word' id='word_1_247' title='bbox 1467 2610 1540 2641; x_wconf 87' lang='lat' dir='ltr'>inst.</span> <span class='ocrx_word' id='word_1_248' title='bbox 1559 2619 1585 2641; x_wconf 90' lang='lat' dir='ltr'>c.</span> <span class='ocrx_word' id='word_1_249' title='bbox 1603 2616 1652 2648; x_wconf 89' lang='lat'>29.</span> 
     </span>
    </p>
   </div>
  </div>
 </body>
</html>
