1903 3197
272 202 288 232 1
301 189 361 246 56
590 184 670 230 De
701 184 892 230 ratione
925 182 1120 229 vivendi
1152 182 1412 229 Socz‘etatz's.

265 318 408 372 igitur,
433 317 551 370 quod
579 318 634 357 de
663 316 835 357 virtutis
869 316 1076 369 opinione
1110 315 1312 364 detrahit,
1337 313 1597 354 humilitatis
1629 327 1730 354 con—

267 391 456 432 sessione
488 391 680 431 sarcitur.
731 389 847 430 Illud
877 390 1011 430 etiarn
1041 389 1097 429 ad
1131 389 1390 429 memoriam
1422 387 1727 435 revocandum,

265 466 388 519 parvi
412 465 593 505 omnino
616 464 773 504 referre
795 464 912 516 apud
946 463 1148 503 homines
1171 464 1337 503 bonum
1362 475 1523 501 nomen
1546 462 1730 501 bonam-

267 553 352 592 que
384 539 549 580 famam
583 538 797 591 colligere,
822 538 856 577 si
890 537 1005 577 male
1037 538 1190 578 audias
1222 536 1339 589 apud
1373 536 1530 576 Deum.
1593 535 1663 576 Ac
1695 535 1729 574 si

265 614 404 667 pudet
431 614 486 654 ab
518 613 771 653 hominibus
794 618 915 652 tuam
949 612 1093 652 resciri
1127 611 1315 665 culpam,
1340 624 1415 650 cur
1447 623 1534 650 non
1568 622 1730 662 magno

266 689 434 742 pudore
466 687 749 741 perfunderis,
775 687 893 739 quod
928 700 1024 726 eam
1058 686 1100 725 in
1133 685 1270 726 oculis
1301 684 1397 734 Dei,
1419 690 1552 736 atque
1578 683 1731 735 Ange-

266 762 407 802 lorum
452 767 688 815 conspectu
732 760 1037 801 contraxeris?
1119 760 1288 799 Notum
1331 759 1464 811 igitur
1508 757 1730 811 Superiori

265 836 384 884 velis,
419 835 538 889 quod
573 836 746 876 Divinae
775 835 868 887 jam
902 840 1055 875 notum
1089 839 1155 874 est
1188 833 1445 885 Majestati3
1485 846 1562 872 nec
1595 831 1730 871 latere

266 915 392 950 tuum
420 910 610 950 dedecus
640 910 863 949 hominem
895 915 1077 956 metuas,
1102 907 1221 960 quod
1255 913 1404 947 tamen
1435 907 1533 946 Deo
1563 906 1731 946 nudum

262 991 399 1037 atque
430 989 632 1036 apertum
663 989 738 1023 est.
803 982 990 1030 Deinde,
1024 988 1079 1029 20,
1104 981 1358 1021 existimare
1391 981 1523 1019 etiarn
1553 993 1730 1031 aequum

266 1063 334 1099 est
372 1057 652 1110 Superiorem
692 1058 735 1095 in
773 1054 1043 1108 imponenda
1081 1068 1225 1107 poena,
1256 1053 1621 1106 objurgandoquc
1658 1067 1733 1093 ne-

267 1144 491 1184 quaquam
520 1144 613 1169 esse
640 1129 924 1182 praecipitem,
950 1142 1093 1181 neque
1120 1128 1248 1167 nimis
1275 1127 1501 1167 credulum
1529 1126 1735 1166 delatori-

265 1204 348 1244 bus
378 1217 423 1243 se
452 1203 675 1256 praebere,
708 1202 785 1242 sed
814 1202 946 1241 etiam
978 1207 1113 1254 atque
1135 1202 1269 1241 etiam
1292 1214 1383 1241 rem
1407 1200 1600 1240 delatam
1623 1199 1735 1239 velle

266 1290 542 1330 cognoscere,
559 1276 664 1316 dum
683 1275 911 1315 veritatem
935 1275 1132 1315 funditus
1154 1281 1422 1326 assequatur.
1464 1280 1518 1324 30.
1546 1273 1734 1313 Etiamsi

266 1352 409 1392 acrius
448 1351 650 1403 objurget
688 1356 822 1402 atque
860 1350 1077 1402 corripiat,
1117 1355 1266 1389 tamen
1301 1362 1327 1388 a
1363 1354 1487 1401 patre
1525 1348 1731 1401 objurga-

266 1425 433 1466 tionem
467 1425 586 1465 illam
620 1424 848 1478 proficisci,
872 1429 916 1464 ct
953 1423 1009 1463 ab
1046 1437 1098 1463 eo
1130 1424 1197 1463 cui
1231 1424 1390 1463 anima:
1424 1429 1584 1462 nostrae
1618 1422 1735 1462 salus

266 1499 575 1552 antiquissima
610 1499 723 1538 solet
757 1511 863 1548 esse,
900 1497 1088 1550 ideoque
1131 1498 1174 1536 in
1209 1496 1407 1537 beneficii
1451 1502 1575 1549 parte
1609 1509 1734 1549 repo-

267 1574 470 1614 nendam.
542 1572 728 1625 “Turpe
766 1578 832 1612 est
867 1570 1053 1619 autem,’'
1087 1576 1135 1610 ut
1169 1571 1230 1610 ait
1274 1570 1471 1619 Basilius,
1506 1574 1617 1610 “eos
1659 1570 1734 1622 qui

268 1647 524 1701 corporibus
558 1652 787 1698 aegrotent‚
810 1651 984 1686 tantum
1018 1645 1180 1684 habere
1213 1644 1315 1684 fidei
1351 1644 1543 1692 medicis,
1568 1649 1616 1683 ut
1645 1644 1734 1684 sive

269 1729 408 1771 urant,
447 1721 536 1761 sive
574 1721 787 1769 incidant,
830 1720 920 1759 sive
961 1719 1121 1758 amaris
1158 1717 1407 1771 pharmacis
1448 1723 1616 1765 sanent,
1655 1730 1734 1770 pro

267 1794 622 1836 benefactoribus
645 1807 719 1833 eos
749 1793 969 1842 habeant;
1002 1806 1081 1832 nos
1103 1805 1204 1831 vero
1227 1805 1314 1831 non
1338 1792 1494 1831 eodem
1525 1791 1736 1843 praeditos

270 1883 365 1910 esse
387 1868 546 1908 affectu
578 1881 682 1920 erga
709 1880 783 1906 eos
805 1866 880 1919 qui
913 1872 1084 1906 nostras
1108 1866 1276 1905 animas
1299 1870 1462 1913 curant,
1487 1864 1520 1903 si
1544 1865 1734 1916 quando,

261 1956 347 1996 per
368 1942 635 1983 laboriosam
659 1940 837 1981 curandi
862 1940 1089 1988 rationem,
1110 1939 1297 1979 salutem
1321 1944 1515 1979 nostram
1539 1939 1735 1978 studiose

267 2014 557 2070 procurant.''l
651 2015 703 2054 In
756 2015 1031 2065 eandemque
1083 2013 1346 2052 sententiam
1395 2012 1735 2052 Bonaventura:

269 2088 504 2142 “Quando
547 2087 713 2137 nimis‚'’
768 2087 922 2140 inquit,
967 2089 1176 2126 “austere
1225 2085 1294 2125 vel
1337 2085 1480 2125 minus
1518 2085 1636 2137 juste
1678 2085 1734 2124 de

272 2164 422 2216 aliquo
464 2168 718 2215 arguuntur,
757 2174 845 2201 non
882 2160 1115 2200 turbentur
1156 2159 1314 2208 animo,
1353 2160 1428 2198 sed
1471 2158 1618 2211 potius
1654 2171 1734 2210 pro

273 2237 455 2277 fratrum
497 2235 725 2287 diligentia
763 2234 875 2273 circa
913 2234 1041 2286 ipsos,
1080 2233 1167 2285 qui,
1200 2246 1310 2285 quos
1347 2237 1508 2279 amant,
1547 2237 1737 2283 arguunt

271 2315 316 2350 et
367 2309 599 2361 castigant,
653 2314 696 2348 et
749 2307 960 2347 exercitio
1011 2307 1182 2347 virtutis
1234 2306 1386 2346 oblato
1439 2306 1481 2344 in
1540 2305 1737 2345 Domino

258 2381 527 2436 gaudeant.”
543 2380 558 2403 ‘⁶'

360 2455 434 2495 Ex
478 2455 545 2494 his
587 2455 719 2507 igitur
752 2454 972 2508 capitibus
1013 2454 1149 2494 videri
1194 2454 1384 2506 cuipiam
1426 2452 1566 2505 possit
1606 2451 1738 2503 hujus

272 2529 618 2570 Constitutionis
668 2528 856 2568 difficilis
907 2528 1191 2578 observatio;
1262 2532 1397 2579 atque
1450 2525 1553 2565 hinc
1603 2526 1739 2566 oritur

272 2603 417 2644 omnis
460 2602 675 2651 molestia,
719 2615 818 2654 quae
860 2615 917 2641 ex
960 2601 1254 2642 delationibus
1295 2600 1455 2652 suscipi
1498 2599 1621 2649 solet,
1669 2599 1737 2639 cui

274 2676 652 2730 quemadmodum
705 2675 761 2715 sit
812 2675 1126 2715 occurrendum
1188 2674 1386 2727 pluribus
1438 2673 1737 2726 exposuimus.

273 2750 397 2791 Nihil
435 2756 583 2791 autem
621 2763 678 2789 ex
715 2749 783 2789 his
820 2763 920 2802 quae
956 2748 1154 2788 diximus
1195 2748 1252 2788 ad
1293 2747 1424 2800 hujus
1461 2748 1520 2788 rei
1558 2746 1741 2787 difficul-

272 2830 411 2866 tatem
464 2823 793 2865 extenuandam
852 2822 1227 2875 minuendamque
1278 2826 1371 2862 tam
1422 2821 1550 2870 valet,
1606 2833 1739 2874 quam

353 2912 365 2932 ¹
392 2914 430 2946 C.
453 2921 504 2955 52.
525 2914 558 2946 in
576 2914 686 2946 Ascet.
708 2923 766 2945 seu
791 2913 873 2954 Reg.
895 2911 953 2945 fus.
975 2911 1059 2952 disp.
1154 2910 1167 2929 2
1192 2911 1233 2942 In
1258 2910 1354 2951 Spec.
1376 2910 1455 2943 disc.
1477 2921 1509 2952 p.
1525 2918 1556 2942 2.
1573 2920 1600 2942 c.
1618 2915 1647 2950 5.
