1903 3197
694 184 770 229 De
807 183 994 230 Cczstz'ta
1000 190 1051 230 te.
1507 199 1531 243 3
1546 200 1600 243 19

140 319 445 373 pulchritudo;
506 317 567 357 ita
617 316 660 356 in
712 315 838 355 malis
892 315 1070 366 angelis,
1118 316 1221 367 quia
1268 315 1526 356 exciderunt
1577 331 1601 357 a

141 394 293 446 gratia,
337 398 379 432 et
416 405 441 431 a
479 391 641 430 Divino
683 395 918 441 conspectu
964 388 1018 427 ad
1063 387 1224 427 inferos
1266 395 1368 429 sunt
1411 389 1602 442 relegati,

142 467 295 518 ingens
338 465 486 505 extitit
522 462 758 515 turpitudo,
796 466 1010 512 tantaque
1056 460 1313 500 deformitas
1358 467 1404 501 ut
1447 464 1604 504 merito

144 540 424 579 nominentur
457 536 685 576 immundi.

231 611 399 663 Quarta
421 623 561 656 causa,
590 609 693 660 quia
723 608 764 648 S.
782 606 943 659 Angeli
969 612 1068 645 sunt
1092 606 1295 658 puritatis
1324 612 1366 645 et
1390 608 1605 648 castitatis

144 691 302 725 nostrae
345 689 632 737 pei-amantes,
666 688 712 722 ut
754 681 845 733 ejus
888 681 1019 720 etiam
1066 693 1110 719 se
1152 680 1360 719 custodes
1403 680 1604 722 defenso-

144 771 297 810 resque
315 757 612 810 profiteantur.
648 755 756 794 Ideo
773 754 947 806 Judith:
972 752 1158 797 “Vivit‚'’
1177 753 1330 804 inquit,
1353 753 1605 795 “Dominus

142 832 348 884 quoniam
382 830 616 881 custodivit
648 842 717 868 me
750 827 950 880 Angelus
981 826 1153 878 cji1s,et
1184 839 1269 866 non
1303 827 1502 879 permisit
1534 841 1606 867 me

144 905 362 944 Dominus
394 902 597 943 ancillam
635 915 758 942 suam
796 901 1078 952 coinquinari,
1112 900 1188 939 sed
1229 900 1322 939 sine
1361 899 1605 952 pollutione

143 978 310 1030 peccati
344 977 563 1017 revocavit
595 974 723 1015 me.''l
786 975 844 1014 Et
878 975 922 1013 B.
948 973 1103 1024 Agnes
1136 974 1191 1013 ad
1229 973 1603 1025 Symphorianum

144 1052 422 1092 Praefectum:
458 1054 480 1071 “
496 1051 542 1091 Si
564 1048 896 1102 virginitatem,⁷’
921 1049 1073 1100 inquit,
1101 1051 1282 1087 “meam
1306 1047 1348 1086 in
1372 1048 1604 1088 discrimen

145 1126 394 1173 adduxeris,
418 1138 589 1164 mecum
619 1123 760 1163 habeo
783 1122 1010 1163 custodem
1034 1122 1226 1174 corporis
1258 1122 1354 1168 mei,
1379 1121 1602 1174 Angelum

146 1199 336 1247 Domini,
370 1199 442 1250 qui
486 1211 556 1237 me
597 1196 851 1237 inviolatam
894 1194 1118 1235 se1·x·abit.’'
1197 1195 1242 1234 B.
1268 1196 1400 1234 etiam
1446 1195 1604 1235 Paulus

139 1272 266 1325 jubet
299 1271 429 1312 velari
473 1271 733 1310 feminarum
776 1275 908 1322 caput
950 1275 1129 1321 propter
1172 1268 1363 1321 angelos,
1401 1269 1604 1308 nimirum

145 1347 246 1398 quia
278 1345 518 1385 honestatis
552 1350 594 1384 et
626 1344 826 1397 puritatis
858 1340 1089 1382 amantes?
1151 1342 1317 1382 Contra
1347 1355 1461 1390 vero,
1486 1342 1605 1393 quod

144 1420 231 1460 sint
264 1419 365 1459 mali
399 1418 541 1471 angeli
575 1432 624 1458 ac
655 1419 878 1457 dcemones
908 1417 1052 1456 omnis
1083 1416 1347 1468 impuritatis
1376 1416 1610 1467 omnisque

145 1493 446 1534 obscoenitatis
481 1492 620 1539 amici,
650 1491 829 1544 planum
868 1491 908 1530 id
945 1490 1034 1529 fieri
1071 1495 1218 1541 potest
1251 1502 1307 1527 ex
1342 1488 1607 1540 Augustino,

146 1567 189 1607 in
229 1567 366 1606 Levit.
398 1567 471 1605 ubi
509 1567 595 1605 ait:
639 1564 915 1604 “Diabolum
960 1564 1156 1602 maxime
1192 1563 1385 1614 gaudere
1422 1560 1607 1601 luxuria:

146 1639 359 1680 crimine.''
424 1640 482 1678 Et
517 1639 622 1678 dicit
659 1638 875 1690 malignos
912 1638 1089 1689 spii‘itus
1127 1637 1182 1676 ad
1227 1635 1393 1687 flagitia
1430 1635 1611 1675 incitare

146 1714 357 1761 homines,
406 1726 516 1760 cum,
561 1713 603 1751 in
661 1711 990 1751 committendis
1042 1710 1146 1749 olim
1198 1709 1442 1757 sceleribus,
1486 1709 1608 1761 quasi

149 1787 343 1827 divinam
378 1787 442 1825 sui
478 1785 671 1838 exempli
707 1784 1011 1824 auctoritatem
1047 1784 1383 1835 interponerent,
1404 1782 1610 1833 jubentes

148 1861 231 1900 sibi
275 1860 400 1899 ludos
441 1858 635 1898 scenicos
677 1858 810 1897 dicari
853 1857 1110 1908 sacrarique,
1146 1856 1219 1895 ubi
1261 1855 1442 1895 deorum
1482 1861 1607 1895 tanta

151 1934 316 1986 flagitia
367 1932 589 1972 theatricis
648 1931 826 1971 canticis
883 1936 1016 1982 atque
1068 1929 1312 1969 fabularum
1365 1929 1610 1968 actionibus

152 2007 438 2055 celebrantur,
472 2012 519 2045 ut
550 2005 746 2057 quisquis
783 2003 879 2044 illos
916 2003 1204 2043 libentissime
1241 2003 1322 2042 sibi
1360 2001 1465 2041 talia
1501 2002 1611 2042 velle

152 2081 363 2120 exhibere
394 2085 598 2125 cerneret,
623 2092 798 2118 securus
828 2074 1099 2116 i1nitaretur.²³
1152 2076 1216 2117 Ut
1239 2076 1292 2115 de
1324 2075 1437 2115 ludis
1470 2075 1612 2115 Florae

122 2166 126 2167 ⁷
153 2155 275 2203 Dece,
298 2154 371 2206 qui
406 2167 430 2193 a
465 2152 763 2192 meretricibus
791 2151 1053 2203 turpissimis
1087 2149 1433 2197 celebrabantur,
1466 2149 1613 2189 scribit

151 2225 465 2268 Lacta11ctius.4
528 2225 639 2278 Quae
681 2238 802 2265 sacra
840 2225 950 2264 adeo
993 2223 1243 2263 execranda
1279 2223 1361 2262 sibi
1404 2221 1494 2262 fieri
1533 2222 1612 2261 im-

152 2301 370 2355 purissimi
422 2300 648 2341 daemones
700 2298 971 2351 flagitabant,
1020 2311 1069 2337 ac
1121 2297 1201 2337 nisi
1254 2296 1408 2337 fierent
1460 2296 1615 2336 irasce-

151 2376 321 2424 bantur,
374 2380 422 2414 ut
467 2374 560 2427 jam
612 2387 700 2413 non
747 2386 917 2425 qumi-as
969 2370 1158 2424 amplius
1209 2384 1283 2410 cur
1334 2371 1615 2410 nominentur

155 2449 382 2497 immundi,
400 2461 480 2488 nec
502 2448 668 2488 mireris
690 2460 765 2487 cur
786 2460 812 2486 a
835 2444 1009 2486 Christo
1032 2450 1212 2498 petant:
1236 2443 1314 2485 “Si
1338 2443 1432 2496 ejici
1456 2457 1535 2484 nos
1557 2457 1614 2484 ex

155 2522 343 2570 homine,
368 2522 493 2562 mitte
516 2535 594 2561 nos
624 2522 666 2560 in
689 2533 867 2574 gregem
896 2532 1127 2573 porcorum
1146 2517 1207 2568 ;''5
1232 2531 1464 2571 porcorum
1487 2531 1615 2558 coeno

155 2597 336 2649 lutoque
373 2595 587 2636 delectati.
666 2595 816 2635 Etiam
860 2593 1082 2634 Climacus
1123 2598 1256 2646 negat
1293 2591 1382 2632 ullo
1412 2592 1519 2632 vitio
1554 2591 1616 2632 ita

159 2671 383 2710 daemones
420 2670 622 2722 gaudere,
660 2674 709 2709 ut
745 2668 1046 2721 inquinatione
1081 2667 1274 2720 corporis
1321 2663 1486 2706 nostri.G
1546 2664 1615 2704 Ac

159 2743 360 2796 denique,
393 2743 449 2783 ad
490 2755 641 2783 eorum
684 2743 982 2796 impuritatem
1018 2739 1367 2793 redarguendam
1410 2736 1619 2790 exempla

218 2857 230 2878 1
252 2859 369 2900 judith
397 2866 444 2900 13.
573 2857 587 2876 ²
614 2866 640 2890 1.
661 2858 737 2890 Cor.
761 2866 809 2890 11.
941 2857 952 2874 ²²
979 2859 1030 2890 De
1055 2856 1154 2889 Civit.
1176 2856 1242 2886 Dei
1265 2855 1286 2887 l.
1307 2862 1340 2887 2.
1357 2863 1402 2886 cc.
1425 2857 1475 2895 25.
1496 2851 1547 2885 26.

466 2910 479 2929 “¹
503 2910 541 2942 L.
567 2919 591 2942 1.
749 2908 763 2929 ⁵
789 2910 883 2942 Matt.
905 2910 934 2942 3.
1093 2907 1105 2927 ⁰
1130 2906 1230 2939 Grad.
1252 2914 1299 2946 19.
