1903 3197
297 165 359 207 42
764 147 844 193 De
874 146 1125 194 societatis
1156 147 1291 194 Fine.

298 281 466 322 animas
508 278 565 320 ad
607 279 806 329 salutem,
848 293 946 332 quae
988 280 1081 319 sine
1122 293 1284 333 magno
1326 278 1473 319 studio
1521 278 1758 332 laboreque

296 368 383 394 non
415 359 682 394 revocantur.
746 353 1063 394 Difficillimum
1097 359 1162 393 est
1191 353 1306 393 enim
1341 352 1526 393 avellere
1556 351 1758 393 homines

296 441 320 467 e
361 428 490 468 rebus
538 427 755 477 humanis,
798 441 1000 468 revocare
1050 428 1107 468 ab
1148 428 1391 467 inveterata
1441 426 1758 466 consuetudine

297 515 465 554 usuque
504 501 720 550 vitiorum,
756 503 921 555 eripere
963 502 1018 541 de
1052 501 1249 542 faucibus
1296 501 1518 550 Sathanae,
1555 500 1629 552 qui
1668 500 1761 540 ani-

298 588 467 615 marum
504 576 667 628 praedae
701 576 898 628 quotidie
934 576 1167 615 imminens
1201 575 1350 616 circuit
1388 588 1586 627 quaerens
1624 588 1756 626 quem

299 649 488 689 devoret.
571 648 704 702 Quod
751 649 958 689 sathanas
1007 649 1100 702 ipse
1141 649 1184 688 in
1225 649 1470 689 animarum
1519 648 1756 701 perniciem

298 736 470 776 semper
501 724 704 772 excubat,
739 730 953 776 quantum
989 723 1236 775 vigiliarum
1270 723 1596 775 suscipiendum
1629 722 1758 762 nobis

299 802 375 845 est,
399 802 614 849 quantum
648 797 780 837 studii
813 797 1113 837 adhibendum
1141 797 1184 836 in
1217 797 1278 836 eis
1310 796 1532 836 servandis
1564 802 1608 835 et
1641 809 1762 836 recu-

297 871 532 923 perandis:
584 885 672 911 non
724 871 840 911 enim
891 871 1085 911 sedendo
1126 884 1177 911 ac
1219 870 1479 911 dormiendo
1522 876 1758 917 servantur,

299 944 376 983 sed
411 943 679 996 “impense‚”
715 951 762 985 ut
801 944 1069 985 Constitutio
1102 950 1261 993 monet,
1294 945 1337 983 in
1379 957 1528 984 earum
1571 944 1757 983 salutem

297 1031 349 1057 ac
401 1018 712 1070 perfectionem
766 1018 1069 1057 incumbendo.
1161 1017 1250 1057 Sed
1300 1018 1480 1069 quinam
1532 1023 1643 1065 sunt,
1686 1018 1760 1069 qui

298 1091 496 1143 impense
529 1091 769 1143 seduloque
801 1091 843 1130 in
875 1090 988 1130 hanc
1020 1091 1371 1143 procurationem
1404 1090 1693 1130 incumbunt?

390 1164 547 1204 Restat
582 1165 713 1217 igitur
748 1164 832 1204 hoc
864 1170 1147 1217 postremum,
1177 1169 1225 1204 ut
1259 1164 1416 1215 quibus
1451 1164 1587 1216 signis
1622 1164 1660 1212 ii,
1689 1164 1763 1216 qui

298 1237 342 1276 in
391 1237 635 1277 animarum
684 1236 869 1277 salutem
918 1238 1152 1285 excubant,
1197 1250 1382 1289 eamque
1423 1236 1551 1276 valde
1597 1237 1761 1285 sitiunt,

298 1311 660 1360 internoscantur,
717 1311 905 1351 breviter
966 1325 1251 1364 exponamus.
1345 1310 1552 1363 Quinque
1613 1318 1761 1351 autem

298 1390 482 1437 possunt
514 1398 608 1424 esse
647 1384 781 1437 signa.
846 1385 1039 1424 Primum
1073 1391 1149 1433 est,
1185 1384 1314 1424 nullis
1351 1398 1493 1436 neque
1529 1384 1762 1433 laboribus,

300 1471 443 1510 neque
484 1458 775 1498 incommodis
817 1459 1062 1498 animarum
1104 1472 1235 1498 causa
1282 1472 1470 1511 parcere.
1553 1459 1679 1498 Patet
1721 1459 1764 1498 id

299 1531 343 1571 in
385 1531 607 1583 Apostolo
650 1532 798 1581 Paulo,
836 1532 908 1584 qui
961 1533 1159 1585 impense
1203 1532 1245 1571 in
1288 1532 1532 1572 animarum
1576 1532 1762 1572 salutem

298 1604 590 1644 incumbebat.
655 1603 774 1657 Quid
801 1605 918 1645 enim
946 1606 1038 1658 ipse
1061 1606 1116 1644 de
1142 1619 1187 1644 se
1210 1605 1358 1645 scribit
1381 1605 1436 1644 ad
1461 1604 1712 1645 Corinthios
1729 1604 1765 1645 ?1

300 1682 323 1698 “
339 1679 391 1718 In
427 1678 683 1727 laboribus,''
719 1679 870 1731 inquit,
906 1682 928 1699 “
945 1679 1152 1732 plurimis,
1187 1680 1229 1717 in
1259 1678 1503 1718 carceribus
1537 1679 1765 1719 abundan-

299 1753 396 1802 tius,
430 1753 473 1792 in
507 1753 649 1806 plagis
681 1767 812 1806 supra
844 1753 1039 1802 modum,
1068 1753 1111 1792 in
1146 1753 1359 1792 mortibus
1392 1751 1695 1804 frequenter:‘’
1724 1759 1767 1793 et

298 1826 465 1879 reliqua
488 1841 585 1879 quae
610 1833 847 1867 enumerat.
911 1827 971 1867 Et
1003 1826 1105 1867 alibi
1137 1826 1235 1879 plus
1264 1840 1311 1865 se
1340 1826 1509 1865 caeteris
1536 1825 1767 1878 Apostolis

299 1900 522 1941 laborasse
554 1906 751 1948 testatur,
783 1914 942 1952 nempe
975 1901 1017 1940 in
1050 1913 1141 1939 rem
1173 1899 1429 1939 animorum.
1519 1900 1579 1940 Et
1611 1900 1766 1940 eadem

301 1973 539 2027 epistola:‘²
578 1975 667 2014 “In
710 1972 949 2023 omnibus,'’
983 1974 1136 2026 inquit,
1171 1973 1528 2013 “tribulationem
1561 1973 1765 2025 patimur,

299 2049 376 2089 sed
420 2062 507 2088 non
550 2048 864 2100 angustiamur,
908 2047 1168 2100 aporiamur,
1212 2047 1288 2086 sed
1335 2059 1423 2085 non
1475 2046 1765 2095 destituimur,

300 2122 649 2175 persecutionem
684 2122 887 2174 patimur,
919 2121 995 2160 sed
1027 2134 1114 2160 non
1145 2119 1496 2171 derelinquimur,
1526 2118 1764 2171 dejicimur,

300 2196 377 2236 sed
406 2209 493 2235 non
523 2196 716 2248 perimus
734 2194 771 2234 :’'
805 2200 848 2235 et
876 2194 978 2234 alibi
1004 2196 1024 2214 “
1043 2193 1350 2233 Maledicimur
1379 2199 1422 2233 et
1451 2193 1763 2242 benedicimus,

298 2270 652 2323 persecutionem
704 2269 897 2322 patimur
931 2275 975 2309 et
1016 2268 1294 2317 sustinemus,
1326 2266 1686 2320 blasphemamur
1722 2272 1767 2308 et

300 2341 675 2392 obsecramus;”3
708 2356 810 2382 nam
853 2341 964 2381 infra
1000 2342 1061 2381 sic
1098 2341 1216 2391 dicit,
1250 2341 1397 2380 omnia
1435 2341 1551 2380 enim
1588 2346 1767 2393 propter

300 2431 391 2466 nos,
435 2430 594 2470 nempe
639 2416 901 2469 Magistrum
949 2428 1076 2455 suum
1119 2428 1170 2454 ac
1214 2414 1370 2453 ducem
1419 2413 1541 2466 sequi
1587 2413 1764 2466 placuit,

299 2491 425 2543 cujus
457 2497 559 2530 sunt
591 2490 684 2530 noti
721 2489 893 2530 labores
930 2503 980 2529 ac
1013 2488 1207 2537 sudores,
1239 2493 1355 2527 notae
1394 2487 1768 2540 peregrinationes

301 2570 346 2604 et
392 2564 707 2612 contentiones,
757 2568 862 2602 nota
902 2562 1003 2603 vitae
1047 2560 1298 2601 discrimina
1345 2574 1395 2600 ac
1446 2558 1640 2613 pericula
1687 2573 1766 2613 pro

301 2637 546 2678 animarum
590 2637 730 2677 salute
771 2641 988 2689 suscepta.

391 2709 644 2751 Secundum
673 2710 846 2762 signum
877 2715 944 2749 est
966 2707 1133 2748 nullum
1166 2713 1341 2760 tempus
1369 2707 1593 2759 quaerendi
1613 2706 1768 2759 juvan-

301 2784 435 2837 dique
481 2784 650 2824 animas
697 2783 1045 2836 praetermittere,
1089 2782 1165 2822 sed
1213 2786 1472 2835 opportune,
1518 2781 1768 2834 importune

590 2871 602 2891 1
626 2881 646 2903 2
671 2872 747 2905 Cor.
770 2881 818 2904 11.
955 2870 968 2889 2
991 2880 1011 2902 2
1035 2871 1112 2903 Cor.
1131 2880 1162 2911 4.
1297 2869 1311 2889 ³
1337 2878 1351 2902 1
1371 2870 1447 2902 Cor.
1466 2878 1498 2911 4.
