<?xml version="1.0" encoding="UTF-8"?>
<!DOCTYPE html PUBLIC "-//W3C//DTD XHTML 1.0 Transitional//EN"
    "http://www.w3.org/TR/xhtml1/DTD/xhtml1-transitional.dtd">
<html xmlns="http://www.w3.org/1999/xhtml" xml:lang="en" lang="en">
 <head>
  <title>
</title>
<meta http-equiv="Content-Type" content="text/html;charset=utf-8" />
  <meta name='ocr-system' content='tesseract 3.04.00' />
  <meta name='ocr-capabilities' content='ocr_page ocr_carea ocr_par ocr_line ocrx_word'/>
</head>
<body>
  <div class='ocr_page' id='page_1' title='image "./nicolaiorlandini00orla/nicolaiorlandini00orla_0069.png"; bbox 0 0 1903 3197; ppageno 0'>
   <div class='ocr_carea' id='block_1_1' title="bbox 422 161 1535 224">
    <p class='ocr_par' dir='ltr' id='par_1_1' title="bbox 422 161 1535 224">
     <span class='ocr_line' id='line_1_1' title="bbox 422 161 1535 224; baseline 0.002 -17"><span class='ocrx_word' id='word_1_1' title='bbox 422 162 502 207; x_wconf 75' lang='lat' dir='ltr'>De</span> <span class='ocrx_word' id='word_1_2' title='bbox 535 161 828 222; x_wconf 62' lang='lat' dir='ltr'>Regiom&#39;bus</span> <span class='ocrx_word' id='word_1_3' title='bbox 853 163 1195 224; x_wconf 59' lang='lat' dir='ltr'>peragrandis.</span> <span class='ocrx_word' id='word_1_4' title='bbox 1471 179 1535 222; x_wconf 82' lang='grc'>49</span> 
     </span>
    </p>
   </div>
   <div class='ocr_carea' id='block_1_2' title="bbox 62 292 1536 2854">
    <p class='ocr_par' dir='ltr' id='par_1_2' title="bbox 63 292 1536 2553">
     <span class='ocr_line' id='line_1_2' title="bbox 73 292 1534 347; baseline 0 -11"><span class='ocrx_word' id='word_1_5' title='bbox 73 297 159 336; x_wconf 85' lang='lat' dir='ltr'>sint</span> <span class='ocrx_word' id='word_1_6' title='bbox 196 292 485 343; x_wconf 78' lang='lat' dir='ltr'>exercitati,’&#39;1</span> <span class='ocrx_word' id='word_1_7' title='bbox 523 293 687 333; x_wconf 88' lang='lat' dir='ltr'>scilicet</span> <span class='ocrx_word' id='word_1_8' title='bbox 724 293 1003 342; x_wconf 82' lang='lat' dir='ltr'>obedientia3</span> <span class='ocrx_word' id='word_1_9' title='bbox 1052 308 1210 347; x_wconf 80' lang='lat' dir='ltr'><strong>nempe</strong></span> <span class='ocrx_word' id='word_1_10' title='bbox 1253 300 1300 335; x_wconf 91' lang='lat' dir='ltr'>ut</span> <span class='ocrx_word' id='word_1_11' title='bbox 1342 309 1429 347; x_wconf 91' lang='lat' dir='ltr'>quo</span> <span class='ocrx_word' id='word_1_12' title='bbox 1470 296 1534 336; x_wconf 90' lang='lat' dir='ltr'>vis</span> 
     </span>
     <span class='ocr_line' id='line_1_3' title="bbox 77 366 1536 423; baseline 0 -13"><span class='ocrx_word' id='word_1_13' title='bbox 77 370 274 423; x_wconf 66' lang='lat' dir='ltr'>gentium</span> <span class='ocrx_word' id='word_1_14' title='bbox 305 369 396 409; x_wconf 89' lang='lat' dir='ltr'>sine</span> <span class='ocrx_word' id='word_1_15' title='bbox 420 367 507 407; x_wconf 86' lang='lat' dir='ltr'>ulla</span> <span class='ocrx_word' id='word_1_16' title='bbox 529 367 838 407; x_wconf 73' lang='lat' dir='ltr'>retractatione</span> <span class='ocrx_word' id='word_1_17' title='bbox 859 366 927 406; x_wconf 86' lang='lat' dir='ltr'>vel</span> <span class='ocrx_word' id='word_1_18' title='bbox 957 368 1229 408; x_wconf 75' lang='lat' dir='ltr'>recusatione</span> <span class='ocrx_word' id='word_1_19' title='bbox 1252 370 1536 422; x_wconf 76' lang='lat' dir='ltr'>contendant,</span> 
     </span>
     <span class='ocr_line' id='line_1_4' title="bbox 72 440 1530 497; baseline 0.001 -13"><span class='ocrx_word' id='word_1_20' title='bbox 72 444 191 497; x_wconf 86' lang='lat' dir='ltr'>quod</span> <span class='ocrx_word' id='word_1_21' title='bbox 224 444 313 483; x_wconf 86' lang='lat' dir='ltr'>fieri</span> <span class='ocrx_word' id='word_1_22' title='bbox 347 444 439 482; x_wconf 88' lang='lat' dir='ltr'>sine</span> <span class='ocrx_word' id='word_1_23' title='bbox 472 455 633 494; x_wconf 77' lang='lat' dir='ltr'>magna</span> <span class='ocrx_word' id='word_1_24' title='bbox 655 440 918 481; x_wconf 82' lang='lat' dir='ltr'>obedientiae</span> <span class='ocrx_word' id='word_1_25' title='bbox 942 442 1258 481; x_wconf 78' lang='lat' dir='ltr'>exercitatione</span> <span class='ocrx_word' id='word_1_26' title='bbox 1286 456 1372 483; x_wconf 91' lang='lat' dir='ltr'>non</span> <span class='ocrx_word' id='word_1_27' title='bbox 1404 444 1530 485; x_wconf 81' lang='lat' dir='ltr'>facile</span> 
     </span>
     <span class='ocr_line' id='line_1_5' title="bbox 71 513 1531 570; baseline -0.001 -12"><span class='ocrx_word' id='word_1_28' title='bbox 71 523 252 570; x_wconf 89' lang='lat' dir='ltr'>potest:</span> <span class='ocrx_word' id='word_1_29' title='bbox 299 523 433 569; x_wconf 91' lang='lat' dir='ltr'>atque</span> <span class='ocrx_word' id='word_1_30' title='bbox 474 516 633 555; x_wconf 89' lang='lat' dir='ltr'>idcirco</span> <span class='ocrx_word' id='word_1_31' title='bbox 675 515 862 567; x_wconf 82' lang='lat' dir='ltr'>primam</span> <span class='ocrx_word' id='word_1_32' title='bbox 915 513 1027 554; x_wconf 89' lang='lat' dir='ltr'>hanc</span> <span class='ocrx_word' id='word_1_33' title='bbox 1076 514 1425 556; x_wconf 88' lang='lat' dir='ltr'>Constitutiones</span> <span class='ocrx_word' id='word_1_34' title='bbox 1468 532 1531 557; x_wconf 91' lang='lat' dir='ltr'>re-</span> 
     </span>
     <span class='ocr_line' id='line_1_6' title="bbox 70 589 1532 643; baseline -0.001 -12"><span class='ocrx_word' id='word_1_35' title='bbox 70 593 257 643; x_wconf 82' lang='lat' dir='ltr'>quirunt.</span> <span class='ocrx_word' id='word_1_36' title='bbox 351 590 603 631; x_wconf 83' lang='lat' dir='ltr'>Secundum</span> <span class='ocrx_word' id='word_1_37' title='bbox 657 594 817 637; x_wconf 87' lang='lat' dir='ltr'>autem,</span> <span class='ocrx_word' id='word_1_38' title='bbox 860 589 979 640; x_wconf 88' lang='lat' dir='ltr'>quod</span> <span class='ocrx_word' id='word_1_39' title='bbox 1027 589 1263 640; x_wconf 87' lang='lat' dir='ltr'>requirunt,</span> <span class='ocrx_word' id='word_1_40' title='bbox 1315 595 1380 628; x_wconf 89' lang='lat' dir='ltr'>est</span> <span class='ocrx_word' id='word_1_41' title='bbox 1431 591 1532 630; x_wconf 62' lang='lat' dir='ltr'>vitre</span> 
     </span>
     <span class='ocr_line' id='line_1_7' title="bbox 69 661 1531 717; baseline -0.001 -12"><span class='ocrx_word' id='word_1_42' title='bbox 69 666 274 717; x_wconf 79' lang='lat' dir='ltr'>probitas,</span> <span class='ocrx_word' id='word_1_43' title='bbox 318 669 365 703; x_wconf 92' lang='lat' dir='ltr'>ut</span> <span class='ocrx_word' id='word_1_44' title='bbox 406 663 565 702; x_wconf 91' lang='lat' dir='ltr'>dicitur</span> <span class='ocrx_word' id='word_1_45' title='bbox 612 663 655 701; x_wconf 91' lang='lat' dir='ltr'>in</span> <span class='ocrx_word' id='word_1_46' title='bbox 697 661 914 714; x_wconf 89' lang='lat' dir='ltr'>prooemio</span> <span class='ocrx_word' id='word_1_47' title='bbox 957 668 1125 714; x_wconf 79' lang='lat' dir='ltr'>quartae</span> <span class='ocrx_word' id='word_1_48' title='bbox 1167 662 1338 714; x_wconf 78' lang='lat' dir='ltr'>partis3</span> <span class='ocrx_word' id='word_1_49' title='bbox 1393 676 1531 715; x_wconf 82' lang='lat' dir='ltr'>eaque</span> 
     </span>
     <span class='ocr_line' id='line_1_8' title="bbox 69 735 1529 790; baseline 0 -13"><span class='ocrx_word' id='word_1_50' title='bbox 69 739 239 778; x_wconf 89' lang='lat' dir='ltr'>duabus</span> <span class='ocrx_word' id='word_1_51' title='bbox 272 738 491 790; x_wconf 63' lang='lat' dir='ltr'>praecipue</span> <span class='ocrx_word' id='word_1_52' title='bbox 514 737 569 776; x_wconf 89' lang='lat' dir='ltr'>de</span> <span class='ocrx_word' id='word_1_53' title='bbox 591 737 751 776; x_wconf 85' lang='lat' dir='ltr'>causis:</span> <span class='ocrx_word' id='word_1_54' title='bbox 790 741 842 785; x_wconf 63' lang='lat'>1³,</span> <span class='ocrx_word' id='word_1_55' title='bbox 867 742 933 776; x_wconf 85' lang='lat' dir='ltr'>est</span> <span class='ocrx_word' id='word_1_56' title='bbox 956 737 1058 787; x_wconf 89' lang='lat' dir='ltr'>quia</span> <span class='ocrx_word' id='word_1_57' title='bbox 1088 735 1162 787; x_wconf 92' lang='lat' dir='ltr'>qui</span> <span class='ocrx_word' id='word_1_58' title='bbox 1196 735 1252 775; x_wconf 85' lang='lat' dir='ltr'>ad</span> <span class='ocrx_word' id='word_1_59' title='bbox 1282 736 1529 777; x_wconf 86' lang='lat' dir='ltr'>animarum</span> 
     </span>
     <span class='ocr_line' id='line_1_9' title="bbox 68 809 1529 863; baseline -0.001 -11"><span class='ocrx_word' id='word_1_60' title='bbox 68 812 282 852; x_wconf 76' lang='lat' dir='ltr'>auxilium</span> <span class='ocrx_word' id='word_1_61' title='bbox 314 811 429 851; x_wconf 88' lang='lat' dir='ltr'>foras</span> <span class='ocrx_word' id='word_1_62' title='bbox 462 810 691 863; x_wconf 89' lang='lat' dir='ltr'>prodeunt,</span> <span class='ocrx_word' id='word_1_63' title='bbox 715 810 743 849; x_wconf 93' lang='lat' dir='ltr'>ii</span> <span class='ocrx_word' id='word_1_64' title='bbox 775 809 937 849; x_wconf 88' lang='lat' dir='ltr'>habere</span> <span class='ocrx_word' id='word_1_65' title='bbox 959 809 1135 860; x_wconf 87' lang='lat' dir='ltr'>debent,</span> <span class='ocrx_word' id='word_1_66' title='bbox 1159 815 1207 849; x_wconf 89' lang='lat' dir='ltr'>ut</span> <span class='ocrx_word' id='word_1_67' title='bbox 1241 810 1427 850; x_wconf 79' lang='lat' dir='ltr'>Basilius</span> <span class='ocrx_word' id='word_1_68' title='bbox 1457 813 1529 860; x_wconf 87' lang='lat' dir='ltr'>ait,</span> 
     </span>
     <span class='ocr_line' id='line_1_10' title="bbox 66 883 1530 937; baseline -0.001 -11"><span class='ocrx_word' id='word_1_69' title='bbox 66 890 254 926; x_wconf 85' lang='lat' dir='ltr'>“sensus</span> <span class='ocrx_word' id='word_1_70' title='bbox 288 886 343 925; x_wconf 90' lang='lat' dir='ltr'>ad</span> <span class='ocrx_word' id='word_1_71' title='bbox 377 885 685 925; x_wconf 79' lang='lat' dir='ltr'>discretionem</span> <span class='ocrx_word' id='word_1_72' title='bbox 728 884 830 924; x_wconf 91' lang='lat' dir='ltr'>boni</span> <span class='ocrx_word' id='word_1_73' title='bbox 865 890 907 923; x_wconf 88' lang='lat' dir='ltr'>et</span> <span class='ocrx_word' id='word_1_74' title='bbox 946 883 1049 923; x_wconf 88' lang='lat' dir='ltr'>mali</span> <span class='ocrx_word' id='word_1_75' title='bbox 1084 884 1362 933; x_wconf 84' lang='lat' dir='ltr'>exercitatos,</span> <span class='ocrx_word' id='word_1_76' title='bbox 1397 890 1530 937; x_wconf 88' lang='lat' dir='ltr'>atque</span> 
     </span>
     <span class='ocr_line' id='line_1_11' title="bbox 65 943 1530 1013; baseline -0.001 -13"><span class='ocrx_word' id='word_1_77' title='bbox 65 960 177 1000; x_wconf 80' lang='lat' dir='ltr'>adeo</span> <span class='ocrx_word' id='word_1_78' title='bbox 209 960 402 1013; x_wconf 81' lang='lat' dir='ltr'>perfecto</span> <span class='ocrx_word' id='word_1_79' title='bbox 435 959 566 998; x_wconf 88' lang='lat' dir='ltr'>corde</span> <span class='ocrx_word' id='word_1_80' title='bbox 599 959 641 998; x_wconf 90' lang='lat' dir='ltr'>in</span> <span class='ocrx_word' id='word_1_81' title='bbox 664 959 734 998; x_wconf 79' lang='lat' dir='ltr'>via</span> <span class='ocrx_word' id='word_1_82' title='bbox 769 943 950 998; x_wconf 68' lang='lat' dir='ltr'>Doniini</span> <span class='ocrx_word' id='word_1_83' title='bbox 983 958 1231 1011; x_wconf 81' lang='lat' dir='ltr'>profecisse,</span> <span class='ocrx_word' id='word_1_84' title='bbox 1257 965 1304 998; x_wconf 91' lang='lat' dir='ltr'>ut</span> <span class='ocrx_word' id='word_1_85' title='bbox 1335 958 1439 998; x_wconf 82' lang='lat' dir='ltr'>nihil</span> <span class='ocrx_word' id='word_1_86' title='bbox 1469 961 1530 1000; x_wconf 89' lang='lat' dir='ltr'>eis</span> 
     </span>
     <span class='ocr_line' id='line_1_12' title="bbox 65 1031 1528 1085; baseline -0.001 -11"><span class='ocrx_word' id='word_1_87' title='bbox 65 1034 121 1074; x_wconf 87' lang='lat' dir='ltr'>ab</span> <span class='ocrx_word' id='word_1_88' title='bbox 142 1034 299 1074; x_wconf 89' lang='lat' dir='ltr'>horum</span> <span class='ocrx_word' id='word_1_89' title='bbox 323 1046 558 1084; x_wconf 75' lang='lat' dir='ltr'>congressu</span> <span class='ocrx_word' id='word_1_90' title='bbox 593 1033 891 1083; x_wconf 86' lang='lat' dir='ltr'>societateque</span> <span class='ocrx_word' id='word_1_91' title='bbox 922 1033 1210 1072; x_wconf 88' lang='lat' dir='ltr'>metuendum</span> <span class='ocrx_word' id='word_1_92' title='bbox 1241 1033 1296 1072; x_wconf 86' lang='lat' dir='ltr'>sit</span> <span class='ocrx_word' id='word_1_93' title='bbox 1315 1031 1378 1082; x_wconf 71' lang='lat'>;&#39;&#39;2</span> <span class='ocrx_word' id='word_1_94' title='bbox 1410 1034 1528 1085; x_wconf 87' lang='lat' dir='ltr'>quod</span> 
     </span>
     <span class='ocr_line' id='line_1_13' title="bbox 66 1104 1530 1159; baseline 0 -12"><span class='ocrx_word' id='word_1_95' title='bbox 66 1109 100 1147; x_wconf 86' lang='lat' dir='ltr'>si</span> <span class='ocrx_word' id='word_1_96' title='bbox 134 1108 176 1147; x_wconf 93' lang='lat' dir='ltr'>id</span> <span class='ocrx_word' id='word_1_97' title='bbox 200 1107 362 1158; x_wconf 89' lang='lat' dir='ltr'>ubique</span> <span class='ocrx_word' id='word_1_98' title='bbox 385 1106 677 1145; x_wconf 84' lang='lat' dir='ltr'>necessarium</span> <span class='ocrx_word' id='word_1_99' title='bbox 709 1111 785 1154; x_wconf 91' lang='lat' dir='ltr'>est,</span> <span class='ocrx_word' id='word_1_100' title='bbox 811 1104 950 1145; x_wconf 88' lang='lat' dir='ltr'>multo</span> <span class='ocrx_word' id='word_1_101' title='bbox 983 1107 1124 1158; x_wconf 80' lang='lat' dir='ltr'>magis</span> <span class='ocrx_word' id='word_1_102' title='bbox 1156 1120 1256 1146; x_wconf 88' lang='lat' dir='ltr'>cum</span> <span class='ocrx_word' id='word_1_103' title='bbox 1289 1121 1367 1159; x_wconf 91' lang='lat' dir='ltr'>per</span> <span class='ocrx_word' id='word_1_104' title='bbox 1387 1108 1530 1148; x_wconf 82' lang='lat' dir='ltr'>varias</span> 
     </span>
     <span class='ocr_line' id='line_1_14' title="bbox 67 1179 1530 1233; baseline 0 -12"><span class='ocrx_word' id='word_1_105' title='bbox 67 1181 219 1221; x_wconf 83' lang='lat' dir='ltr'>mundi</span> <span class='ocrx_word' id='word_1_106' title='bbox 251 1186 399 1233; x_wconf 88' lang='lat' dir='ltr'>partes</span> <span class='ocrx_word' id='word_1_107' title='bbox 431 1179 547 1219; x_wconf 87' lang='lat' dir='ltr'>salus</span> <span class='ocrx_word' id='word_1_108' title='bbox 581 1179 791 1231; x_wconf 77' lang='lat' dir='ltr'>quaeritur</span> <span class='ocrx_word' id='word_1_109' title='bbox 822 1180 1081 1227; x_wconf 87' lang='lat' dir='ltr'>animarum,</span> <span class='ocrx_word' id='word_1_110' title='bbox 1114 1180 1187 1220; x_wconf 90' lang='lat' dir='ltr'>ubi</span> <span class='ocrx_word' id='word_1_111' title='bbox 1222 1194 1301 1220; x_wconf 85' lang='lat' dir='ltr'>nec</span> <span class='ocrx_word' id='word_1_112' title='bbox 1335 1187 1401 1221; x_wconf 91' lang='lat' dir='ltr'>tot</span> <span class='ocrx_word' id='word_1_113' title='bbox 1434 1195 1530 1221; x_wconf 89' lang='lat' dir='ltr'>cus-</span> 
     </span>
     <span class='ocr_line' id='line_1_15' title="bbox 65 1253 1530 1300; baseline 0 -5"><span class='ocrx_word' id='word_1_114' title='bbox 65 1256 220 1295; x_wconf 88' lang='lat' dir='ltr'>todum</span> <span class='ocrx_word' id='word_1_115' title='bbox 263 1254 377 1294; x_wconf 90' lang='lat' dir='ltr'>oculi</span> <span class='ocrx_word' id='word_1_116' title='bbox 412 1266 491 1292; x_wconf 84' lang='lat' dir='ltr'>nos</span> <span class='ocrx_word' id='word_1_117' title='bbox 535 1253 783 1300; x_wconf 84' lang='lat' dir='ltr'>observant,</span> <span class='ocrx_word' id='word_1_118' title='bbox 818 1266 898 1292; x_wconf 89' lang='lat' dir='ltr'>nec</span> <span class='ocrx_word' id='word_1_119' title='bbox 941 1259 1153 1293; x_wconf 79' lang='lat' dir='ltr'>sexcenta</span> <span class='ocrx_word' id='word_1_120' title='bbox 1190 1267 1247 1293; x_wconf 76' lang='lat' dir='ltr'>ex</span> <span class='ocrx_word' id='word_1_121' title='bbox 1290 1254 1530 1295; x_wconf 82' lang='lat' dir='ltr'>innumeris</span> 
     </span>
     <span class='ocr_line' id='line_1_16' title="bbox 64 1324 1530 1381; baseline 0 -12"><span class='ocrx_word' id='word_1_122' title='bbox 64 1328 368 1369; x_wconf 86' lang='lat' dir='ltr'>occasionibus</span> <span class='ocrx_word' id='word_1_123' title='bbox 401 1326 593 1380; x_wconf 86' lang='lat' dir='ltr'>pericula</span> <span class='ocrx_word' id='word_1_124' title='bbox 626 1326 812 1374; x_wconf 85' lang='lat' dir='ltr'>desunt;</span> <span class='ocrx_word' id='word_1_125' title='bbox 848 1324 927 1374; x_wconf 53' lang='lat' dir='ltr'>ssa,</span> <span class='ocrx_word' id='word_1_126' title='bbox 962 1340 1065 1366; x_wconf 86' lang='lat' dir='ltr'>vero</span> <span class='ocrx_word' id='word_1_127' title='bbox 1098 1333 1164 1367; x_wconf 89' lang='lat' dir='ltr'>est</span> <span class='ocrx_word' id='word_1_128' title='bbox 1196 1329 1421 1379; x_wconf 88' lang='lat' dir='ltr'>quoniam,</span> <span class='ocrx_word' id='word_1_129' title='bbox 1456 1330 1530 1381; x_wconf 91' lang='lat' dir='ltr'>qui</span> 
     </span>
     <span class='ocr_line' id='line_1_17' title="bbox 64 1400 1530 1453; baseline 0 -10"><span class='ocrx_word' id='word_1_130' title='bbox 64 1403 180 1443; x_wconf 76' lang='lat' dir='ltr'>foras</span> <span class='ocrx_word' id='word_1_131' title='bbox 231 1403 287 1442; x_wconf 89' lang='lat' dir='ltr'>ad</span> <span class='ocrx_word' id='word_1_132' title='bbox 337 1402 380 1441; x_wconf 91' lang='lat' dir='ltr'>id</span> <span class='ocrx_word' id='word_1_133' title='bbox 434 1401 668 1440; x_wconf 87' lang='lat' dir='ltr'>mittuntur</span> <span class='ocrx_word' id='word_1_134' title='bbox 719 1401 982 1453; x_wconf 86' lang='lat' dir='ltr'>persuadere</span> <span class='ocrx_word' id='word_1_135' title='bbox 1026 1400 1107 1440; x_wconf 83' lang='lat' dir='ltr'>sibi</span> <span class='ocrx_word' id='word_1_136' title='bbox 1161 1401 1337 1450; x_wconf 88' lang='lat' dir='ltr'>debent,</span> <span class='ocrx_word' id='word_1_137' title='bbox 1392 1416 1437 1442; x_wconf 89' lang='lat' dir='ltr'>se</span> <span class='ocrx_word' id='word_1_138' title='bbox 1487 1410 1530 1443; x_wconf 89' lang='lat' dir='ltr'>et</span> 
     </span>
     <span class='ocr_line' id='line_1_18' title="bbox 64 1474 1530 1527; baseline -0.001 -10"><span class='ocrx_word' id='word_1_139' title='bbox 64 1478 230 1517; x_wconf 80' lang='lat' dir='ltr'>bonum</span> <span class='ocrx_word' id='word_1_140' title='bbox 265 1475 425 1516; x_wconf 85' lang='lat' dir='ltr'>Christi</span> <span class='ocrx_word' id='word_1_141' title='bbox 469 1475 649 1515; x_wconf 90' lang='lat' dir='ltr'>odorem</span> <span class='ocrx_word' id='word_1_142' title='bbox 694 1488 788 1514; x_wconf 87' lang='lat' dir='ltr'>esse</span> <span class='ocrx_word' id='word_1_143' title='bbox 820 1480 1022 1527; x_wconf 80' lang='lat' dir='ltr'>oportere</span> <span class='ocrx_word' id='word_1_144' title='bbox 1054 1474 1287 1527; x_wconf 89' lang='lat' dir='ltr'>probitatis</span> <span class='ocrx_word' id='word_1_145' title='bbox 1326 1482 1369 1516; x_wconf 88' lang='lat' dir='ltr'>et</span> <span class='ocrx_word' id='word_1_146' title='bbox 1406 1490 1530 1516; x_wconf 84' lang='lat' dir='ltr'>sanc-</span> 
     </span>
     <span class='ocr_line' id='line_1_19' title="bbox 63 1547 1530 1602; baseline -0.001 -11"><span class='ocrx_word' id='word_1_147' title='bbox 63 1551 202 1591; x_wconf 84' lang='lat' dir='ltr'>titatis</span> <span class='ocrx_word' id='word_1_148' title='bbox 252 1549 471 1602; x_wconf 78' lang='lat' dir='ltr'>exemplo,</span> <span class='ocrx_word' id='word_1_149' title='bbox 516 1554 563 1588; x_wconf 90' lang='lat' dir='ltr'>ut</span> <span class='ocrx_word' id='word_1_150' title='bbox 605 1561 756 1588; x_wconf 85' lang='lat' dir='ltr'>eorum</span> <span class='ocrx_word' id='word_1_151' title='bbox 809 1547 1066 1600; x_wconf 53' lang='lat' dir='ltr'>praedicatio</span> <span class='ocrx_word' id='word_1_152' title='bbox 1111 1547 1288 1588; x_wconf 87' lang='lat' dir='ltr'>Christo</span> <span class='ocrx_word' id='word_1_153' title='bbox 1340 1549 1421 1602; x_wconf 86' lang='lat' dir='ltr'>ipsi</span> <span class='ocrx_word' id='word_1_154' title='bbox 1475 1551 1530 1591; x_wconf 89' lang='lat' dir='ltr'>sit</span> 
     </span>
     <span class='ocr_line' id='line_1_20' title="bbox 64 1622 1529 1679; baseline -0.001 -14"><span class='ocrx_word' id='word_1_155' title='bbox 64 1631 201 1679; x_wconf 74' lang='lat' dir='ltr'>grata,</span> <span class='ocrx_word' id='word_1_156' title='bbox 245 1630 288 1664; x_wconf 90' lang='lat' dir='ltr'>et</span> <span class='ocrx_word' id='word_1_157' title='bbox 329 1624 542 1663; x_wconf 67' lang='lat' dir='ltr'>universae</span> <span class='ocrx_word' id='word_1_158' title='bbox 587 1622 821 1663; x_wconf 76' lang='lat' dir='ltr'>Societatis</span> <span class='ocrx_word' id='word_1_159' title='bbox 863 1622 1076 1662; x_wconf 82' lang='lat' dir='ltr'>sustinere</span> <span class='ocrx_word' id='word_1_160' title='bbox 1118 1636 1363 1675; x_wconf 82' lang='lat' dir='ltr'>personam,</span> <span class='ocrx_word' id='word_1_161' title='bbox 1406 1624 1529 1676; x_wconf 85' lang='lat' dir='ltr'>cujus</span> 
     </span>
     <span class='ocr_line' id='line_1_21' title="bbox 65 1697 1527 1749; baseline -0.002 -9"><span class='ocrx_word' id='word_1_162' title='bbox 65 1701 228 1740; x_wconf 83' lang='lat' dir='ltr'>famam</span> <span class='ocrx_word' id='word_1_163' title='bbox 271 1698 737 1749; x_wconf 78' lang='lat' dir='ltr'>existimationemque</span> <span class='ocrx_word' id='word_1_164' title='bbox 779 1697 859 1735; x_wconf 89' lang='lat' dir='ltr'>nisi</span> <span class='ocrx_word' id='word_1_165' title='bbox 903 1697 1005 1735; x_wconf 79' lang='lat' dir='ltr'>vitae</span> <span class='ocrx_word' id='word_1_166' title='bbox 1048 1697 1269 1749; x_wconf 88' lang='lat' dir='ltr'>probitate</span> <span class='ocrx_word' id='word_1_167' title='bbox 1310 1703 1527 1747; x_wconf 86' lang='lat' dir='ltr'>tueantur,</span> 
     </span>
     <span class='ocr_line' id='line_1_22' title="bbox 66 1770 1529 1826; baseline -0.001 -12"><span class='ocrx_word' id='word_1_168' title='bbox 66 1787 275 1826; x_wconf 77' lang='lat' dir='ltr'>magnam</span> <span class='ocrx_word' id='word_1_169' title='bbox 294 1773 332 1812; x_wconf 91' lang='lat' dir='ltr'>ei</span> <span class='ocrx_word' id='word_1_170' title='bbox 355 1778 506 1811; x_wconf 86' lang='lat' dir='ltr'>notam</span> <span class='ocrx_word' id='word_1_171' title='bbox 529 1772 715 1810; x_wconf 87' lang='lat' dir='ltr'>inurant.</span> <span class='ocrx_word' id='word_1_172' title='bbox 750 1771 951 1809; x_wconf 87' lang='lat' dir='ltr'>Tertium</span> <span class='ocrx_word' id='word_1_173' title='bbox 972 1770 1091 1822; x_wconf 89' lang='lat' dir='ltr'>quod</span> <span class='ocrx_word' id='word_1_174' title='bbox 1110 1771 1342 1822; x_wconf 83' lang='lat' dir='ltr'>requiritur</span> <span class='ocrx_word' id='word_1_175' title='bbox 1363 1786 1388 1811; x_wconf 90' lang='lat' dir='ltr'>a</span> <span class='ocrx_word' id='word_1_176' title='bbox 1413 1772 1529 1812; x_wconf 87' lang='lat' dir='ltr'>Con-</span> 
     </span>
     <span class='ocr_line' id='line_1_23' title="bbox 68 1843 1528 1896; baseline -0.002 -8"><span class='ocrx_word' id='word_1_177' title='bbox 68 1846 370 1888; x_wconf 81' lang='lat' dir='ltr'>stitutionibus</span> <span class='ocrx_word' id='word_1_178' title='bbox 402 1850 468 1883; x_wconf 92' lang='lat' dir='ltr'>est</span> <span class='ocrx_word' id='word_1_179' title='bbox 501 1844 688 1883; x_wconf 87' lang='lat' dir='ltr'>eruditio</span> <span class='ocrx_word' id='word_1_180' title='bbox 721 1843 1023 1895; x_wconf 62' lang='lat' dir='ltr'>doctrinaeque</span> <span class='ocrx_word' id='word_1_181' title='bbox 1061 1845 1328 1896; x_wconf 64' lang='lat' dir='ltr'>praestantia,</span> <span class='ocrx_word' id='word_1_182' title='bbox 1365 1846 1419 1884; x_wconf 89' lang='lat' dir='ltr'>ad</span> <span class='ocrx_word' id='word_1_183' title='bbox 1454 1860 1528 1885; x_wconf 89' lang='lat' dir='ltr'>eos</span> 
     </span>
     <span class='ocr_line' id='line_1_24' title="bbox 68 1916 1526 1974; baseline -0.003 -13"><span class='ocrx_word' id='word_1_184' title='bbox 68 1920 232 1974; x_wconf 88' lang='lat' dir='ltr'>passim</span> <span class='ocrx_word' id='word_1_185' title='bbox 274 1917 524 1958; x_wconf 89' lang='lat' dir='ltr'>edocendos</span> <span class='ocrx_word' id='word_1_186' title='bbox 567 1916 919 1967; x_wconf 86' lang='lat' dir='ltr'>erudiendosque</span> <span class='ocrx_word' id='word_1_187' title='bbox 952 1916 1026 1967; x_wconf 88' lang='lat' dir='ltr'>qui</span> <span class='ocrx_word' id='word_1_188' title='bbox 1060 1916 1264 1968; x_wconf 82' lang='lat' dir='ltr'>ignorant</span> <span class='ocrx_word' id='word_1_189' title='bbox 1296 1922 1340 1956; x_wconf 91' lang='lat' dir='ltr'>et</span> <span class='ocrx_word' id='word_1_190' title='bbox 1372 1925 1526 1967; x_wconf 88' lang='lat' dir='ltr'>errant,</span> 
     </span>
     <span class='ocr_line' id='line_1_25' title="bbox 68 1989 1530 2044; baseline -0.003 -10"><span class='ocrx_word' id='word_1_191' title='bbox 68 2002 117 2035; x_wconf 87' lang='lat' dir='ltr'>ut</span> <span class='ocrx_word' id='word_1_192' title='bbox 139 1994 234 2042; x_wconf 87' lang='lat' dir='ltr'>sint,</span> <span class='ocrx_word' id='word_1_193' title='bbox 254 1992 466 2044; x_wconf 90' lang='lat' dir='ltr'>inquiunt,</span> <span class='ocrx_word' id='word_1_194' title='bbox 488 1990 739 2030; x_wconf 82' lang='lat' dir='ltr'>“literarum</span> <span class='ocrx_word' id='word_1_195' title='bbox 760 1989 1004 2029; x_wconf 88' lang='lat' dir='ltr'>eruditione</span> <span class='ocrx_word' id='word_1_196' title='bbox 1021 1989 1077 2029; x_wconf 84' lang='lat' dir='ltr'>ad</span> <span class='ocrx_word' id='word_1_197' title='bbox 1101 1989 1143 2028; x_wconf 86' lang='lat' dir='ltr'>id</span> <span class='ocrx_word' id='word_1_198' title='bbox 1163 1989 1291 2029; x_wconf 88' lang='lat' dir='ltr'>officii</span> <span class='ocrx_word' id='word_1_199' title='bbox 1314 1990 1530 2041; x_wconf 70' lang='lat' dir='ltr'>id011ei;‘&#39;³</span> 
     </span>
     <span class='ocr_line' id='line_1_26' title="bbox 64 2063 1524 2118; baseline -0.002 -10"><span class='ocrx_word' id='word_1_200' title='bbox 64 2068 311 2118; x_wconf 88' lang='lat' dir='ltr'>eademque</span> <span class='ocrx_word' id='word_1_201' title='bbox 343 2066 398 2105; x_wconf 90' lang='lat' dir='ltr'>de</span> <span class='ocrx_word' id='word_1_202' title='bbox 430 2078 562 2104; x_wconf 91' lang='lat' dir='ltr'>causa</span> <span class='ocrx_word' id='word_1_203' title='bbox 593 2064 748 2103; x_wconf 85' lang='lat' dir='ltr'>volunt</span> <span class='ocrx_word' id='word_1_204' title='bbox 780 2070 828 2103; x_wconf 95' lang='lat' dir='ltr'>ut</span> <span class='ocrx_word' id='word_1_205' title='bbox 872 2063 1059 2102; x_wconf 85' lang='lat' dir='ltr'>Professi</span> <span class='ocrx_word' id='word_1_206' title='bbox 1091 2069 1280 2114; x_wconf 83' lang='lat' dir='ltr'>quatuor</span> <span class='ocrx_word' id='word_1_207' title='bbox 1309 2070 1524 2115; x_wconf 86' lang='lat' dir='ltr'>votorum,</span> 
     </span>
     <span class='ocr_line' id='line_1_27' title="bbox 68 2135 1528 2195; baseline -0.002 -13"><span class='ocrx_word' id='word_1_208' title='bbox 68 2154 255 2195; x_wconf 89' lang='lat' dir='ltr'>quorum</span> <span class='ocrx_word' id='word_1_209' title='bbox 292 2138 513 2192; x_wconf 75' lang='lat' dir='ltr'>praecipue</span> <span class='ocrx_word' id='word_1_210' title='bbox 545 2151 704 2177; x_wconf 85' lang='lat' dir='ltr'>munus</span> <span class='ocrx_word' id='word_1_211' title='bbox 737 2143 803 2177; x_wconf 80' lang='lat' dir='ltr'>est</span> <span class='ocrx_word' id='word_1_212' title='bbox 835 2137 1005 2176; x_wconf 86' lang='lat' dir='ltr'>diversa</span> <span class='ocrx_word' id='word_1_213' title='bbox 1037 2135 1133 2176; x_wconf 87' lang='lat' dir='ltr'>loca</span> <span class='ocrx_word' id='word_1_214' title='bbox 1163 2151 1406 2190; x_wconf 77' lang='lat' dir='ltr'>peragrare,</span> <span class='ocrx_word' id='word_1_215' title='bbox 1441 2140 1528 2179; x_wconf 89' lang='lat' dir='ltr'>sint</span> 
     </span>
     <span class='ocr_line' id='line_1_28' title="bbox 67 2210 1532 2264; baseline -0.002 -9"><span class='ocrx_word' id='word_1_216' title='bbox 67 2215 317 2256; x_wconf 81' lang='lat' dir='ltr'>“doctrinae</span> <span class='ocrx_word' id='word_1_217' title='bbox 350 2212 537 2261; x_wconf 74' lang='lat' dir='ltr'>selectae,</span> <span class='ocrx_word' id='word_1_218' title='bbox 570 2218 613 2251; x_wconf 88' lang='lat' dir='ltr'>et</span> <span class='ocrx_word' id='word_1_219' title='bbox 646 2212 689 2250; x_wconf 90' lang='lat' dir='ltr'>in</span> <span class='ocrx_word' id='word_1_220' title='bbox 721 2211 850 2250; x_wconf 83' lang='lat' dir='ltr'>variis</span> <span class='ocrx_word' id='word_1_221' title='bbox 882 2210 1216 2263; x_wconf 86' lang='lat' dir='ltr'>probationibus</span> <span class='ocrx_word' id='word_1_222' title='bbox 1253 2212 1532 2264; x_wconf 49' lang='lat' dir='ltr'>perspectis-²</span> 
     </span>
     <span class='ocr_line' id='line_1_29' title="bbox 69 2284 1528 2340; baseline -0.003 -9"><span class='ocrx_word' id='word_1_223' title='bbox 69 2291 183 2332; x_wconf 78' lang='lat' dir='ltr'>Sunt</span> <span class='ocrx_word' id='word_1_224' title='bbox 213 2289 330 2329; x_wconf 89' lang='lat' dir='ltr'>enim</span> <span class='ocrx_word' id='word_1_225' title='bbox 361 2287 584 2340; x_wconf 80' lang='lat' dir='ltr'>praecipua</span> <span class='ocrx_word' id='word_1_226' title='bbox 613 2299 747 2334; x_wconf 89' lang='lat' dir='ltr'>arma,</span> <span class='ocrx_word' id='word_1_227' title='bbox 772 2285 931 2337; x_wconf 90' lang='lat' dir='ltr'>quibus</span> <span class='ocrx_word' id='word_1_228' title='bbox 956 2284 1085 2336; x_wconf 87' lang='lat' dir='ltr'>hujus</span> <span class='ocrx_word' id='word_1_229' title='bbox 1108 2284 1315 2337; x_wconf 89' lang='lat' dir='ltr'>spiritalis</span> <span class='ocrx_word' id='word_1_230' title='bbox 1338 2285 1528 2327; x_wconf 84' lang='lat' dir='ltr'>cohortis</span> 
     </span>
     <span class='ocr_line' id='line_1_30' title="bbox 69 2359 1526 2414; baseline -0.002 -10"><span class='ocrx_word' id='word_1_231' title='bbox 69 2364 229 2404; x_wconf 84' lang='lat' dir='ltr'>milites</span> <span class='ocrx_word' id='word_1_232' title='bbox 282 2361 481 2401; x_wconf 88' lang='lat' dir='ltr'>instructi</span> <span class='ocrx_word' id='word_1_233' title='bbox 529 2373 624 2400; x_wconf 89' lang='lat' dir='ltr'>esse</span> <span class='ocrx_word' id='word_1_234' title='bbox 675 2360 851 2409; x_wconf 87' lang='lat' dir='ltr'>debent,</span> <span class='ocrx_word' id='word_1_235' title='bbox 895 2360 929 2398; x_wconf 91' lang='lat' dir='ltr'>si</span> <span class='ocrx_word' id='word_1_236' title='bbox 972 2359 1015 2398; x_wconf 90' lang='lat' dir='ltr'>in</span> <span class='ocrx_word' id='word_1_237' title='bbox 1058 2373 1148 2399; x_wconf 90' lang='lat' dir='ltr'>rem</span> <span class='ocrx_word' id='word_1_238' title='bbox 1201 2359 1526 2414; x_wconf 89' lang='lat' dir='ltr'>utilitatemque</span> 
     </span>
     <span class='ocr_line' id='line_1_31' title="bbox 63 2433 1526 2492; baseline -0.002 -13"><span class='ocrx_word' id='word_1_239' title='bbox 63 2438 368 2492; x_wconf 81' lang='lat' dir='ltr'>proximorum</span> <span class='ocrx_word' id='word_1_240' title='bbox 399 2448 562 2488; x_wconf 79' lang='lat' dir='ltr'>magna</span> <span class='ocrx_word' id='word_1_241' title='bbox 590 2447 741 2487; x_wconf 78' lang='lat' dir='ltr'>gerere</span> <span class='ocrx_word' id='word_1_242' title='bbox 773 2434 816 2473; x_wconf 88' lang='lat' dir='ltr'>in</span> <span class='ocrx_word' id='word_1_243' title='bbox 843 2433 910 2473; x_wconf 89' lang='lat' dir='ltr'>his</span> <span class='ocrx_word' id='word_1_244' title='bbox 943 2434 1223 2474; x_wconf 88' lang='lat' dir='ltr'>missionibus</span> <span class='ocrx_word' id='word_1_245' title='bbox 1247 2448 1296 2474; x_wconf 89' lang='lat' dir='ltr'>ac</span> <span class='ocrx_word' id='word_1_246' title='bbox 1322 2436 1526 2487; x_wconf 86' lang='lat' dir='ltr'>profecti-</span> 
     </span>
     <span class='ocr_line' id='line_1_32' title="bbox 65 2511 387 2553; baseline -0.009 -1"><span class='ocrx_word' id='word_1_247' title='bbox 65 2513 220 2553; x_wconf 87' lang='lat' dir='ltr'>onibus</span> <span class='ocrx_word' id='word_1_248' title='bbox 242 2511 387 2551; x_wconf 89' lang='lat' dir='ltr'>velint.</span> 
     </span>
    </p>

    <p class='ocr_par' dir='ltr' id='par_1_3' title="bbox 62 2582 1523 2854">
     <span class='ocr_line' id='line_1_33' title="bbox 151 2582 1523 2636; baseline -0.002 -11"><span class='ocrx_word' id='word_1_249' title='bbox 151 2592 208 2636; x_wconf 80' lang='lat'>30,</span> <span class='ocrx_word' id='word_1_250' title='bbox 242 2586 316 2625; x_wconf 80' lang='lat' dir='ltr'>Ex</span> <span class='ocrx_word' id='word_1_251' title='bbox 359 2583 644 2624; x_wconf 87' lang='lat' dir='ltr'>Professionis</span> <span class='ocrx_word' id='word_1_252' title='bbox 686 2582 826 2623; x_wconf 88' lang='lat' dir='ltr'>forma</span> <span class='ocrx_word' id='word_1_253' title='bbox 867 2588 1001 2635; x_wconf 90' lang='lat' dir='ltr'>atque</span> <span class='ocrx_word' id='word_1_254' title='bbox 1043 2583 1211 2622; x_wconf 84' lang='lat' dir='ltr'>ratione</span> <span class='ocrx_word' id='word_1_255' title='bbox 1252 2582 1296 2622; x_wconf 90' lang='lat' dir='ltr'>id</span> <span class='ocrx_word' id='word_1_256' title='bbox 1339 2583 1523 2635; x_wconf 80' lang='lat' dir='ltr'>intelligi</span> 
     </span>
     <span class='ocr_line' id='line_1_34' title="bbox 64 2657 1520 2713; baseline -0.003 -13"><span class='ocrx_word' id='word_1_257' title='bbox 64 2665 222 2713; x_wconf 89' lang='lat' dir='ltr'>potest,</span> <span class='ocrx_word' id='word_1_258' title='bbox 266 2658 422 2710; x_wconf 89' lang='lat' dir='ltr'>loquor</span> <span class='ocrx_word' id='word_1_259' title='bbox 463 2662 612 2697; x_wconf 91' lang='lat' dir='ltr'>autem</span> <span class='ocrx_word' id='word_1_260' title='bbox 647 2658 703 2696; x_wconf 92' lang='lat' dir='ltr'>de</span> <span class='ocrx_word' id='word_1_261' title='bbox 736 2671 787 2697; x_wconf 90' lang='lat' dir='ltr'>ea</span> <span class='ocrx_word' id='word_1_262' title='bbox 829 2671 927 2709; x_wconf 61' lang='lat' dir='ltr'>quse</span> <span class='ocrx_word' id='word_1_263' title='bbox 970 2663 1160 2708; x_wconf 87' lang='lat' dir='ltr'>quatuor</span> <span class='ocrx_word' id='word_1_264' title='bbox 1193 2662 1365 2696; x_wconf 87' lang='lat' dir='ltr'>constat</span> <span class='ocrx_word' id='word_1_265' title='bbox 1395 2657 1520 2704; x_wconf 83' lang='lat' dir='ltr'>votis,</span> 
     </span>
     <span class='ocr_line' id='line_1_35' title="bbox 62 2729 1522 2786; baseline -0.003 -14"><span class='ocrx_word' id='word_1_266' title='bbox 62 2747 161 2786; x_wconf 83' lang='lat' dir='ltr'>quae</span> <span class='ocrx_word' id='word_1_267' title='bbox 222 2732 401 2784; x_wconf 90' lang='lat' dir='ltr'>quidem</span> <span class='ocrx_word' id='word_1_268' title='bbox 462 2731 732 2783; x_wconf 84' lang='lat' dir='ltr'>praecipuum</span> <span class='ocrx_word' id='word_1_269' title='bbox 793 2731 1056 2771; x_wconf 85' lang='lat' dir='ltr'>obedientiae</span> <span class='ocrx_word' id='word_1_270' title='bbox 1113 2736 1265 2770; x_wconf 85' lang='lat' dir='ltr'>votum</span> <span class='ocrx_word' id='word_1_271' title='bbox 1327 2729 1522 2769; x_wconf 88' lang='lat' dir='ltr'>continet</span> 
     </span>
     <span class='ocr_line' id='line_1_36' title="bbox 65 2802 1520 2854; baseline -0.003 -8"><span class='ocrx_word' id='word_1_272' title='bbox 65 2808 253 2848; x_wconf 82' lang='lat' dir='ltr'>Summo</span> <span class='ocrx_word' id='word_1_273' title='bbox 307 2805 575 2845; x_wconf 72' lang='lat' dir='ltr'>exhibendae</span> <span class='ocrx_word' id='word_1_274' title='bbox 629 2805 840 2854; x_wconf 88' lang='lat' dir='ltr'>Pontifici,</span> <span class='ocrx_word' id='word_1_275' title='bbox 893 2805 1006 2844; x_wconf 87' lang='lat' dir='ltr'>circa</span> <span class='ocrx_word' id='word_1_276' title='bbox 1067 2805 1310 2843; x_wconf 87' lang='lat' dir='ltr'>Missiones.</span> <span class='ocrx_word' id='word_1_277' title='bbox 1403 2802 1520 2841; x_wconf 85' lang='lat' dir='ltr'>Nam</span> 
     </span>
    </p>
   </div>
   <div class='ocr_carea' id='block_1_3' title="bbox 80 2891 1495 2989">
    <p class='ocr_par' dir='ltr' id='par_1_4' title="bbox 80 2891 1495 2989">
     <span class='ocr_line' id='line_1_37' title="bbox 80 2891 1495 2937; baseline -0.004 -7"><span class='ocrx_word' id='word_1_278' title='bbox 80 2895 91 2915; x_wconf 77' lang='lat'><em>³</em></span> <span class='ocrx_word' id='word_1_279' title='bbox 110 2897 147 2930; x_wconf 84' lang='lat' dir='ltr'>C.</span> <span class='ocrx_word' id='word_1_280' title='bbox 172 2905 198 2929; x_wconf 92' lang='lat'>1.</span> <span class='ocrx_word' id='word_1_281' title='bbox 216 2898 233 2936; x_wconf 67' lang='lat' dir='ltr'>g</span> <span class='ocrx_word' id='word_1_282' title='bbox 250 2905 280 2937; x_wconf 86' lang='lat'>3.</span> <span class='ocrx_word' id='word_1_283' title='bbox 352 2894 366 2914; x_wconf 75' lang='lat'><strong>²</strong></span> <span class='ocrx_word' id='word_1_284' title='bbox 384 2895 492 2928; x_wconf 85' lang='lat' dir='ltr'>Instit.</span> <span class='ocrx_word' id='word_1_285' title='bbox 508 2896 604 2937; x_wconf 84' lang='lat' dir='ltr'>aspir.</span> <span class='ocrx_word' id='word_1_286' title='bbox 623 2896 674 2928; x_wconf 79' lang='lat' dir='ltr'>ad.</span> <span class='ocrx_word' id='word_1_287' title='bbox 691 2896 758 2928; x_wconf 82' lang='lat' dir='ltr'>Vit.</span> <span class='ocrx_word' id='word_1_288' title='bbox 774 2896 860 2928; x_wconf 72' lang='lat' dir='ltr'>Pers.</span> <span class='ocrx_word' id='word_1_289' title='bbox 931 2894 944 2913; x_wconf 73' lang='lat'><strong>3</strong></span> <span class='ocrx_word' id='word_1_290' title='bbox 969 2895 1004 2926; x_wconf 81' lang='lat' dir='ltr'>P.</span> <span class='ocrx_word' id='word_1_291' title='bbox 1021 2904 1052 2935; x_wconf 78' lang='lat'>4,</span> <span class='ocrx_word' id='word_1_292' title='bbox 1072 2895 1214 2925; x_wconf 74' lang='lat' dir='ltr'>Procem.</span> <span class='ocrx_word' id='word_1_293' title='bbox 1285 2891 1298 2911; x_wconf 72' lang='lat'>4</span> <span class='ocrx_word' id='word_1_294' title='bbox 1316 2893 1350 2924; x_wconf 92' lang='lat' dir='ltr'>P.</span> <span class='ocrx_word' id='word_1_295' title='bbox 1372 2901 1417 2925; x_wconf 92' lang='lat'>10.</span> <span class='ocrx_word' id='word_1_296' title='bbox 1437 2894 1452 2931; x_wconf 71' lang='grc' dir='ltr'>ἓ</span> <span class='ocrx_word' id='word_1_297' title='bbox 1469 2900 1495 2933; x_wconf 91' lang='grc'>7.</span> 
     </span>
     <span class='ocr_line' id='line_1_38' title="bbox 236 2958 266 2989; baseline 0 0"><span class='ocrx_word' id='word_1_298' title='bbox 236 2958 266 2989; x_wconf 91' lang='grc' dir='ltr'>Ε</span> 
     </span>
    </p>
   </div>
  </div>
 </body>
</html>
