1903 3197
168 170 247 216 De
268 169 572 216 ordinatione
591 183 698 228 quae
719 184 775 213 ex
795 166 1219 213 admimktmtz'one
1227 165 1413 228 pendel.
1467 178 1530 226 47
1539 181 1565 225 3

190 301 322 355 Quod
361 301 566 342 Clemens
603 300 735 340 etiam
773 299 978 339 observat
1016 299 1058 339 in
1098 297 1379 351 Paedag0g0‚1
1411 298 1484 338 ubi
1523 303 1566 338 et

104 376 249 416 David
287 375 420 415 etiam
457 373 718 426 frugalitatis
753 372 1010 424 exemplum
1044 372 1196 421 affert;
1231 373 1304 424 qui
1342 372 1385 411 in
1420 372 1567 412 medio

101 448 386 490 tabernaculo
417 453 615 488 sanctam
647 446 813 486 Arcam
847 445 1077 493 collocanS,
1106 445 1222 485 facta
1253 446 1468 494 omnibus,
1492 445 1566 497 qui

103 537 192 564 suae
235 523 390 563 ditioni
441 521 665 575 parebant,
710 519 875 567 laetitia,
919 532 1067 559 coram
1110 519 1305 558 Domino
1347 519 1567 559 distribuit

102 596 308 637 omnibus
351 595 524 635 Israelis
565 594 701 646 copiis
738 607 764 633 a
794 593 886 633 viro
927 606 1066 645 usque
1100 592 1156 632 ad
1200 593 1438 641 mulierem,
1472 594 1568 633 uni-

100 671 257 723 cuique
288 675 451 709 tortam
482 668 608 721 panis
640 673 684 708 et
715 666 1049 707 subcinericium
1082 679 1255 718 panem,
1284 672 1327 705 et
1359 666 1566 718 laganum

102 758 160 784 ex
193 741 444 795 sartagine.2

190 816 395 856 Meminit
426 821 470 855 et
501 814 828 868 discipulorum,
857 814 931 867 qui
963 828 989 854 a
1022 814 1232 866 magistro
1269 812 1566 865 frugalitatem

102 889 258 940 edocti,
303 903 402 929 cum
449 889 618 929 dictum
667 895 732 929 est
773 889 845 938 eis,
892 888 1082 928 Habetis
1127 887 1197 927 hic
1241 887 1405 940 aliquid
1449 886 1567 939 quod

103 963 420 1004 manducetur?
467 962 719 1004 obtulerunt
757 963 794 1002 ei
836 968 1007 1015 partem
1044 962 1173 1015 piscis
1210 962 1295 1001 assi
1338 967 1382 1001 et
1417 960 1567 1001 favum

105 1036 276 1078 mellis.3

190 1109 508 1150 Tertullianus4
549 1111 604 1150 de
645 1110 799 1163 priscae
841 1109 1025 1162 loquens
1072 1108 1282 1149 Ecclesiae
1324 1108 1569 1161 disciplina,

106 1186 213 1225 “Ita
255 1184 539 1233 saturantur,’'
573 1186 726 1237 inquit,
759 1188 846 1224 “ut
883 1185 957 1236 qui
1000 1184 1278 1224 meminerint
1315 1183 1448 1223 etiam
1490 1196 1567 1236 per

104 1265 279 1300 noctem
310 1258 584 1298 adorandum
619 1258 766 1297 Deum
798 1258 881 1297 sibi
914 1257 1042 1298 esse.’'

195 1333 496 1384 Hieronymus
550 1345 726 1384 quoque
782 1331 838 1371 ad
895 1331 1185 1371 Eustochium
1241 1330 1568 1383 simplicitatem

102 1406 241 1446 victus
283 1419 333 1445 ac
376 1404 674 1457 frugalitatem
716 1405 873 1444 suadet
910 1404 1083 1444 famulis
1126 1405 1222 1452 Dei,
1258 1418 1316 1444 ex
1358 1405 1408 1443 iis
1450 1404 1571 1453 cibis,

103 1493 214 1533 quos
247 1480 369 1519 Deus
403 1479 495 1531 ipse
529 1479 617 1519 suis
652 1478 869 1518 interdum
904 1478 1079 1518 famulis
1113 1478 1366 1530 apparavit:
1400 1490 1502 1517 nam
1526 1483 1570 1517 et

106 1553 216 1594 Eliae
244 1552 424 1606 Jezabel
456 1553 640 1606 fugienti
673 1553 984 1593 subcinericius
1012 1558 1186 1592 tantum
1217 1552 1343 1604 panis
1374 1557 1416 1592 et
1442 1565 1570 1604 aquae

106 1640 194 1677 vas,
237 1633 280 1667 et
323 1627 509 1676 Danieli,
548 1627 615 1667 cui
657 1627 713 1667 de
754 1627 883 1679 regiis
924 1626 1094 1667 ferculis
1137 1626 1385 1679 opulentior
1426 1625 1571 1678 potuit

107 1714 259 1741 mensa
291 1700 524 1749 transferri,
561 1714 803 1741 messorum
835 1701 1069 1753 prandium
1102 1700 1266 1740 scilicet
1303 1700 1570 1739 rusticanum

105 1775 341 1828 praebitum
376 1780 451 1814 est.

197 1849 306 1888 Ideo
343 1855 387 1888 et
425 1846 683 1888 Cassianus5
715 1861 815 1887 eum
853 1846 1080 1887 monachis
1115 1847 1262 1887 cibum
1299 1847 1464 1895 statuit,
1497 1846 1571 1899 qui

107 1923 352 1976 parandum
385 1922 441 1962 sit
470 1921 617 1971 facilis,
641 1927 684 1961 et
710 1934 840 1974 quem
872 1921 927 1961 ad
960 1921 1282 1961 comedendum
1316 1921 1571 1973 opportuni—

109 2010 230 2038 orem
265 1996 426 2037 vilioris
463 1996 590 2049 pretii
627 1996 938 2049 compendium
976 2001 1163 2048 praestet.
1240 1995 1334 2035 Nec
1371 1995 1574 2036 dissentit

111 2071 157 2112 B.
191 2069 442 2120 Climacus,6
470 2071 544 2123 qui
586 2070 702 2110 leves
743 2071 848 2110 item
886 2076 929 2110 et
961 2070 1068 2110 viles
1109 2070 1229 2110 cibos
1273 2070 1356 2109 Dei
1398 2069 1572 2111 famulis

108 2146 271 2186 statuit.
333 2145 434 2197 jam
458 2144 537 2184 nisi
559 2143 603 2184 hi
626 2144 710 2185 cibi
734 2144 867 2184 etiam
891 2157 1122 2196 corporum
1145 2143 1273 2184 saluti
1299 2144 1577 2197 prodessent,

108 2218 306 2272 profecto
343 2232 430 2258 non
467 2223 697 2271 tantopere
734 2217 1147 2258 commendarentur
1176 2232 1203 2258 a
1234 2218 1405 2258 sanctis.
1468 2217 1572 2269 Jure

109 2293 242 2346 igitur
282 2292 433 2345 religio
476 2299 519 2333 et
559 2292 615 2333 ad
663 2292 926 2332 modestiam
974 2292 1137 2344 pariter
1177 2297 1220 2331 et
1260 2291 1572 2340 valetudinem,

112 2366 309 2407 ciborum
351 2365 634 2418 simplicitate
675 2365 851 2419 gaudet,
888 2365 1065 2406 delicias
1110 2370 1259 2406 autem
1303 2370 1347 2405 et
1387 2364 1579 2418 pingues

111 2439 262 2492 epulas
294 2445 559 2492 aspernatur.

199 2512 396 2553 Societas
417 2526 520 2553 vero
543 2519 702 2562 nostra,
726 2527 814 2566 quo
837 2513 1050 2566 majorem
1071 2512 1335 2553 valetudinis
1356 2512 1572 2552 rationem

113 2586 257 2635 ducat,
295 2600 392 2626 eam
426 2587 565 2627 victus
606 2586 954 2628 moderationem
993 2587 1199 2640 sequitur,
1230 2600 1328 2639 quae
1366 2591 1409 2625 et
1445 2585 1575 2625 nimis

112 2674 281 2702 crassos
332 2667 376 2700 et
426 2661 668 2701 rusticanos
719 2661 841 2701 cibos
897 2666 1103 2710 removet,
1151 2667 1195 2701 et
1244 2660 1473 2700 ordinariis
1523 2671 1583 2699 ac

113 2734 422 2776 communibus
458 2733 711 2783 delectatur,
745 2748 845 2775 cum
886 2735 931 2775 in
968 2749 1019 2776 ea
1054 2736 1142 2774 sint
1174 2733 1370 2787 plerique
1406 2731 1583 2773 nobiles

153 2846 167 2867 1
185 2849 224 2880 L.
242 2857 271 2880 2.
290 2848 378 2879 Paed.
397 2859 422 2880 c.
445 2857 470 2879 1.
520 2846 533 2866 2
553 2856 578 2880 1.
597 2848 703 2880 Paral.
722 2859 749 2880 c.
770 2849 818 2880 16.
870 2848 883 2867 ³
899 2849 979 2881 Luc.
997 2858 1048 2889 24.
1097 2847 1112 2867 ⁴²
1128 2849 1169 2879 In
1182 2848 1414 2889 Apologetico,
1431 2858 1458 2879 c.
1476 2854 1527 2888 39.

227 2898 240 2918 ⁵
265 2900 306 2931 In
331 2899 495 2931 Institutis
519 2900 718 2939 monasticis,
734 2900 789 2932 lib.
813 2905 841 2941 5.
863 2910 890 2932 c.
910 2908 962 2941 23.
1056 2898 1070 2919 ⁶
1093 2900 1146 2932 Fr.
1172 2907 1219 2940 14.
1240 2910 1291 2940 qe.
1312 2899 1352 2931 de
1373 2898 1452 2940 jula-
