1903 3197
545 161 625 205 De
656 159 938 220 Disciplina
974 159 1173 204 Meum.
1498 170 1588 216 375

220 301 265 346 50
326 294 552 334 Postremo
594 291 637 331 in
679 290 846 342 reliquo
888 295 1041 329 trunco
1083 290 1276 342 corporis
1318 289 1590 329 moderando

131 367 401 409 comedentis
433 365 648 406 modestia
679 364 797 403 cerni
830 363 972 411 debet,
997 376 1052 401 ne
1080 363 1292 402 dissolute
1324 363 1591 414 confuseque

131 442 294 491 sedeat,
317 454 371 480 ne
393 453 515 480 crura
543 438 716 490 longius
746 436 948 488 explicet,
973 449 1026 474 ne
1048 436 1207 487 pedem
1230 436 1331 487 pedi
1355 442 1587 488 supponat,

130 514 409 566 vicissimque
431 513 542 552 inter
562 525 608 551 se
630 516 860 563 permutet,
872 515 953 554 ‚aut
977 510 1109 548 etiam
1133 510 1297 561 agitet,
1320 515 1363 548 et
1385 510 1428 548 id
1451 523 1589 561 genus

130 588 227 638 alia,
264 601 362 640 quae
406 587 449 626 in
490 585 683 625 sedendo
726 583 1023 636 spectaculum
1067 582 1281 622 exhibent
1323 583 1588 623 indecorum.

132 661 249 702 Nam
291 675 388 713 quae
431 660 474 699 in
516 658 634 698 omni
676 658 868 697 sessione
904 656 1085 696 vitanda
1122 662 1303 695 monent
1340 655 1503 703 Sancti,
1540 670 1591 696 ea

132 734 270 775 multo
303 734 442 786 magis
473 733 516 771 in
548 732 741 771 sessione
774 744 936 770 mensae
976 730 1237 770 declinanda
1274 736 1383 769 sunt.
1449 729 1590 769 Doro-

130 808 282 849 theus:
316 807 403 846 “In
442 820 591 846 mensa
629 806 829 858 religiose
861 811 904 844 et
937 805 1147 852 modeste,
1182 818 1268 843 non
1304 804 1515 843 dissolute
1548 810 1591 844 et

130 881 309 922 confuse
341 879 551 922 sedeas.'’1
615 880 844 920 Clemens:
878 879 960 920 “Si
991 879 1194 927 sederint,
1222 893 1275 918 ne
1308 879 1442 931 pedes
1471 892 1590 932 saepe

129 961 392 1010 permutent,
442 969 520 995 nec
571 954 756 994 alterum
814 954 955 993 femur
1015 954 1168 993 femori
1226 951 1592 1006 supe1·ponant.”2

131 1029 343 1070 Basilius:
378 1032 398 1048 “
415 1029 591 1077 Sedeas,
617 1042 695 1067 nec
727 1028 1056 1079 crusimponas
1089 1027 1210 1067 alteri
1243 1028 1355 1079 pedi,
1379 1034 1445 1066 est
1473 1027 1589 1066 enim

130 1103 330 1156 segnitiei
376 1103 584 1142 indicium
638 1107 681 1140 et
732 1101 865 1140 animi
919 1099 1314 1153 extravagantis.’'3
1387 1101 1592 1153 Denique

131 1177 467 1217 Bonaventura:
506 1175 714 1216 “Sedens
757 1189 842 1214 non
886 1175 1008 1227 pigre
1050 1176 1092 1214 in
1142 1174 1256 1214 latus
1305 1175 1485 1214 reclines
1533 1180 1587 1223 te,

129 1264 209 1291 nec
245 1265 367 1291 crura
409 1251 540 1302 longa
578 1248 853 1289 extendas.’'4
916 1249 1130 1300 idemque
1168 1249 1462 1288 membrorum
1500 1249 1592 1301 agi-

128 1325 341 1365 tationem
375 1324 416 1363 in
455 1337 606 1363 mensa
644 1323 931 1375 reprehendit.
999 1323 1110 1361 Hcec
1148 1328 1190 1361 et
1223 1322 1383 1361 similia
1413 1322 1593 1362 vitanda

127 1405 229 1439 sunt
270 1412 392 1438 servo
436 1397 531 1446 Dei,
565 1397 667 1449 quia
700 1397 811 1435 “Ex
843 1397 936 1435 visu
976 1396 1254 1448 cognoscitur
1284 1394 1413 1443 vir,''5
1447 1401 1494 1435 ut
1530 1397 1592 1435 ait

129 1472 382 1525 Scriptura;
421 1478 464 1511 et
496 1485 553 1510 ex
592 1485 643 1510 eo
679 1469 797 1522 quod
835 1469 937 1509 foris
976 1470 1202 1517 cernimus,
1234 1475 1593 1521 argumentamur

127 1545 255 1599 quale
286 1546 342 1586 sit
373 1545 416 1585 id
450 1545 568 1597 quod
601 1545 718 1584 intus
751 1543 867 1583 latet.

214 1619 422 1672 Sequitur
463 1619 675 1667 decentia,
714 1631 812 1669 quae
855 1616 1021 1669 reliqua
1063 1617 1211 1656 omnia
1248 1617 1353 1656 vitia
1395 1623 1591 1657 removet

128 1707 237 1745 quae,
255 1693 323 1733 vel
346 1708 371 1733 a
393 1693 527 1732 nimia
556 1692 766 1732 aviditate
795 1691 1002 1738 ciborum,
1026 1690 1094 1730 vel
1128 1690 1183 1730 ab
1213 1690 1410 1730 illiberali
1434 1690 1591 1730 educa-

127 1767 245 1807 tione
281 1772 528 1806 nascuntur.
611 1766 663 1804 In
699 1764 855 1816 quibus
893 1765 1081 1804 breviter
1117 1764 1471 1816 perstringendis,
1507 1765 1591 1804 tria

128 1854 291 1880 mensae
323 1846 524 1892 tempora
556 1838 765 1890 distingui
796 1843 1006 1890 possunt:
1042 1838 1226 1885 initium,
1254 1851 1520 1889 progressus,
1548 1844 1592 1878 et

126 1913 235 1954 finis.
298 1913 357 1953 Et
392 1913 570 1965 quidem
605 1912 750 1964 quoad
790 1912 973 1960 initium,
1004 1910 1110 1950 illud
1148 1911 1427 1963 potissimum
1449 1911 1590 1951 vitan-

126 1989 232 2029 dum
276 1993 342 2028 est
381 1987 546 2027 vitium.
616 1986 685 2025 Ne
727 1998 825 2025 cum
869 1984 1133 2032 accubueris
1178 1998 1311 2024 morae
1354 1985 1590 2037 impatiens

125 2063 275 2102 statim
312 2062 368 2101 ad
406 2061 550 2101 cibum
589 2072 768 2099 manum
807 2058 1028 2111 explice53
1062 2059 1228 2098 indicat
1262 2059 1379 2098 enim
1414 2059 1456 2098 id
1492 2065 1587 2099 tum

125 2134 378 2176 illiberalem
412 2133 731 2181 educationem,
753 2138 848 2172 tum
882 2132 1062 2171 nimiam
1096 2131 1253 2172 edendi
1289 2133 1587 2185 cupiditatem,

124 2224 223 2263 quae
252 2209 418 2251 scilicet
446 2209 614 2248 ratione
643 2206 854 2247 frenanda
884 2211 960 2255 est,
985 2212 1033 2246 ut
1065 2205 1311 2259 complures
1343 2206 1587 2247 admonent

124 2283 283 2325 Sancti.
354 2282 585 2323 Clemens:
619 2279 701 2321 “Si
734 2281 778 2320 in
810 2280 956 2319 medio
987 2279 1178 2332 plurium
1208 2279 1381 2328 sederis,
1406 2294 1460 2320 ne
1483 2286 1586 2321 ante

121 2357 239 2410 ipsos
262 2369 440 2396 manum
471 2352 726 2408 porrigas.”G
787 2354 846 2393 Et
869 2359 934 2393 est
957 2354 1106 2406 regula
1134 2354 1176 2394 S.
1195 2353 1444 2394 Pachomii:
1478 2354 1586 2394 “Ne

123 2437 225 2471 ante
257 2431 546 2483 Praepositum
577 2429 734 2469 domus
756 2434 842 2468 tuae
873 2441 1053 2468 manum
1087 2428 1129 2468 in
1157 2441 1309 2468 mensa
1331 2426 1585 2469 extendas.''

122 2504 284 2544 Beatus
306 2505 440 2544 etiam
470 2504 633 2544 Isaias:
668 2502 751 2544 “Si
773 2501 830 2542 ad
859 2502 1049 2541 amicum
1072 2507 1197 2541 tuum
1221 2502 1455 2551 diverteris,
1481 2515 1582 2542 eum

121 2577 201 2618 tibi
242 2578 445 2618 omnibus
486 2578 530 2617 in
571 2577 699 2617 rebus
741 2581 971 2628 antepone,
1009 2582 1058 2616 ut
1099 2581 1143 2616 et
1184 2576 1227 2615 in
1269 2589 1422 2616 mensa
1463 2575 1583 2628 prius

123 2651 382 2700 discumbat,
414 2657 459 2691 et
489 2651 606 2704 prius
643 2651 750 2690 cibis
784 2663 939 2690 manus
971 2648 1265 2690 admoveat.”⁷
1327 2650 1387 2689 Et
1419 2649 1583 2689 Beatus

121 2725 406 2766 Vincentius:
438 2724 529 2764 “In
559 2724 774 2777 principio
795 2738 895 2764 cum
918 2724 1092 2773 sederis,
1116 2737 1171 2763 ne
1197 2723 1413 2763 extendas
1436 2723 1582 2763 subito

238 2838 252 2857 ¹
276 2839 345 2871 Ser.
366 2846 418 2870 20.
525 2836 538 2855 ²
561 2838 692 2878 Paedag.
714 2837 733 2868 l.
755 2845 785 2868 2.
805 2848 831 2868 c.
855 2844 882 2877 7.
991 2835 1004 2855 3
1028 2838 1139 2868 Ascet.
1164 2838 1234 2868 Ser.
1254 2836 1295 2867 de
1320 2837 1464 2867 Renunt.

122 2890 137 2909 ⁴
161 2892 255 2932 Spec.
277 2889 366 2921 Disc.
387 2899 420 2930 p.
444 2897 470 2920 1.
491 2899 516 2921 c.
543 2896 589 2928 19.
669 2886 682 2906 ⁵
706 2888 796 2919 Eecl.
821 2896 869 2928 19.
949 2886 961 2906 ⁰
985 2888 1117 2928 Paedag.
1138 2887 1158 2919 l.
1180 2895 1210 2919 2.
1231 2897 1257 2919 e.
1280 2893 1309 2927 7.
1388 2886 1401 2907 7
1425 2887 1507 2929 Reg.
1532 2896 1580 2920 11.
