1903 3197
308 207 409 265 380
639 207 720 252 De
751 206 941 253 ratione
973 207 1166 253 vivendi
1198 206 1457 254 Socz'elalz's.

302 338 438 387 enim,
471 338 584 378 sicut
614 338 756 379 bobus
788 344 832 379 et
862 340 1007 389 asinis,
1030 339 1159 380 simul
1191 346 1257 380 est
1288 353 1485 393 praesepe
1516 345 1559 380 et
1590 340 1773 392 sterqui-

308 410 521 451 linium.”1
561 411 690 452 Multi
714 412 830 452 enim
853 413 1009 453 eodem
1032 420 1232 466 ternpore
1253 427 1299 453 se
1321 418 1575 466 emungunt,
1600 419 1773 466 spuunt,

302 489 353 525 -et
385 490 572 525 coenant.
637 485 764 525 Idem
799 486 854 526 de
890 486 1209 526 sternutatione
1241 492 1285 526 et
1316 492 1451 535 ructu,
1486 485 1643 526 eodem
1676 486 1773 527 loco

302 556 397 598 sic:
435 557 758 608 “Sternutatio,
793 560 827 599 si
857 560 924 599 cui
960 560 1164 608 evenerit,
1198 560 1310 600 sicut
1344 559 1476 599 etiam
1507 566 1653 600 ructus
1688 573 1775 600 non

302 632 531 684 -oportebit
567 646 676 672 sono
717 633 946 685 proximos
982 634 1105 683 ciere,
1143 634 1217 685 qui
1260 634 1315 673 de
1358 633 1473 673 mala
1514 634 1774 674 educatione

308 703 451 746 ferant
492 706 807 746 testimonium.
885 706 974 748 Sed
1017 714 1163 747 ructus
1205 707 1384 760 quidem
1426 721 1527 747 cum
1569 708 1772 760 expirato

308 792 409 820 aere
443 786 509 820 est
544 780 920 829 transmittendus,
945 795 1019 821 ore
1049 782 1205 822 decore
1240 782 1496 834 composito,
1528 795 1607 822 nec
1639 782 1776 822 instar

305 866 593 906 personarum
625 854 890 906 tragicarum
919 854 1100 895 diducto
1133 860 1176 894 et
1206 855 1366 895 hiante.
1430 854 1774 895 Sternutationis

306 933 468 976 autem,
493 927 566 979 qui
590 928 835 976 conturbat,
854 927 1073 980 strepitus,
1095 928 1379 980 respiratione
1401 929 1556 969 leniter
1578 943 1774 982 repressa

301 1013 359 1040 ac
391 1005 572 1049 retenta,
604 999 866 1040 auferendus
899 1000 998 1040 est.''
1062 1001 1217 1041 Monet
1249 1007 1397 1041 autem
1434 1003 1693 1054 arrogantiae
1732 1008 1776 1043 et

308 1072 553 1112 insolentiae
589 1073 762 1125 signum
800 1087 905 1122 esse,
940 1073 1051 1114 velle
1089 1074 1131 1113 in
1173 1075 1567 1115 sternutationibus
1608 1075 1774 1127 aliquid

308 1147 427 1186 sonis
469 1147 574 1199 ipsis
617 1147 789 1196 addere,
829 1161 880 1187 ac
922 1161 1008 1188 non
1052 1148 1197 1200 potius
1240 1148 1478 1189 detrahere.
1558 1149 1774 1202 Idemque

307 1220 562 1273 perstringit
608 1234 693 1269 eos,
747 1222 821 1273 qui
873 1221 1028 1262 dentes
1079 1222 1292 1275 scalpunt,
1341 1236 1554 1275 auresque
1606 1223 1774 1264 fricant.

301 1294 436 1347 “‘Qui
468 1295 659 1343 dentes,'‘
695 1295 847 1348 inquit,
884 1296 1121 1349 “scalpunt
1154 1302 1198 1336 et
1229 1296 1374 1336 ulcera
1405 1302 1646 1346 cruentant,
1679 1302 1773 1336 tum

308 1368 390 1408 sibi
433 1368 538 1421 ipsis
581 1368 753 1409 molesti
796 1376 908 1419 sunt,
950 1375 1044 1410 tum
1097 1370 1221 1409 invisi
1274 1370 1500 1422 proximis.
1583 1369 1773 1409 Aurium

309 1456 486 1495 quoque
521 1442 780 1491 fricationes,
816 1450 859 1483 et
893 1449 1341 1483 sternutamentorum
1380 1443 1641 1483 irritationes
1672 1449 1775 1484 sunt

306 1515 420 1556 suilli
453 1517 644 1569 pruritus
675 1522 719 1556 et
750 1516 1118 1557 confricationes.''
1181 1517 1385 1570 “Impuri
1418 1517 1550 1556 etiam
1583 1516 1773 1556 hominis

310 1595 377 1630 est
409 1603 596 1642 mappas
629 1603 886 1630 communes
917 1590 1117 1630 dentium
1149 1589 1409 1639 fricatione,’'
1448 1596 1496 1630 ut
1533 1590 1594 1630 ait
1631 1590 1774 1629 Bona-

308 1669 502 1713 ventura,
528 1666 639 1703 “aut
661 1664 813 1703 crebra
835 1664 960 1704 cultri
989 1664 1260 1704 abstersione
1282 1661 1510 1703 foedare.'’2
1572 1663 1775 1715 Itemque

302 1740 331 1756 ⁴‘
344 1750 505 1790 panem
540 1743 798 1777 exenterare
827 1744 903 1777 aut
932 1736 1220 1785 effeminare‚”
1255 1743 1303 1777 ut
1337 1737 1542 1777 Clemens
1572 1736 1775 1789 loquitur,

310 1811 639 1850 “excribrando
673 1812 793 1863 quod
823 1810 1028 1850 frumenti
1060 1810 1257 1850 nutriens
1289 1808 1420 1850 est.’'3
1478 1809 1611 1849 “Aut
1642 1810 1775 1849 etiam

309 1883 595 1933 inordinate,'’
630 1890 679 1924 ut
719 1885 782 1924 ait
826 1884 962 1937 Hugo
1004 1884 1363 1932 “circumcidere,
1408 1883 1778 1936 detrahendisque

310 1958 512 1999 crustulis
543 1956 853 2008 deformare;”
882 1963 930 1997 ut
962 1958 1281 2006 Bonaventura,
1305 1957 1411 1997 locis
1443 1957 1598 1997 citatis.
1663 1955 1776 2008 Quae

304 2032 490 2085 >quidem
529 2032 689 2081 omnia,
712 2037 756 2071 et
792 2031 951 2071 similia
987 2031 1042 2071 ad
1078 2032 1295 2084 impuram
1331 2037 1374 2071 et
1409 2030 1523 2070 male
1557 2036 1775 2071 moratam

310 2107 514 2147 vescendi
547 2107 761 2146 rationem
794 2111 1005 2159 spectant.

401 2180 513 2220 Haec
556 2181 611 2220 de
652 2194 915 2233 progressu;
958 2184 1093 2219 restat
1134 2191 1298 2218 mensae
1340 2177 1449 2227 finis,
1491 2177 1565 2230 qui
1598 2178 1776 2230 quidem

310 2255 582 2307 praecipuum
620 2254 816 2293 continet
853 2254 1006 2292 vitium
1042 2253 1184 2305 longae
1218 2252 1517 2292 accubationis
1551 2257 1595 2291 et
1630 2265 1776 2291 morae.

314 2327 427 2368 Cum
451 2328 609 2366 edendi
633 2327 776 2366 nullus
809 2332 874 2366 est
905 2326 1014 2375 finis,
1045 2326 1164 2365 nulla
1195 2325 1384 2365 satietas.
1449 2323 1581 2377 Quod
1614 2325 1656 2364 in
1683 2325 1778 2377 qui-

311 2401 500 2442 busdam
544 2400 824 2454 reprehendit
867 2399 1130 2448 Dorotheus,
1168 2412 1331 2451 eosque
1364 2404 1483 2438 vetat
1525 2399 1775 2447 imitandos,

311 2477 386 2530 qui
411 2475 512 2515 “vel
535 2473 888 2522 consuetudine,”
913 2473 1066 2525 inquit,
1092 2472 1195 2512 “vel
1225 2486 1281 2512 ex
1306 2472 1578 2521 necessitate,
1602 2473 1777 2513 servitia

309 2550 610 2591 ministrorum
643 2548 856 2588 adhibent
886 2547 968 2587 sibi
1001 2546 1255 2599 frequentia,
1279 2552 1322 2586 et
1354 2546 1397 2585 in
1430 2559 1582 2586 mensa
1613 2546 1777 2586 diutius

313 2621 634 2665 recumbunt.''4
666 2622 976 2661 Bonaventura
997 2626 1145 2660 autem
1169 2625 1302 2672 negat
1324 2619 1507 2660 “decere
1535 2633 1613 2672 per
1635 2633 1777 2660 moro-

312 2697 444 2748 sam,”
468 2703 517 2737 ut
548 2697 641 2750 ipse
673 2695 875 2748 loquitur,
900 2697 921 2713 “
935 2694 1263 2741 comestionem,
1287 2699 1427 2733 totam
1458 2706 1576 2746 saepe
1598 2706 1778 2746 congre-

309 2772 504 2827 gationis
549 2769 876 2810 multitudinem
928 2766 1181 2808 detinere.⁷'⁵
1258 2767 1318 2807 Et
1350 2767 1479 2807 alibi:
1531 2766 1778 2817 “Moram‚”

528 2883 540 2903 ¹
568 2885 699 2925 Paedag.
720 2884 740 2915 l.
762 2892 791 2914 2.
813 2894 839 2914 c.
862 2889 891 2923 7.
1092 2880 1106 2900 ²
1131 2882 1227 2924 Spec.
1249 2881 1338 2912 Disc.
1360 2891 1392 2922 p.
1414 2889 1440 2912 1.
1461 2891 1488 2912 c.
1509 2889 1560 2912 21.

400 2936 414 2956 ³
439 2937 571 2978 Paedag.
591 2936 613 2968 1.
634 2944 663 2967 2.
686 2946 712 2967 c.
738 2943 763 2966 1.
899 2932 913 2951 ⁴²
939 2933 1007 2965 Ser.
1032 2939 1080 2974 15.
1217 2932 1230 2950 ⁵
1256 2932 1352 2973 Spec.
1374 2932 1465 2963 Disc.
1486 2942 1518 2973 p.
1543 2939 1570 2963 1.
1590 2942 1617 2963 c.
1638 2939 1689 2963 21.
