1903 3197
242 157 337 248 {74
567 187 648 233 De
679 187 872 234 ratione
904 187 1102 234 vivendi
1136 187 1399 234 Socz'etatzlc.

552 330 608 356 DE
637 330 916 358 AEGRITUDINE
944 331 998 358 AC
1026 330 1239 358 TRISTITIA
1269 331 1299 358 S.
1322 331 1405 366 JOB.

329 422 465 463 Nulla
487 421 616 462 ‘enim
649 422 824 464 fuerunt
854 423 924 464 vel
958 429 1144 465 externa
1175 423 1244 464 vel
1277 422 1485 463 intestina
1517 423 1715 465 consola-

241 496 412 536 tionum
448 495 657 546 fomenta,
690 497 851 549 quibus
883 503 1008 538 tanta
1040 498 1106 538 vis
1138 497 1280 538 morbi
1321 497 1512 549 mitigari
1551 504 1711 551 posset.

241 570 345 611 Non
368 575 579 610 externa:
612 571 715 623 quia
736 571 831 611 haec
853 578 930 613 aut
956 586 1013 612 ex
1038 585 1181 612 rerum
1212 572 1339 624 copia
1362 578 1405 611 et
1429 572 1712 622 abundantia,

242 650 318 685 aut
354 657 412 684 ex
444 645 788 685 necessariorum
826 646 1267 699 propinquorumque
1299 646 1506 694 subsidio,
1541 653 1617 686 aut
1655 660 1712 686 ex

240 717 529 758 salutantium
572 724 616 758 et
657 719 1007 759 intervisentium
1049 725 1260 772 petuntur
1302 719 1465 759 officiis.
1545 719 1710 759 Rerum

239 793 367 845 copia
399 798 442 832 et
473 791 744 841 facultatum,
768 793 926 845 quibus
959 793 1104 834 levare
1133 794 1458 847 aliquantulum
1490 794 1709 834 miseriam

238 879 364 906 suam
395 866 535 918 possit
566 872 770 918 aegrotus,
804 866 1117 907 consolationis
1149 867 1268 908 haud
1302 868 1436 908 dubie
1468 868 1709 921 plurimum

238 939 389 980 affert:
422 945 468 979 at
504 939 599 978 haec
641 940 784 979 omnis
826 945 976 993 erepta
1018 946 1112 981 erat
1152 941 1245 981 viro
1287 948 1451 982 sancto.
1536 942 1711 984 Scimus

237 1014 353 1053 enim
397 1011 610 1053 Satanan]
654 1027 833 1054 omnem
866 1014 959 1066 ejus
991 1015 1236 1068 perdidisse
1275 1016 1582 1065 substantiam,
1617 1030 1710 1057 mo-

236 1093 478 1139 mentoque
528 1087 655 1127 bonis
707 1102 808 1128 eum
860 1089 1066 1130 omnibus
1118 1090 1341 1142 spoliasse.
1421 1089 1523 1142 Qua
1565 1104 1622 1130 ex
1666 1105 1710 1131 re

234 1160 425 1201 tristitiae
477 1161 764 1214 moerorisque
815 1162 879 1202 vir
931 1163 1164 1216 dupliciter
1221 1163 1493 1216 angebatur:
1546 1165 1708 1217 partim

236 1234 428 1288 quidem,
451 1236 554 1287 quia
586 1249 685 1275 cum
721 1237 918 1277 maxime
948 1238 1118 1290 egebat,
1143 1243 1237 1278 tum
1272 1239 1551 1291 potissimum
1582 1239 1708 1279 bonis

235 1308 439 1349 omnibus
476 1308 689 1362 spoliatus
727 1316 818 1351 est:
865 1312 1039 1364 partim,
1074 1313 1177 1365 quia
1215 1313 1427 1353 memoria
1466 1313 1707 1365 praeterita-

234 1396 330 1422 rum
382 1383 633 1422 divitiarum
686 1390 729 1423 et
781 1386 1015 1438 superioris
1067 1386 1219 1439 gloriae
1272 1400 1372 1426 eum
1425 1386 1707 1427 vehementer

234 1456 436 1508 angebat.
522 1456 611 1496 Res
654 1463 720 1497 est
762 1459 879 1498 enim
933 1459 1176 1500 miserrima
1227 1460 1393 1500 homini
1447 1460 1705 1500 calamitoso

233 1529 364 1569 fuisse
407 1529 588 1570 felicem.
673 1532 843 1572 Idcirco
885 1533 946 1573 ita
988 1533 1194 1586 queritur,
1238 1548 1269 1574 c.
1320 1534 1379 1574 16.
1456 1535 1591 1587 “Ego
1634 1534 1704 1574 ille

233 1602 458 1655 quondam
502 1603 748 1656 opulentus,
782 1612 962 1658 repente
999 1607 1212 1647 contritus
1247 1607 1396 1657 sum;’'
1431 1614 1475 1648 et
1507 1621 1598 1660 cap.
1640 1619 1699 1659 19.

233 1675 489 1729 “Spoliavit
521 1690 592 1717 me
623 1678 762 1730 gloria
796 1693 904 1728 mea,
936 1687 979 1720 et
1013 1680 1196 1721 abstulit
1228 1695 1437 1721 coronam
1471 1682 1526 1721 de
1560 1683 1703 1734 capite

232 1749 383 1800 meo;”
407 1756 450 1790 et
481 1763 512 1790 e.
539 1761 619 1802 29:
655 1750 803 1803 “Quis
836 1752 942 1792 mihi
974 1753 1152 1803 tribuat,
1176 1759 1225 1793 ut
1257 1755 1339 1794 sim
1367 1755 1501 1806 juxta
1534 1768 1704 1795 menses

230 1823 450 1876 pristinos,
494 1824 736 1864 secundum
780 1826 873 1866 dies
916 1826 1074 1879 quibus
1117 1827 1241 1867 Deus
1283 1828 1561 1868 custodiebat
1603 1829 1704 1869 me?

231 1895 425 1949 Quando
455 1897 716 1950 splendebat
749 1898 924 1940 lucerna
957 1900 1050 1952 ejus
1079 1915 1210 1954 super
1231 1907 1363 1954 caput
1397 1915 1557 1951 meum,
1581 1903 1702 1942 etad

230 1970 379 2010 lumen
398 1970 492 2023 ejus
510 1971 792 2012 ambulabam
813 1974 855 2012 in
873 1973 1115 2025 tenebris;’'
1135 1981 1177 2015 et
1196 1989 1323 2015 mox:
1349 1975 1572 2027 “Quando
1587 1975 1705 2016 lava-

230 2044 333 2084 bam
356 2044 493 2097 pedes
516 2059 638 2086 meos
661 2046 834 2099 butyro,
858 2054 901 2087 et
923 2053 1047 2100 petra
1077 2048 1291 2089 fundebat
1314 2048 1420 2089 mihi
1444 2049 1557 2089 rivos
1581 2049 1701 2089 olei.''

230 2118 321 2158 Ubi
353 2119 601 2171 perpendes
629 2133 813 2172 gregum
842 2126 886 2160 et
920 2127 1217 2162 armentorum
1252 2123 1439 2175 copiam,
1463 2136 1519 2162 ex
1543 2123 1700 2175 quibus

226 2191 438 2244 butyrum
475 2192 735 2245 colligebat:
779 2195 973 2247 itemque
1006 2195 1089 2236 olei
1127 2196 1456 2236 abundantiam.
1534 2196 1700 2249 Magna

226 2266 359 2318 igitur
382 2267 420 2306 ei
444 2272 536 2306 erat
558 2268 831 2319 :egritudinis
855 2274 898 2308 et
919 2269 1108 2309 tristitiae
1136 2283 1269 2310 causa
1298 2269 1530 2322 superioris
1560 2283 1699 2309 recor-

226 2337 349 2378 datio
381 2339 580 2389 fortunae,
604 2354 916 2394 prosperaeque
944 2357 994 2382 ac
1021 2343 1215 2383 florentis
1248 2356 1347 2383 cum
1381 2342 1544 2383 afflicta
1565 2349 1699 2395 atque

220 2410 396 2462 jacente
438 2413 698 2453 miserabilis
740 2415 1041 2456 commutatio.
1126 2416 1228 2456 Non
1277 2429 1381 2467 ergo
1428 2416 1484 2455 ab
1529 2416 1698 2468 opibus,

224 2498 324 2537 quae
361 2485 493 2525 nullae
526 2486 620 2538 jam
658 2494 792 2536 erant,
829 2488 986 2529 solatia
1023 2489 1297 2542 petebantur.
1374 2489 1439 2530 At
1477 2503 1530 2530 ne
1565 2504 1590 2529 a
1626 2504 1698 2529 ne-

224 2559 422 2599 cessariis
459 2560 638 2612 quidem
677 2566 812 2614 atque
848 2563 1134 2615 propinquis:
1182 2564 1393 2615 quoniam
1432 2564 1525 2616 ipse
1563 2563 1697 2603 dicit:

224 2633 246 2650 “
261 2632 388 2682 Ecce,
412 2646 500 2673 non
525 2640 590 2674 est
612 2634 830 2675 auxilium
864 2635 969 2675 mihi
1004 2636 1047 2676 in
1080 2637 1166 2685 me,
1187 2642 1231 2676 et
1254 2637 1483 2677 necessarii
1517 2650 1693 2688 quoque

222 2707 308 2746 mei
362 2715 632 2749 recesserunt
678 2723 703 2748 a
751 2709 883 2759 me;’'
927 2710 1045 2762 quod
1098 2710 1272 2763 planius
1313 2711 1445 2750 etiam
1488 2724 1580 2762 cap.
1632 2721 1691 2761 19.

221 2780 442 2820 “Fratres
494 2795 616 2822 meos
668 2782 797 2834 longe
850 2782 952 2823 fecit
994 2797 1020 2823 a
1066 2797 1148 2834 me,
1191 2790 1235 2824 et
1286 2784 1378 2824 noti
1431 2784 1515 2823 mei
1570 2783 1692 2835 quasi

218 2851 350 2893 alieni
402 2861 673 2896 recesserunt
725 2870 750 2895 a
802 2868 906 2896 me:
959 2856 1286 2909 dereliquerunt
1338 2870 1408 2896 mc
1459 2855 1693 2908 propinqui

221 2926 337 2969 mei:
379 2933 424 2969 et
458 2930 532 2982 qui
566 2943 637 2970 me
671 2935 896 2981 noverant,
919 2930 1043 2972 obliti
1077 2936 1179 2971 sunt
1211 2929 1332 2971 mei.’'
1398 2930 1495 2970 Imo
1527 2928 1690 2980 conjux
