1903 3197
276 182 339 226 94
596 168 675 214 De
710 167 898 214 ratione
931 167 1125 214 vivendi
1158 168 1424 216 Socz'etalz‘s.

276 300 468 353 corporis
525 300 797 350 vexationes,
858 306 905 341 ut
965 301 1321 353 expeditissimas
1380 301 1436 341 ad
1493 301 1742 343 interiorem

275 375 498 414 hominem
525 374 629 423 vias,
653 375 903 427 approbant
926 389 976 415 ac
999 375 1212 424 suadent3
1245 381 1293 415 ut
1325 389 1403 415 suo
1436 374 1532 415 loco
1562 376 1745 416 demon-

271 448 520 489 strabimus.
597 448 787 488 Tollitur
839 449 972 501 igitur
1021 448 1150 501 hujus
1205 448 1547 490 Constitutionis
1597 450 1743 490 verbis

272 523 438 576 primus
481 536 597 562 error
638 536 789 562 eorum
827 523 900 575 qui
942 524 1227 575 poenitentias
1270 523 1439 563 malunt
1492 529 1739 576 expectare,

274 610 406 649 quam
430 610 618 649 poscere.
664 596 753 636 Cur
783 602 931 636 autem
964 596 1077 636 ultro
1104 597 1251 649 potius
1277 596 1581 649 deposcendae‚
1605 610 1739 649 quam

272 671 564 723 expectandae
587 670 828 718 videantur,
853 670 1048 722 quinque
1070 676 1255 722 possunt
1278 670 1420 710 afferri
1445 671 1647 710 rationes.

364 743 508 782 Prima
553 743 686 782 Ratio
737 750 813 792 est,
859 757 916 783 ex
961 754 995 794 3.
1038 749 1147 796 part.
1194 743 1342 784 Const.
1378 747 1462 783 “ut
1503 744 1598 784 haec
1640 757 1744 784 cura

273 817 483 857 indicium
517 817 572 856 sit
604 816 730 865 illius,
755 831 889 869 quam
923 818 978 857 de
1011 831 1089 857 suo
1121 817 1317 870 profectu
1351 817 1564 870 spirituali
1597 818 1640 857 in
1671 818 1742 857 via

273 891 357 931 Dei
381 892 566 943 quisque
588 890 722 931 habet
740 890 772 940 ;'’
804 905 891 931 non
915 891 1035 943 quod
1058 890 1127 930 hic
1150 892 1310 931 debeat
1333 905 1427 931 esse
1450 892 1739 944 suscipiendae

272 965 566 1017 petendaeque
608 965 881 1017 poenitentiae
924 964 1032 1013 finis,
1077 965 1154 1003 sed
1198 971 1246 1004 ut
1289 978 1345 1003 ex
1389 965 1484 1016 ipsa
1525 970 1743 1018 susceptae

272 1052 417 1091 poenae
440 1038 667 1078 alacritate
689 1037 772 1077 hoc
795 1043 1088 1089 consequatur
1110 1037 1330 1076 indicium.
1368 1038 1510 1088 quue
1532 1038 1743 1078 adamant

274 1110 531 1164 Superiores
569 1117 612 1150 et
655 1116 822 1162 optant,
863 1117 910 1150 ut
947 1110 1033 1162 qui,
1073 1109 1223 1162 quales
1261 1111 1409 1159 simus,
1449 1116 1492 1150 et
1529 1111 1744 1162 quemad-

274 1186 455 1225 modum
509 1185 551 1224 in
604 1184 757 1237 spiritu
810 1184 1092 1236 proficiamus
1146 1183 1401 1236 intelligere,
1454 1184 1535 1223 nisi
1594 1184 1742 1238 aliqua

274 1258 490 1311 ejusmodi
534 1259 689 1298 demus
732 1258 903 1306 indicia,
948 1271 1035 1297 non
1077 1258 1184 1297 satis
1232 1264 1426 1310 possunt.
1493 1258 1745 1299 Postulatas

274 1338 423 1372 autem
447 1338 490 1371 et
512 1331 626 1372 ultro
659 1337 884 1384 susceptas
917 1331 1200 1384 poenitentias
1233 1331 1442 1371 indicium
1477 1345 1571 1372 esse
1604 1333 1743 1372 nostri

273 1406 506 1458 profectus,
532 1411 575 1445 et
602 1405 694 1457 ejus
722 1419 855 1458 quam
889 1405 931 1444 in
964 1404 1112 1444 divino
1142 1405 1356 1445 famulatu
1389 1406 1582 1457 gerimus
1614 1420 1742 1455 curae,

274 1479 341 1519 vel
394 1493 450 1519 ex
504 1493 555 1519 eo
608 1478 789 1531 planum
832 1478 922 1518 fieri
966 1484 1124 1531 potest,
1169 1478 1287 1530 quod
1341 1479 1542 1531 spiritum
1594 1480 1743 1532 vigere

273 1551 498 1592 declarant
529 1558 571 1592 et
604 1552 748 1591 sensui
781 1552 936 1604 suique
969 1552 1105 1604 ipsius
1138 1552 1275 1591 amori
1309 1553 1537 1601 dominari,
1571 1553 1738 1606 quippe

274 1624 341 1664 his
383 1626 657 1678 pcenitentiae
695 1625 913 1664 adversari
957 1625 1154 1664 maxime
1196 1624 1348 1665 solent.
1414 1626 1473 1664 Et
1515 1639 1603 1677 quo
1645 1626 1742 1677 quis

274 1699 415 1751 magis
449 1699 490 1737 in
523 1699 676 1751 spiritu
716 1698 899 1751 proficit,
935 1712 985 1738 eo
1023 1712 1069 1737 se
1107 1699 1246 1751 magis
1283 1699 1556 1751 poenitentiae
1595 1699 1742 1739 studio

275 1772 409 1812 dedit.
474 1773 526 1811 Id
562 1773 680 1824 quod
715 1773 830 1811 cerni
869 1771 969 1811 licet
1002 1772 1044 1810 in
1083 1771 1246 1811 sanctis
1283 1772 1546 1819 hominibus,
1585 1774 1658 1825 qui
1697 1773 1740 1813 in

275 1846 564 1898 suscipiendis
594 1859 672 1885 sua
694 1846 922 1886 voluntate
949 1846 1092 1898 poenis
1120 1846 1240 1885 nimii
1268 1845 1528 1898 plerumque
1555 1845 1740 1886 fuerunt.

277 1919 481 1972 Apparet
515 1920 647 1959 etiam
681 1919 724 1958 in
758 1919 883 1959 nobis
921 1919 1036 1972 ipsis,
1071 1919 1145 1971 qui
1183 1933 1279 1959 cum
1320 1919 1528 1972 pusillum
1566 1919 1742 1972 spiritus

276 1993 532 2045 ardorisque
591 1983 874 2045 suscepimus,
935 1992 991 2032 ad
1051 2006 1229 2032 omnem
1293 1993 1502 2032 continuo
1558 2006 1739 2045 poenam

275 2066 561 2118 laboremque
613 2066 806 2119 corporis
863 2065 1202 2105 exardescimus.
1297 2065 1486 2118 Spiritus
1537 2066 1741 2106 videlicet

273 2140 365 2193 agit
418 2154 507 2189 nos,
551 2145 593 2178 et
636 2139 709 2191 qui
762 2139 914 2191 spiritu
963 2145 1151 2190 aguntur
1192 2152 1291 2178 cum
1334 2139 1534 2179 sensibus
1576 2139 1739 2179 bellum

273 2218 441 2265 gerunt.
511 2212 664 2264 Atque
706 2211 788 2251 hac
835 2211 890 2250 de
932 2225 1063 2251 causa
1103 2211 1302 2252 Christus
1348 2213 1391 2251 in
1435 2212 1738 2265 baptismate,l

273 2293 511 2339 postquam
557 2285 745 2338 Spiritus
789 2284 979 2325 Sanctus
1017 2285 1160 2337 specie
1192 2285 1408 2326 columbae
1451 2300 1583 2339 supra
1613 2287 1742 2326 verti-

274 2373 368 2400 cem
407 2359 500 2411 ejus
542 2358 779 2407 descendit,
813 2359 969 2398 ductus
1014 2357 1177 2410 Spiritu
1220 2358 1379 2398 dicitur
1419 2359 1461 2398 in
1505 2359 1739 2408 desertum,

274 2433 420 2485 ibique
444 2433 599 2472 diebus
626 2432 920 2484 quadraginta
949 2431 1053 2470 nihil
1077 2438 1288 2483 gustasse,
1314 2438 1367 2480 et,
1392 2438 1439 2472 ut
1462 2433 1522 2472 ait
1550 2432 1738 2480 Marcus,

276 2506 501 2559 “Spiritus
531 2507 680 2546 statim
713 2505 885 2558 expulit
915 2519 1014 2545 eum
1045 2506 1088 2544 in
1118 2505 1375 2553 desertum,”
1400 2506 1608 2557 quoniam
1640 2519 1739 2558 pro-

275 2581 417 2633 prium
451 2586 517 2620 est
551 2580 739 2632 Spiritus
774 2580 924 2620 Sancti
955 2579 1096 2618 carnis
1125 2579 1240 2619 facta
1276 2579 1547 2627 mortificare,
1576 2584 1619 2619 et
1653 2578 1737 2619 hoc

273 2668 429 2707 corpus
453 2660 648 2701 atterere,
673 2653 843 2704 sibique
865 2653 1088 2704 subjicere.

363 2728 567 2769 Secunda
589 2726 700 2766 ratio
723 2732 798 2773 est,
822 2726 924 2777 quia
954 2725 1191 2765 electorum
1222 2726 1446 2778 proprium
1471 2731 1536 2766 est
1565 2730 1737 2766 sancto-

273 2815 456 2854 rumque
478 2803 669 2841 virorum
700 2813 855 2853 poenas
878 2800 956 2839 sibi
981 2799 1094 2840 ultro
1118 2799 1365 2852 deposcere,
1389 2813 1468 2839 nec
1500 2805 1738 2853 expectare

718 2885 730 2904 ¹
755 2889 833 2921 Luc.
855 2898 899 2928 43
924 2889 1044 2920 Matth.
1064 2897 1109 2928 4;
1134 2889 1236 2919 Marc.
1258 2897 1283 2920 1.
