1903 3197
157 179 237 226 De
258 175 562 225 ordinatione
583 190 687 236 quoe
710 190 767 219 ex
787 173 1210 219 administratione
1218 171 1401 233 pendet.
1458 183 1519 229 47
1531 182 1554 229 7

93 325 221 353 suum
259 323 434 363 quoque
471 307 667 349 ordinem
704 305 863 346 habet:
915 318 1003 345 non
1041 305 1157 344 enim
1193 304 1404 344 varietate
1437 308 1555 343 totas

93 385 297 426 laxamus
325 383 522 423 habenas
549 393 668 420 more
689 378 949 419 secularium
969 392 977 428 ;
1010 379 1086 418 sed
1110 378 1238 417 certis
1261 382 1326 417 est
1348 382 1555 417 contenta

91 458 252 498 finibus
302 471 353 497 ac
395 454 607 504 cancellis,
651 459 699 493 ut
738 452 773 492 si
825 451 1096 491 consuetudo
1149 456 1301 491 sancta
1352 456 1556 499 servetur,

90 532 259 572 crimini
281 530 389 570 verti
419 542 506 568 non
539 527 708 567 debeat.
772 524 1039 577 Quanquam
1072 537 1159 563 non
1192 524 1334 563 omnis
1357 523 1554 563 ciborum

91 605 277 645 varietas
313 602 508 642 funditus
543 614 566 640 e
603 599 760 640 nostris
794 598 955 638 mensis
989 596 1331 637 exterminanda
1365 602 1443 645 ost,
1479 610 1559 637 nec

91 677 282 726 omnino,
315 681 363 715 ut
394 674 598 715 Clemens
631 673 702 721 ait,
733 686 758 712 a
783 672 912 712 variis
944 671 1051 711 cibis
1083 669 1395 710 abstinendum
1415 668 1445 709 :1
1477 670 1555 709 sed

91 752 134 791 in
185 751 257 798 eis,
301 748 452 800 inquit,
495 760 583 787 non
625 751 691 786 est
742 745 935 786 studium
987 744 1252 797 ponendum.
1318 743 1411 782 Nos
1452 756 1555 782 vero

91 824 259 865 nullum
297 836 385 862 non
420 822 553 861 modo
590 820 795 873 ponimus
837 820 879 858 in
917 818 1189 871 exquirenda
1223 817 1435 858 varietate
1467 823 1557 857 stu-

90 899 223 948 dium,
266 898 342 937 sed
385 909 481 936 eam
525 908 624 935 cum
666 908 807 935 raram
850 893 1103 943 admodum,
1147 893 1209 933 uti
1261 892 1466 940 diximus,
1511 892 1555 931 in

90 972 249 1013 nostris
278 971 450 1018 mensis,
474 975 570 1009 tum
603 970 735 1009 etiam
769 967 1043 1008 moderatam
1076 980 1169 1006 esse
1190 966 1423 1015 volumus;
1456 979 1556 1018 quae

89 1046 253 1087 scilicet
294 1059 373 1085 nec
414 1057 645 1096 corporum
687 1042 816 1083 saluti
865 1042 922 1082 sit
970 1041 1123 1091 fraudi,
1168 1054 1247 1080 nec
1297 1039 1547 1092 religiosam

92 1119 304 1160 dedeceat
336 1117 625 1170 disciplinam.

177 1193 340 1241 Tertio,
374 1191 563 1231 cernitur
597 1190 705 1230 ordo
737 1190 933 1230 ciborum
966 1189 1009 1228 in
1041 1188 1249 1241 qualitate
1264 1201 1278 1226 .·
1326 1186 1554 1239 qualitatis

92 1272 240 1308 autem
273 1266 450 1306 nomine
481 1264 765 1316 intelligimus
793 1263 876 1303 hoc
909 1263 1005 1303 loco
1038 1262 1265 1315 epularum
1289 1267 1554 1313 apparatum

92 1345 137 1381 et
171 1338 454 1380 condimenta
491 1337 697 1378 ciborum.
762 1336 863 1389 Qua
899 1337 941 1376 in
976 1350 1020 1375 re
1055 1341 1098 1375 et
1130 1334 1392 1374 valetudinis
1427 1333 1557 1373 simul

91 1414 306 1454 rationem
345 1412 543 1453 Societas
583 1410 728 1460 habet,
765 1417 808 1451 et
842 1409 1046 1463 spiritalis
1081 1408 1394 1456 aedificationis
1430 1413 1477 1447 ut
1511 1408 1555 1447 in

93 1485 490 1528 Constitutionibus
526 1485 726 1538 praecipit
762 1489 911 1524 noster
951 1484 1089 1523 Pater.
1151 1480 1429 1521 Valetudinis
1463 1481 1558 1532 qui-

92 1561 204 1609 dem,
238 1560 340 1613 quia
377 1559 558 1599 modum
596 1559 701 1598 item
738 1558 977 1610 quemdam
1021 1557 1064 1595 in
1105 1554 1370 1608 apparandis
1407 1554 1558 1594 condi-

90 1633 301 1686 endisque
362 1632 501 1686 epulis
551 1631 745 1680 adhibet,
799 1638 847 1672 ut
907 1644 987 1671 nec
1043 1630 1296 1682 corporibus
1357 1641 1554 1668 escarum

93 1707 366 1748 conditiones
388 1706 590 1754 officiant,
614 1719 695 1746 nec
715 1705 865 1758 gulam
887 1704 1190 1744 vehementius
1213 1703 1391 1742 irritant.
1442 1701 1558 1742 Sunt

95 1781 211 1822 enim
245 1781 366 1820 nimii
398 1780 625 1833 epularum
658 1785 904 1832 apparatuS,
927 1778 1250 1830 exquisitaeque
1281 1775 1558 1815 conditiones

94 1869 146 1896 ac
167 1855 384 1895 lenocinia
406 1854 601 1893 ciborum
623 1853 822 1892 maxima
847 1865 971 1904 seges
1004 1849 1365 1903 intemperantiae,
1390 1862 1447 1887 ex
1471 1861 1559 1900 qua

95 1929 275 1970 demum
299 1928 490 1968 cruditas
513 1941 562 1967 ac
589 1927 840 1967 morborum
864 1925 1086 1965 molestiae.
1152 1924 1205 1963 In
1228 1935 1361 1975 quam
1384 1927 1559 1962 senten-

94 2004 203 2044 tiam
235 2008 350 2043 recte
384 2002 630 2042 Bernardus
662 2001 705 2040 in
734 1999 1012 2053 apologetico
1041 1998 1097 2038 ad
1129 1996 1396 2037 Gulielrnurn
1425 1995 1558 2036 abba—

95 2083 214 2118 tem:
267 2077 448 2116 “Tanta
498 2073 809 2123 accuratione,‘'
852 2073 1003 2126 inquit,
1048 2076 1126 2111 “et
1173 2077 1265 2111 arte
1316 2082 1558 2122 coquorum

98 2157 256 2192 cuncta
286 2155 565 2204 apparantur,
588 2154 803 2201 quatenus
836 2153 1023 2200 quatuor
1054 2152 1131 2186 aut
1162 2145 1355 2197 quinque
1387 2144 1559 2184 ferculis

94 2225 324 2274 devoratis,
368 2225 510 2278 prima
551 2236 639 2263 non
680 2222 925 2275 impediant
966 2220 1212 2269 novissima,
1260 2232 1339 2258 nec
1380 2219 1560 2258 satietas

95 2300 265 2339 minuat
286 2299 543 2352 appetitum.
596 2296 797 2337 Palatum
820 2296 984 2348 quippe
1006 2295 1112 2334 dum
1135 2291 1317 2333 novellis
1339 2291 1562 2332 seducitur

99 2373 390 2415 condimentis
430 2371 644 2425 paulatim
687 2370 954 2411 dissuescere
995 2368 1182 2421 cognita,
1222 2373 1266 2407 et
1307 2367 1363 2406 ad
1405 2379 1560 2406 succos

97 2454 333 2488 extraneos
366 2446 501 2487 veluti
537 2445 682 2486 adhuc
714 2444 913 2497 jejunum
945 2443 1073 2484 avide
1105 2447 1337 2483 renovatur
1368 2441 1410 2480 in
1448 2439 1561 2480 desi-

98 2520 229 2561 deria.
292 2521 353 2560 Et
384 2534 503 2571 mox,
535 2520 638 2573 quia
668 2532 811 2572 puras,
844 2524 892 2558 ut
923 2532 996 2558 eas
1025 2522 1181 2557 natura
1211 2515 1383 2565 creavit,
1407 2514 1560 2567 epulas

100 2594 361 2644 fastidimus,
384 2594 489 2634 dum
512 2593 598 2633 alia
618 2593 713 2633 aliis
735 2591 971 2632 multifarie
993 2591 1318 2645 permiscentur,
1337 2594 1381 2628 et
1402 2587 1559 2640 spretis

97 2667 378 2718 naturalibus,
413 2681 523 2720 quos
555 2667 677 2707 Deus
708 2666 867 2706 indidit
898 2665 1038 2714 rebus
1072 2664 1336 2717 quibusdam
1371 2660 1562 2701 adulter-

100 2741 182 2782 inis
223 2741 326 2794 gula
366 2746 627 2794 provocatur
667 2739 907 2793 saporibus,
948 2738 1157 2779 transitur
1203 2736 1388 2776 nimium
1441 2737 1560 2773 meta

99 2816 382 2866 necessitatis,
405 2815 481 2856 sed
499 2815 687 2855 necdum
710 2813 944 2855 delectatio
965 2808 1253 2865 superatur.’'2

487 2902 498 2922 ¹
525 2904 562 2937 L.
585 2912 614 2936 2.
636 2915 662 2937 c.
687 2911 713 2937 ι.
900 2900 913 2921 ²
935 2903 975 2934 T.
996 2910 1025 2933 2.
1047 2912 1078 2943 p.
1100 2900 1170 2941 184.
