1903 3197
658 166 738 211 De
769 165 1024 212 Examina
1480 178 1502 207 2
1513 173 1535 221 5
1545 176 1573 220 3

109 299 309 339 “Nullus
360 303 425 339 est
466 297 539 350 qui
590 303 695 350 agat
735 296 1043 349 poenitentiam
1086 308 1216 348 super
1256 299 1438 348 peccato
1479 307 1571 343 suo,

111 372 286 413 dicens:
331 371 450 424 Quid
481 369 654 411 feci?'’1

199 445 287 498 Qui
350 444 528 497 quidem
593 442 688 491 loci,
740 441 841 481 licet
897 440 952 480 de
1013 440 1311 480 examinanda
1372 440 1571 480 universe

108 519 386 566 conscientia,
447 517 656 569 temporis
722 515 979 555 definitione
1050 513 1232 561 sublata,
1294 513 1572 564 praecipiant3

110 593 305 633 indicant
347 597 496 631 tamen
534 590 665 629 etiam
708 589 1014 628 necessitatem
1060 586 1305 639 quotidiani
1342 586 1569 625 examinis.

110 666 240 713 Nam,
276 666 310 704 si
351 670 453 704 ante
488 662 709 714 Judicium
761 662 1028 713 interrogare
1083 674 1161 700 nos
1212 659 1293 711 ipsi
1346 658 1568 707 debemus,

111 745 160 778 ut
215 739 258 776 in
309 742 544 788 conspectu
598 736 680 775 Dei
732 735 1088 788 propitiationem
1144 733 1429 780 inveniamus,
1481 744 1569 783 quo

114 811 239 851 nobis
290 815 497 863 praestare
537 815 683 862 potest
726 809 809 849 hoc
851 808 1062 860 judicium
1108 820 1195 846 non
1239 806 1332 858 jam
1380 804 1569 845 instare?

114 884 336 936 Repetent
373 884 489 923 enim
530 897 555 923 a
593 883 719 923 nobis
755 883 836 922 hac
878 888 1006 922 nocte
1047 882 1240 921 animam
1283 886 1489 928 nostram,
1528 885 1571 918 et

112 962 214 996 ante
257 956 401 996 Deum
444 956 590 997 subito
641 956 883 996 sistendum
930 956 1039 1003 erit;
1092 954 1196 1007 quid
1250 967 1353 1006 ergo
1405 952 1572 992 miseris

114 1030 240 1068 nobis
281 1029 367 1077 fiet,
411 1030 445 1068 si
488 1029 655 1068 nullum
700 1034 895 1068 nostrum
939 1029 993 1068 de
1039 1027 1164 1067 nobis
1206 1027 1310 1079 ipsis
1357 1026 1570 1078 judicium

115 1103 359 1150 antecessit,
401 1116 480 1142 nec
521 1102 661 1155 pridie
713 1108 814 1142 ante
866 1101 1135 1154 placavimus
1185 1100 1387 1152 Judicem
1439 1112 1571 1151 quem

113 1175 387 1224 offendimus,
430 1181 474 1215 et
514 1176 637 1227 cujus
686 1182 788 1215 ante
830 1174 1017 1214 tribunal
1068 1181 1245 1226 repente
1287 1172 1573 1213 deducimur?

116 1247 327 1300 Quotidie
377 1254 525 1289 autem
579 1263 677 1288 cum
727 1249 873 1288 Deum
926 1249 1211 1296 offendamus,
1254 1248 1415 1300 septies
1458 1246 1573 1286 enim

113 1322 157 1361 in
200 1322 271 1361 die
311 1322 428 1362 cadit
475 1322 631 1374 justus,
674 1323 981 1374 quotidianum
1028 1322 1159 1362 etiam
1207 1321 1261 1360 de
1303 1320 1427 1360 nobis
1470 1319 1573 1372 ipsis

110 1394 324 1447 judicium
374 1409 578 1436 exercere
628 1409 708 1435 nos
758 1395 972 1435 convenit.
1057 1395 1121 1435 Ut
1171 1394 1206 1434 si
1258 1393 1313 1433 ad
1360 1393 1574 1445 judicium

115 1468 200 1508 Dei
261 1474 390 1509 nocte
450 1469 544 1521 ipsa
604 1469 885 1517 traducimur,
948 1474 1123 1520 paratas
1181 1467 1274 1518 jam
1335 1466 1576 1506 habeamus

115 1542 434 1594 expeditasque
486 1543 676 1583 rationes
727 1549 908 1589 nostras,
961 1555 1014 1581 ne
1068 1540 1397 1580 confundamur.
1490 1537 1577 1591 Qui

115 1616 232 1655 enim
285 1616 327 1655 in
374 1616 588 1668 judicium
640 1616 770 1668 hujus
831 1615 962 1656 seculi
1024 1615 1209 1654 vocandi
1264 1620 1374 1662 sunt,
1428 1613 1468 1661 ii,
1532 1618 1579 1652 ut

118 1687 160 1728 S.
195 1687 390 1729 Thomas
432 1689 587 1729 eodem
629 1689 758 1728 simili
809 1690 952 1737 utitur,
1003 1689 1045 1727 in
1090 1702 1136 1727 se
1187 1687 1304 1740 ipsos
1356 1685 1578 1738 inquirunt

115 1767 160 1801 et
201 1761 317 1801 sacta
357 1776 436 1802 sua
477 1769 807 1814 recognoscunt,
851 1775 916 1809 ne,
960 1774 1059 1801 cum
1110 1760 1435 1812 comparuerint
1475 1765 1578 1799 ante

115 1834 333 1887 Judicem,
405 1835 515 1874 muti
587 1841 721 1887 atque
801 1834 998 1886 elingues
1080 1833 1362 1880 inveniantur,
1442 1832 1578 1884 ignari

116 1921 294 1961 prorsus
357 1909 460 1960 quid
524 1908 829 1960 respondeant.
928 1906 1188 1958 Eodemque
1245 1906 1378 1945 modo
1434 1906 1579 1945 caeteri

116 1981 201 2021 loci
253 1982 308 2021 ad
370 1981 677 2033 quotidianum
741 1993 929 2021 examen
996 1978 1320 2019 accommodari
1382 1983 1577 2030 possunt.

118 2054 248 2102 Nam,
282 2067 379 2094 cum
415 2054 612 2106 quotidie
643 2053 920 2094 ambulemus
952 2053 1021 2093 via
1056 2052 1249 2100 Domini,
1283 2052 1374 2091 vias
1408 2056 1580 2090 nostras

119 2128 316 2180 quotidie
370 2141 518 2168 coram
585 2141 637 2167 eo
700 2140 878 2167 necesse
941 2132 1007 2166 est
1070 2139 1316 2178 arguamus,
1384 2123 1580 2177 quotidie

118 2215 335 2255 ponamus
371 2202 503 2242 corda
545 2206 693 2241 nostra
734 2214 864 2253 super
903 2200 996 2240 vias
1043 2206 1224 2247 nostras,
1264 2198 1461 2251 quotidie
1498 2211 1578 2238 nos

120 2275 239 2328 ipsos
280 2275 584 2327 dijudicemus,
628 2274 826 2327 quotidie
871 2286 1055 2326 agamus
1102 2273 1410 2325 poenitentiam
1451 2284 1583 2324 super

118 2349 310 2401 peccatis
352 2349 524 2399 nostris,
566 2349 790 2389 dicentes:
852 2346 972 2399 Quid
1015 2346 1230 2387 fecimus?
1313 2344 1360 2386 Si
1403 2344 1579 2397 quidem

120 2421 319 2474 quotidie
350 2421 657 2474 delinquimus,
690 2427 734 2461 et
765 2433 1008 2473 peccamus.

211 2496 373 2536 Praeter
404 2496 485 2536 hos
523 2508 780 2537 communes
821 2494 952 2544 locos,
990 2494 1065 2546 qui
1107 2493 1305 2532 universe
1347 2491 1391 2531 id
1432 2490 1582 2544 praeci-

123 2568 262 2622 piunt,
304 2569 393 2610 duo
434 2569 505 2609 alii
543 2583 637 2609 esse
678 2574 875 2622 possunt,
918 2567 1077 2620 quibus
1118 2565 1422 2618 quotidianum
1465 2575 1582 2603 com-

124 2642 357 2682 mendetur
392 2655 592 2683 examen.
671 2642 870 2694 Uterque
904 2647 1051 2682 autem
1086 2653 1143 2680 ex
1179 2638 1372 2679 Psalmis.
1453 2635 1584 2675 Alter

124 2721 191 2756 est
213 2715 298 2764 ubi,
329 2728 406 2768 per
436 2729 485 2756 os
519 2715 674 2764 David,
700 2715 889 2768 Spiritus
922 2715 1110 2756 Sanctus
1143 2714 1203 2753 ita
1235 2725 1314 2751 nos
1346 2709 1581 2750 admonet:

123 2787 277 2842 “Quae
317 2789 460 2830 dicitis
511 2790 555 2829 in
596 2789 801 2830 cordibus
851 2789 1018 2836 vestris,
1071 2787 1114 2827 in
1165 2785 1380 2826 cubilibus
1428 2780 1582 2823 vestris

777 2876 787 2896 ¹
814 2878 880 2919 Jer.
902 2876 931 2908 8.
