1903 3197
293 175 388 221 608
621 173 702 219 De
733 174 923 220 ratione
957 172 1152 220 vivendi
1184 173 1446 220 Socz'etatz‘s.

292 307 586 362 cupiscenda:
627 313 860 361 propterea
901 308 1017 348 enim
1059 308 1188 361 primi
1225 313 1431 361 parentes
1472 308 1760 348 comederunt

293 382 442 423 cibum
478 382 676 432 vetitum,
711 382 814 435 quia
848 382 1050 422 viderunt
1082 396 1265 436 pomum
1304 381 1534 435 pulchrum
1571 382 1628 423 ad
1664 396 1760 423 ves-

294 456 512 506 cendum;
545 462 588 496 et
612 456 758 496 David
785 457 1033 510 concupivit
1058 457 1179 498 Uriae
1203 470 1400 505 uxorem,
1424 457 1527 509 quia
1548 457 1667 497 vidit.

384 537 441 582 30.
477 529 714 583 Objectum
750 531 867 571 visus
908 531 1038 571 latius
1081 537 1216 585 patet,
1254 537 1298 571 et
1334 531 1525 571 crebrius
1567 532 1763 581 occurrit,

294 619 429 658 quam
471 611 728 645 caeterorum
763 619 997 656 sensuum;
1041 606 1143 658 quia
1185 606 1357 659 quoties
1399 605 1679 659 ingredimur,
1720 611 1766 646 et

293 680 561 733 ubicumque
601 694 835 730 versamur,
878 680 1082 732 objicitur
1123 680 1259 720 oculis
1302 680 1345 720 id
1388 680 1507 733 quod
1548 686 1763 733 spectent,

271 762 339 812 »et
370 755 492 808 cujus
524 755 775 809 spectaculo
807 756 1044 808 capiantur.
1109 756 1212 796 Non
1245 761 1394 795 autem
1417 755 1590 808 quoties
1619 756 1760 808 ingre-

292 830 449 880 dimur,
491 835 535 870 et
586 830 851 882 ubicumque
900 843 1135 879 versamur,
1186 844 1359 884 semper
1409 830 1586 883 aliquid,
1640 830 1760 883 quod

293 905 469 946 auribus
511 904 753 956 objiciatur,
795 904 991 953 occurrit,
1034 911 1109 944 aut
1152 905 1271 957 quod
1314 919 1388 945 ore
1428 911 1639 958 gustetur,
1682 910 1760 945 aut

293 979 411 1033 quod
446 979 710 1032 percipiatur
743 978 918 1028 olfactu,
940 985 1016 1019 aut
1051 980 1169 1031 quod
1200 979 1393 1032 jucunde
1428 985 1649 1020 tractetur.

379 1060 438 1104 40.
474 1052 601 1094 Oculi
625 1067 712 1093 non
736 1054 996 1094 erubescunt
1018 1054 1061 1093 in
1084 1067 1211 1094 suum
1235 1054 1457 1106 objectum
1481 1053 1591 1102 ferri,
1616 1067 1758 1106 eoque

293 1128 512 1176 delectari,
540 1127 643 1180 quia
676 1141 775 1167 cum
804 1129 982 1168 videndi
1017 1129 1277 1169 necessitate
1311 1128 1592 1181 conjungitur
1617 1127 1760 1168 delec-

293 1204 415 1253 tatio,
459 1203 694 1243 necessitas
735 1209 882 1243 autem
925 1202 1101 1244 videndi
1139 1204 1408 1257 sempiterna
1430 1197 1515 1244 est.
1579 1202 1645 1243 At
1685 1202 1759 1243 alii

292 1292 458 1328 sensuS,
482 1278 691 1331 quoniam
723 1277 836 1318 hanc
867 1284 1126 1331 perpetuam
1154 1279 1460 1319 necessitatem
1484 1292 1571 1318 non
1594 1277 1761 1319 habent

293 1354 339 1393 in
365 1366 444 1393 sua
470 1352 642 1404 objecta
664 1352 886 1402 tendendi,
910 1366 964 1392 ne
985 1352 1290 1393 delectationis
1313 1353 1491 1406 quidem
1515 1352 1757 1406 periculum

292 1429 337 1468 in
368 1428 420 1468 iis
452 1433 713 1481 perpetuum
747 1441 841 1468 esse
863 1434 1019 1481 potest.
1084 1427 1212 1469 Oculi
1236 1442 1339 1468 casu
1361 1428 1563 1468 videntur
1584 1426 1682 1467 ferri
1715 1427 1759 1467 in

293 1502 339 1543 id
376 1502 496 1555 quod
533 1507 745 1555 spectant,
775 1503 1196 1555 excusationemque
1227 1503 1392 1555 justam
1429 1502 1605 1550 habent,
1637 1502 1672 1542 si
1715 1501 1759 1541 in

293 1591 346 1617 ea
382 1590 481 1630 quae
513 1577 656 1616 minus
688 1577 874 1617 honesta
905 1583 1019 1627 sunt,
1050 1577 1256 1618 incidant.
1330 1577 1396 1617 At
1433 1576 1601 1617 fabellis
1634 1589 1760 1616 aures

292 1651 641 1700 accommodare,
665 1650 869 1691 mollibus
903 1658 1051 1692 autem
1087 1665 1252 1701 manus,
1280 1651 1324 1691 id
1356 1665 1443 1691 non
1475 1665 1577 1691 casu
1610 1649 1761 1702 aliquo

293 1726 563 1778 fortuitoque
586 1725 645 1774 fit,
670 1726 746 1765 sed
770 1726 917 1766 studio
939 1740 989 1766 ae
1012 1727 1067 1766 de
1090 1726 1315 1766 industria.

385 1806 439 1852 50.
475 1799 603 1841 Oculi
639 1807 798 1840 nocent
829 1814 916 1841 non
949 1800 1091 1841 solum
1124 1801 1167 1840 in
1199 1813 1403 1853 praesens,
1436 1799 1512 1840 sed
1551 1799 1683 1840 etiam
1715 1799 1759 1839 in

294 1876 512 1926 futurum5
547 1875 651 1928 quia
682 1889 824 1915 rerum
856 1889 965 1928 quas
996 1875 1239 1915 admittunt
1260 1875 1455 1924 domum,
1478 1874 1763 1914 recordantur

296 1951 430 1991 etiam
453 1955 554 2003 post
576 1950 846 1990 decennium.
888 1951 946 1990 Et
968 1950 1176 2003 quicquid
1200 1955 1265 1990 est
1287 1950 1330 1989 in
1353 1950 1501 1990 animo
1523 1948 1761 1989 formarum

297 2040 349 2067 ac
381 2031 665 2078 spectrorum,
698 2039 797 2077 quse
830 2031 931 2078 post
965 2026 1218 2066 diuturnum
1253 2030 1428 2078 tempus
1465 2038 1546 2064 nec
1581 2023 1763 2077 opinan-

297 2100 427 2150 tibus,
462 2106 537 2140 aut
571 2100 847 2153 cupientibus
881 2101 1178 2149 obversantur,
1214 2105 1359 2140 totum
1395 2099 1484 2139 sere
1521 2112 1578 2138 ex
1615 2098 1763 2148 oculis,

296 2182 374 2216 aut
409 2188 487 2228 per
522 2174 672 2215 oculos
709 2181 941 2228 acceptum
979 2181 1053 2216 est.
1119 2173 1382 2227 Gregorius,1
1419 2174 1489 2214 lib.
1525 2185 1588 2214 21.
1624 2173 1762 2213 Mon:

299 2249 551 2303 “Species,”
588 2250 740 2302 inquit,
776 2250 963 2290 “formae
998 2250 1133 2290 semel
1171 2250 1289 2290 cordi
1328 2248 1495 2302 illigata
1529 2253 1688 2297 manet,
1719 2252 1763 2288 et

296 2326 375 2364 vix
412 2325 560 2377 magni
595 2324 845 2365 luctaminis
881 2338 1014 2365 manu
1047 2323 1263 2365 solvitur.‘'
1327 2324 1387 2363 Et
1422 2322 1594 2376 planius
1626 2322 1760 2362 etiam

298 2398 507 2451 Ephrem,
533 2399 696 2438 Paraen.
723 2409 787 2451 37.
848 2398 1105 2449 “Caeterae,''
1129 2398 1282 2451 inquit,
1307 2398 1598 2437 “affectiones
1627 2402 1762 2448 atque

296 2473 650 2525 perturbationes
680 2473 815 2513 animi
838 2480 1058 2514 recentem
1082 2473 1247 2513 habent
1269 2472 1525 2512 tentationis
1547 2470 1758 2511 ardorem.

299 2546 474 2587 Bellum
516 2553 664 2588 autem
712 2548 936 2588 oculorum
978 2554 1022 2588 et
1072 2561 1275 2602 praesens,
1319 2552 1363 2587 et
1414 2547 1570 2587 absens
1612 2544 1764 2585 dolore

300 2621 454 2675 affligit
486 2623 679 2663 animam
711 2637 847 2676 prava
878 2623 1241 2676 concupiscentia,
1265 2621 1544 2662 inflammans
1566 2625 1760 2660 mentem

300 2698 345 2737 in
368 2697 411 2738 id
435 2697 553 2750 quod
577 2711 635 2737 ex
657 2698 826 2738 caeteris
849 2697 1048 2738 sensibus
1069 2697 1373 2750 planissimum
1396 2694 1560 2736 efficit.''

386 2771 446 2812 60.
481 2770 597 2824 Quia
618 2772 731 2813 oculi
754 2772 835 2826 ipsi
859 2778 1086 2812 momento
1107 2771 1349 2812 vanitatem
1370 2770 1602 2811 hauriunt:
1624 2781 1771 2822 neque

302 2846 418 2887 enim
471 2846 636 2901 aliquid
694 2847 737 2887 in
788 2860 930 2888 rerum
983 2860 1289 2900 corporearum
1343 2845 1535 2887 motibus
1587 2844 1652 2898 (ut
1701 2843 1764 2883 ait

851 2935 864 2956 ¹
888 2938 927 2970 C.
948 2945 977 2970 2.
999 2937 1040 2969 In
1068 2944 1115 2978 13.
1132 2937 1208 2979 J0b.
