1903 3197
535 145 603 191 In
636 145 854 208 Regulas
887 145 1150 193 Modestiae.
1483 149 1578 206 667

117 284 162 319 et
193 279 422 320 veritatem
460 292 559 331 quae
600 279 783 319 debetur
822 278 1018 319 humano
1059 279 1288 328 convictui,
1327 285 1371 320 et
1412 279 1577 320 famam

117 352 369 393 hominibus
404 352 662 406 plerumque
694 354 831 406 eripit.
893 354 1010 393 Tum
1042 354 1145 406 quia
1177 359 1359 406 uterque
1390 353 1579 393 similem

119 427 392 480 Reipublicae
430 427 716 479 ignominiam
754 426 891 477 affert,
921 434 1104 480 uterque
1140 427 1420 468 concordiam
1451 427 1578 477 tollit,

115 507 159 541 et
194 502 427 554 permiscet
464 501 621 541 omnia.
696 500 865 541 Idcirco
903 508 1050 542 autem
1088 503 1305 555 potiorem
1341 502 1448 542 dicit
1484 515 1579 541 esse

116 575 331 628 scriptura
352 575 502 623 furem,
528 588 661 627 quam
684 575 985 615 assiduitatem
1008 576 1085 615 viri
1109 576 1345 625 mendacis,
1368 575 1578 628 quoniam

117 649 191 701 qui
225 649 462 688 mendaciis
488 649 692 699 assuevit,
715 648 813 702 plus
834 663 953 703 saepe
985 655 1115 689 nocet
1145 650 1369 702 eripiendo
1402 649 1578 699 famam,

119 735 253 775 quam
276 722 344 762 fur
366 736 431 762 res
453 723 727 775 temporales.
791 724 975 774 Deinde,
998 724 1101 776 quia
1122 723 1194 763 ille
1216 737 1274 763 ex
1296 723 1389 763 sola
1418 724 1580 776 impro-

116 796 256 836 bitate
289 809 341 835 ac
373 795 617 848 petulantia
650 798 886 848 mentitur;
927 798 994 838 fur
1030 803 1179 837 autem
1214 811 1271 837 ex
1307 797 1457 850 inopia
1490 797 1579 837 fere

118 876 282 922 peccat.
352 870 460 910 Ideo
504 870 623 911 Prov.
660 871 696 911 6.
732 871 914 912 dicitur:
947 872 1084 912 “Non
1127 872 1306 924 grandis
1349 879 1415 911 est
1450 871 1579 924 culpa

119 956 220 983 cum
267 944 364 996 quis
415 944 581 984 furatus
632 945 785 986 fuerit:
836 945 1001 986 furatur
1046 946 1174 995 enim,
1217 952 1265 986 ut
1316 945 1579 985 esurientem

119 1017 302 1070 impleat
332 1019 563 1060 animam.''
625 1019 757 1072 Quod
789 1034 913 1060 secus
945 1021 1104 1060 accidit
1134 1021 1178 1060 in
1211 1020 1452 1060 mendacio,

204 1092 305 1144 Jam
352 1092 575 1133 simulatio
631 1107 807 1146 quoque
856 1094 1044 1134 finitima
1089 1095 1320 1135 mendacio
1371 1101 1447 1143 est,
1490 1094 1580 1134 imo

120 1166 338 1206 mendacii
385 1180 555 1219 parens,
597 1173 645 1207 ut
685 1168 747 1208 ait
789 1167 1021 1218 Climaeus,
1062 1182 1123 1221 gr.
1164 1180 1246 1219 12.;
1281 1182 1398 1221 saepe
1446 1169 1580 1208 etiam

121 1241 329 1280 materia:
360 1240 589 1293 “Quidam
632 1241 814 1290 autem,''
845 1249 893 1282 ut
933 1242 1004 1282 ille
1046 1244 1118 1292 ait,
1142 1243 1284 1282 “nihil
1326 1243 1443 1282 aliud
1486 1255 1581 1282 esse

122 1314 348 1364 definiunt,
391 1315 473 1354 nisi
525 1316 739 1356 mendacii
791 1317 1124 1357 meditationem
1166 1323 1299 1369 atque
1339 1316 1579 1369 opificem.’'

120 1387 406 1441 Quamquam
452 1391 626 1442 proprie
672 1390 892 1431 simulatio
935 1392 978 1431 in
1020 1391 1145 1431 factis
1186 1398 1263 1440 est,
1307 1391 1417 1430 sicut
1459 1404 1580 1430 men-

120 1463 296 1502 dacium
348 1463 391 1502 in
443 1464 600 1514 dictis;
652 1465 896 1517 eademque
947 1471 1012 1505 est
1058 1471 1191 1517 atque
1240 1464 1493 1518 hypocrisis,
1536 1471 1580 1505 et

116 1537 356 1589 opponitur
396 1538 578 1578 veritati.
661 1538 731 1578 De
771 1539 853 1579 hac
895 1539 936 1580 S.
961 1539 1118 1579 Thom.
1155 1550 1190 1580 2.
1230 1550 1264 1578 2.
1300 1539 1580 1591 Augustinus

116 1616 268 1650 tamen
312 1610 368 1650 ad
412 1610 699 1651 Consentium
741 1613 785 1652 in
827 1613 1066 1653 mendaciis
1107 1626 1204 1652 eam
1246 1619 1478 1663 numerat,
1531 1618 1580 1653 ut

119 1697 218 1724 cum
265 1684 321 1723 de
363 1684 477 1724 Petri
525 1686 805 1727 simulatione
850 1688 956 1727 dicit
996 1688 1194 1739 cogentis
1239 1693 1393 1739 gentes
1434 1686 1579 1738 judai-

117 1771 226 1798 zare.
309 1757 592 1812 Quapropter
638 1760 734 1800 haec
779 1775 955 1814 quoque
1002 1761 1203 1813 religioso
1245 1761 1336 1800 viro
1381 1761 1579 1800 maxime

119 1831 300 1872 vitanda
334 1838 426 1883 est;
464 1839 511 1873 ut
548 1834 681 1873 etiam
713 1837 927 1875 sermonis
964 1835 1239 1888 ambiguitas,
1276 1848 1375 1887 quae
1417 1834 1578 1874 idcirco

118 1906 400 1946 mendacium
451 1912 528 1957 est,
569 1909 672 1960 quia
718 1909 867 1949 animo
914 1909 1091 1949 fallendi
1138 1908 1380 1958 adhibetur,
1424 1915 1471 1949 ut
1519 1922 1578 1948 ex

116 1980 359 2034 Augustini
391 1981 590 2022 doctrina
619 1983 801 2036 planum
833 1990 908 2024 est.

206 2055 526 2105 Bonaventura,
552 2056 675 2110 Spec.
693 2058 810 2097 Disc.
830 2072 870 2111 p.
888 2069 922 2109 3.
938 2072 970 2098 6.
992 2069 1013 2109 3
1035 2075 1042 2098 :
1062 2058 1197 2098 “Non
1220 2057 1400 2108 solum‚’'
1423 2058 1576 2111 inquit,

116 2131 141 2149 ‘¹
155 2130 396 2179 mendacia,
421 2136 464 2170 et
486 2144 584 2183 quae
608 2133 840 2172 criminosa
864 2139 976 2183 sunt,
993 2147 1144 2173 verum
1173 2133 1305 2173 etiam
1335 2133 1578 2173 locutiones

118 2202 436 2256 hyperbolicas,
453 2210 497 2244 et
519 2204 665 2257 aliqua
686 2206 943 2259 duplicitate
964 2207 1190 2256 notabiles,
1214 2207 1388 2260 penitus
1402 2205 1577 2257 vitent‚''

116 2277 283 2317 scilicet
304 2278 544 2330 ambiguas.
599 2279 658 2319 Et
679 2280 723 2319 in
747 2280 855 2334 Reg.
875 2281 1021 2321 Novit.
1042 2295 1074 2321 6.
1099 2292 1158 2322 10.
1179 2298 1186 2321 :
1211 2284 1230 2300 “
1246 2280 1577 2334 DuplicitateS,’'

118 2351 273 2404 inquit,
293 2354 371 2392 “et
391 2353 690 2394 simulationes
719 2355 762 2394 in
791 2355 1012 2408 loquendo
1035 2370 1208 2409 semper
1228 2356 1384 2396 devita.
1449 2355 1577 2409 Quia,

118 2432 168 2467 ut
199 2427 304 2467 dicit
334 2427 624 2481 Augustinus,
653 2431 795 2470 omnis
831 2432 1052 2472 simulatio
1087 2439 1130 2473 et
1167 2433 1309 2472 omnis
1343 2432 1578 2486 duplicitas

117 2500 396 2541 mendacium
429 2502 556 2554 est;'’
579 2504 635 2543 ad
670 2504 967 2545 Consentium.

205 2575 363 2627 Itaque
397 2578 553 2617 merito
582 2579 756 2619 dubitat
781 2580 898 2632 apud
936 2580 1213 2620 Dorotheum
1244 2580 1332 2621 Ser.
1356 2591 1393 2633 9.
1417 2580 1576 2620 Abbas

116 2648 318 2698 Amnius,
362 2663 418 2690 an
468 2651 596 2692 liceat
637 2653 875 2706 aliquando
926 2661 1095 2695 mutare
1137 2655 1281 2704 verba,
1325 2661 1369 2695 et
1409 2656 1577 2696 variare

114 2736 390 2775 sermonem;
440 2726 774 2779 aequivocisque,
818 2734 865 2768 ut
906 2729 1142 2782 appellant,
1186 2730 1248 2769 uti
1289 2730 1574 2770 sermonibus.

115 2795 236 2836 Nam
276 2797 321 2838 hi
363 2812 537 2852 quoque
578 2800 635 2840 ad
679 2801 955 2842 mendacium
997 2809 1209 2856 spectant,
1248 2809 1293 2843 et
1332 2803 1574 2853 veritatem,

117 2884 251 2925 quam
293 2874 514 2915 societatis
555 2875 692 2915 civilis
728 2877 903 2917 tuendae
946 2890 1076 2918 causa
1118 2877 1309 2930 profiteri
1351 2878 1577 2931 debemus,
