<?xml version="1.0" encoding="UTF-8"?>
<!DOCTYPE html PUBLIC "-//W3C//DTD XHTML 1.0 Transitional//EN"
    "http://www.w3.org/TR/xhtml1/DTD/xhtml1-transitional.dtd">
<html xmlns="http://www.w3.org/1999/xhtml" xml:lang="en" lang="en">
 <head>
  <title>
</title>
<meta http-equiv="Content-Type" content="text/html;charset=utf-8" />
  <meta name='ocr-system' content='tesseract 3.04.00' />
  <meta name='ocr-capabilities' content='ocr_page ocr_carea ocr_par ocr_line ocrx_word'/>
</head>
<body>
  <div class='ocr_page' id='page_1' title='image "./nicolaiorlandini00orla_0667.png"; bbox 0 0 1903 3197; ppageno 0'>
   <div class='ocr_carea' id='block_1_1' title="bbox 555 174 1589 236">
    <p class='ocr_par' dir='ltr' id='par_1_1' title="bbox 555 174 1589 236">
     <span class='ocr_line' id='line_1_1' title="bbox 555 174 1589 236; baseline 0.004 -16"><span class='ocrx_word' id='word_1_1' title='bbox 555 174 623 220; x_wconf 86' lang='lat' dir='ltr'>ln</span> <span class='ocrx_word' id='word_1_2' title='bbox 657 174 875 234; x_wconf 74' lang='lat' dir='ltr'>Regulas</span> <span class='ocrx_word' id='word_1_3' title='bbox 909 175 1167 223; x_wconf 64' lang='lat' dir='ltr'>Modestiae.</span> <span class='ocrx_word' id='word_1_4' title='bbox 1494 179 1589 236; x_wconf 88' lang='lat'>647</span> 
     </span>
    </p>
   </div>
   <div class='ocr_carea' id='block_1_2' title="bbox 109 307 1588 2954">
    <p class='ocr_par' dir='ltr' id='par_1_2' title="bbox 117 307 1588 1102">
     <span class='ocr_line' id='line_1_2' title="bbox 122 307 1588 360; baseline 0.002 -13"><span class='ocrx_word' id='word_1_5' title='bbox 122 314 270 353; x_wconf 72' lang='lat' dir='ltr'>autem</span> <span class='ocrx_word' id='word_1_6' title='bbox 307 313 374 348; x_wconf 91' lang='lat' dir='ltr'>est</span> <span class='ocrx_word' id='word_1_7' title='bbox 410 307 656 348; x_wconf 89' lang='lat' dir='ltr'>animorum</span> <span class='ocrx_word' id='word_1_8' title='bbox 693 307 941 360; x_wconf 86' lang='lat' dir='ltr'>disjunctio,</span> <span class='ocrx_word' id='word_1_9' title='bbox 975 310 1088 349; x_wconf 89' lang='lat' dir='ltr'>inter</span> <span class='ocrx_word' id='word_1_10' title='bbox 1124 323 1199 350; x_wconf 86' lang='lat' dir='ltr'>eos</span> <span class='ocrx_word' id='word_1_11' title='bbox 1231 310 1319 350; x_wconf 87' lang='lat' dir='ltr'>sere</span> <span class='ocrx_word' id='word_1_12' title='bbox 1353 324 1441 350; x_wconf 91' lang='lat' dir='ltr'>non</span> <span class='ocrx_word' id='word_1_13' title='bbox 1476 310 1588 351; x_wconf 90' lang='lat' dir='ltr'>solet</span> 
     </span>
     <span class='ocr_line' id='line_1_3' title="bbox 122 381 1585 436; baseline 0.002 -15"><span class='ocrx_word' id='word_1_14' title='bbox 122 395 218 421; x_wconf 89' lang='lat' dir='ltr'>esse</span> <span class='ocrx_word' id='word_1_15' title='bbox 254 382 451 430; x_wconf 90' lang='lat' dir='ltr'>societas,</span> <span class='ocrx_word' id='word_1_16' title='bbox 488 381 563 421; x_wconf 91' lang='lat' dir='ltr'>sed</span> <span class='ocrx_word' id='word_1_17' title='bbox 601 381 696 434; x_wconf 89' lang='lat' dir='ltr'>ipsa</span> <span class='ocrx_word' id='word_1_18' title='bbox 732 395 908 434; x_wconf 87' lang='lat' dir='ltr'>quoque</span> <span class='ocrx_word' id='word_1_19' title='bbox 944 397 1127 436; x_wconf 90' lang='lat' dir='ltr'>corpora</span> <span class='ocrx_word' id='word_1_20' title='bbox 1160 384 1390 436; x_wconf 91' lang='lat' dir='ltr'>disjunctis</span> <span class='ocrx_word' id='word_1_21' title='bbox 1428 385 1585 424; x_wconf 89' lang='lat' dir='ltr'>animis</span> 
     </span>
     <span class='ocr_line' id='line_1_4' title="bbox 122 456 1583 510; baseline 0.003 -15"><span class='ocrx_word' id='word_1_22' title='bbox 122 456 432 496; x_wconf 85' lang='lat' dir='ltr'>distrahuntur.</span> <span class='ocrx_word' id='word_1_23' title='bbox 496 456 565 495; x_wconf 87' lang='lat' dir='ltr'>Ac</span> <span class='ocrx_word' id='word_1_24' title='bbox 602 462 834 508; x_wconf 84' lang='lat' dir='ltr'>propterea</span> <span class='ocrx_word' id='word_1_25' title='bbox 875 458 1077 510; x_wconf 86' lang='lat' dir='ltr'>discipuli</span> <span class='ocrx_word' id='word_1_26' title='bbox 1116 459 1298 499; x_wconf 86' lang='lat' dir='ltr'>Domini</span> <span class='ocrx_word' id='word_1_27' title='bbox 1335 460 1425 499; x_wconf 92' lang='lat' dir='ltr'>bini</span> <span class='ocrx_word' id='word_1_28' title='bbox 1463 460 1583 499; x_wconf 90' lang='lat' dir='ltr'>missi</span> 
     </span>
     <span class='ocr_line' id='line_1_5' title="bbox 120 529 1582 585; baseline 0.003 -16"><span class='ocrx_word' id='word_1_29' title='bbox 120 529 327 583; x_wconf 85' lang='lat' dir='ltr'>leguntur</span> <span class='ocrx_word' id='word_1_30' title='bbox 377 530 432 570; x_wconf 90' lang='lat' dir='ltr'>ad</span> <span class='ocrx_word' id='word_1_31' title='bbox 484 530 824 582; x_wconf 63' lang='lat' dir='ltr'>praedicandum.</span> <span class='ocrx_word' id='word_1_32' title='bbox 921 530 1053 583; x_wconf 76' lang='lat' dir='ltr'>Quod</span> <span class='ocrx_word' id='word_1_33' title='bbox 1105 538 1148 572; x_wconf 88' lang='lat' dir='ltr'>et</span> <span class='ocrx_word' id='word_1_34' title='bbox 1189 539 1290 585; x_wconf 92' lang='lat' dir='ltr'>post</span> <span class='ocrx_word' id='word_1_35' title='bbox 1334 533 1495 574; x_wconf 80' lang='lat' dir='ltr'>Christi</span> <span class='ocrx_word' id='word_1_36' title='bbox 1539 534 1582 573; x_wconf 89' lang='lat' dir='ltr'>in</span> 
     </span>
     <span class='ocr_line' id='line_1_6' title="bbox 121 603 1582 658; baseline 0.002 -14"><span class='ocrx_word' id='word_1_37' title='bbox 121 603 282 644; x_wconf 91' lang='lat' dir='ltr'>coelum</span> <span class='ocrx_word' id='word_1_38' title='bbox 339 617 568 644; x_wconf 90' lang='lat' dir='ltr'>ascensum</span> <span class='ocrx_word' id='word_1_39' title='bbox 625 610 852 643; x_wconf 84' lang='lat' dir='ltr'>servarunt</span> <span class='ocrx_word' id='word_1_40' title='bbox 903 604 1113 657; x_wconf 79' lang='lat' dir='ltr'>Apostoli</span> <span class='ocrx_word' id='word_1_41' title='bbox 1142 622 1149 646; x_wconf 91' lang='lat'><strong>:</strong></span> <span class='ocrx_word' id='word_1_42' title='bbox 1210 620 1325 657; x_wconf 86' lang='lat' dir='ltr'>nam,</span> <span class='ocrx_word' id='word_1_43' title='bbox 1362 607 1462 647; x_wconf 86' lang='lat' dir='ltr'>Act.</span> <span class='ocrx_word' id='word_1_44' title='bbox 1523 616 1582 658; x_wconf 82' lang='lat'>15.</span> 
     </span>
     <span class='ocr_line' id='line_1_7' title="bbox 121 678 1584 730; baseline 0.002 -12"><span class='ocrx_word' id='word_1_45' title='bbox 121 678 281 718; x_wconf 86' lang='lat' dir='ltr'>Paulus</span> <span class='ocrx_word' id='word_1_46' title='bbox 315 685 358 718; x_wconf 92' lang='lat' dir='ltr'>et</span> <span class='ocrx_word' id='word_1_47' title='bbox 395 678 620 718; x_wconf 76' lang='lat' dir='ltr'>Barnabas</span> <span class='ocrx_word' id='word_1_48' title='bbox 654 678 782 718; x_wconf 90' lang='lat' dir='ltr'>simul</span> <span class='ocrx_word' id='word_1_49' title='bbox 815 679 1005 728; x_wconf 86' lang='lat' dir='ltr'>visitant,</span> <span class='ocrx_word' id='word_1_50' title='bbox 1033 686 1076 719; x_wconf 94' lang='lat' dir='ltr'>et</span> <span class='ocrx_word' id='word_1_51' title='bbox 1114 680 1301 720; x_wconf 78' lang='lat' dir='ltr'>lustrant</span> <span class='ocrx_word' id='word_1_52' title='bbox 1336 681 1584 730; x_wconf 87' lang='lat' dir='ltr'>Ecclesias;</span> 
     </span>
     <span class='ocr_line' id='line_1_8' title="bbox 121 752 1583 806; baseline 0.002 -14"><span class='ocrx_word' id='word_1_53' title='bbox 121 753 366 805; x_wconf 89' lang='lat' dir='ltr'>eodemque</span> <span class='ocrx_word' id='word_1_54' title='bbox 388 767 480 806; x_wconf 87' lang='lat' dir='ltr'>cap.</span> <span class='ocrx_word' id='word_1_55' title='bbox 507 752 668 793; x_wconf 91' lang='lat' dir='ltr'>Paulus</span> <span class='ocrx_word' id='word_1_56' title='bbox 694 759 737 793; x_wconf 89' lang='lat' dir='ltr'>et</span> <span class='ocrx_word' id='word_1_57' title='bbox 762 753 886 802; x_wconf 81' lang='lat' dir='ltr'>Silas,</span> <span class='ocrx_word' id='word_1_58' title='bbox 906 760 949 793; x_wconf 85' lang='lat' dir='ltr'>et</span> <span class='ocrx_word' id='word_1_59' title='bbox 969 754 1108 806; x_wconf 90' lang='lat' dir='ltr'>Judas</span> <span class='ocrx_word' id='word_1_60' title='bbox 1131 761 1175 795; x_wconf 91' lang='lat' dir='ltr'>et</span> <span class='ocrx_word' id='word_1_61' title='bbox 1208 755 1322 796; x_wconf 82' lang='lat' dir='ltr'>Silas</span> <span class='ocrx_word' id='word_1_62' title='bbox 1344 757 1583 796; x_wconf 90' lang='lat' dir='ltr'>consociati</span> 
     </span>
     <span class='ocr_line' id='line_1_9' title="bbox 120 826 1580 879; baseline 0.003 -13"><span class='ocrx_word' id='word_1_63' title='bbox 120 826 335 879; x_wconf 80' lang='lat' dir='ltr'>leguntur,</span> <span class='ocrx_word' id='word_1_64' title='bbox 369 827 423 867; x_wconf 90' lang='lat' dir='ltr'>ad</span> <span class='ocrx_word' id='word_1_65' title='bbox 467 828 723 867; x_wconf 87' lang='lat' dir='ltr'>societatem</span> <span class='ocrx_word' id='word_1_66' title='bbox 773 828 975 868; x_wconf 80' lang='lat' dir='ltr'>fraternae</span> <span class='ocrx_word' id='word_1_67' title='bbox 1020 828 1245 869; x_wconf 87' lang='lat' dir='ltr'>charitatis</span> <span class='ocrx_word' id='word_1_68' title='bbox 1289 830 1580 871; x_wconf 90' lang='lat' dir='ltr'>indicandam.</span> 
     </span>
     <span class='ocr_line' id='line_1_10' title="bbox 120 901 1579 957; baseline 0.003 -17"><span class='ocrx_word' id='word_1_69' title='bbox 120 901 356 954; x_wconf 75' lang='lat' dir='ltr'>Propterea</span> <span class='ocrx_word' id='word_1_70' title='bbox 379 902 511 942; x_wconf 84' lang='lat' dir='ltr'>etiam</span> <span class='ocrx_word' id='word_1_71' title='bbox 530 902 809 954; x_wconf 76' lang='lat' dir='ltr'>Augustinus</span> <span class='ocrx_word' id='word_1_72' title='bbox 834 903 875 942; x_wconf 90' lang='lat' dir='ltr'>in</span> <span class='ocrx_word' id='word_1_73' title='bbox 900 903 1059 955; x_wconf 77' lang='lat' dir='ltr'>regulis</span> <span class='ocrx_word' id='word_1_74' title='bbox 1084 903 1416 952; x_wconf 88' lang='lat' dir='ltr'>Monachorum,</span> <span class='ocrx_word' id='word_1_75' title='bbox 1437 918 1521 957; x_wconf 76' lang='lat' dir='ltr'>reg.</span> <span class='ocrx_word' id='word_1_76' title='bbox 1546 916 1579 955; x_wconf 83' lang='lat'>3.</span> 
     </span>
     <span class='ocr_line' id='line_1_11' title="bbox 118 974 1581 1029; baseline 0.003 -15"><span class='ocrx_word' id='word_1_77' title='bbox 118 975 180 1014; x_wconf 91' lang='lat' dir='ltr'>sic</span> <span class='ocrx_word' id='word_1_78' title='bbox 231 990 306 1015; x_wconf 89' lang='lat' dir='ltr'>eos</span> <span class='ocrx_word' id='word_1_79' title='bbox 357 982 535 1016; x_wconf 88' lang='lat' dir='ltr'>monet:</span> <span class='ocrx_word' id='word_1_80' title='bbox 590 974 821 1028; x_wconf 77' lang='lat' dir='ltr'>“Quando</span> <span class='ocrx_word' id='word_1_81' title='bbox 867 977 1114 1029; x_wconf 80' lang='lat' dir='ltr'>proceditiS,</span> <span class='ocrx_word' id='word_1_82' title='bbox 1158 978 1287 1018; x_wconf 91' lang='lat' dir='ltr'>simul</span> <span class='ocrx_word' id='word_1_83' title='bbox 1330 979 1581 1029; x_wconf 86' lang='lat' dir='ltr'>ambulate;</span> 
     </span>
     <span class='ocr_line' id='line_1_12' title="bbox 117 1050 1056 1102; baseline 0.001 -13"><span class='ocrx_word' id='word_1_84' title='bbox 117 1063 217 1089; x_wconf 87' lang='lat' dir='ltr'>eum</span> <span class='ocrx_word' id='word_1_85' title='bbox 250 1050 467 1098; x_wconf 87' lang='lat' dir='ltr'>veneritis,</span> <span class='ocrx_word' id='word_1_86' title='bbox 501 1063 588 1102; x_wconf 91' lang='lat' dir='ltr'>quo</span> <span class='ocrx_word' id='word_1_87' title='bbox 623 1051 704 1098; x_wconf 87' lang='lat' dir='ltr'>itis,</span> <span class='ocrx_word' id='word_1_88' title='bbox 739 1050 867 1090; x_wconf 90' lang='lat' dir='ltr'>simul</span> <span class='ocrx_word' id='word_1_89' title='bbox 906 1051 1056 1091; x_wconf 89' lang='lat' dir='ltr'>state.&#39;’</span> 
     </span>
    </p>

    <p class='ocr_par' dir='ltr' id='par_1_3' title="bbox 109 1124 1584 2585">
     <span class='ocr_line' id='line_1_13' title="bbox 207 1124 1580 1178; baseline 0.003 -15"><span class='ocrx_word' id='word_1_90' title='bbox 207 1130 261 1174; x_wconf 83' lang='lat'>30.</span> <span class='ocrx_word' id='word_1_91' title='bbox 335 1124 411 1163; x_wconf 81' lang='lat' dir='ltr'>Ad</span> <span class='ocrx_word' id='word_1_92' title='bbox 473 1124 806 1176; x_wconf 75' lang='lat' dir='ltr'>significandam</span> <span class='ocrx_word' id='word_1_93' title='bbox 881 1126 1290 1178; x_wconf 63' lang='lat' dir='ltr'>ostendendumque</span> <span class='ocrx_word' id='word_1_94' title='bbox 1366 1127 1580 1167; x_wconf 88' lang='lat' dir='ltr'>rationem</span> 
     </span>
     <span class='ocr_line' id='line_1_14' title="bbox 117 1197 1583 1253; baseline 0.003 -16"><span class='ocrx_word' id='word_1_95' title='bbox 117 1197 372 1238; x_wconf 68' lang='lat' dir='ltr'>domesticae</span> <span class='ocrx_word' id='word_1_96' title='bbox 406 1198 649 1251; x_wconf 80' lang='lat' dir='ltr'>disciplinae</span> <span class='ocrx_word' id='word_1_97' title='bbox 687 1205 779 1238; x_wconf 88' lang='lat' dir='ltr'>tum</span> <span class='ocrx_word' id='word_1_98' title='bbox 818 1200 1075 1248; x_wconf 87' lang='lat' dir='ltr'>communis,</span> <span class='ocrx_word' id='word_1_99' title='bbox 1111 1206 1204 1240; x_wconf 93' lang='lat' dir='ltr'>tum</span> <span class='ocrx_word' id='word_1_100' title='bbox 1241 1201 1583 1253; x_wconf 87' lang='lat' dir='ltr'>uniuscujusque</span> 
     </span>
     <span class='ocr_line' id='line_1_15' title="bbox 116 1272 1578 1326; baseline 0.002 -15"><span class='ocrx_word' id='word_1_101' title='bbox 116 1272 283 1323; x_wconf 86' lang='lat' dir='ltr'>privati,</span> <span class='ocrx_word' id='word_1_102' title='bbox 309 1286 407 1324; x_wconf 58' lang='lat' dir='ltr'>quae</span> <span class='ocrx_word' id='word_1_103' title='bbox 438 1273 481 1312; x_wconf 91' lang='lat' dir='ltr'>in</span> <span class='ocrx_word' id='word_1_104' title='bbox 511 1273 663 1312; x_wconf 83' lang='lat' dir='ltr'>ordine</span> <span class='ocrx_word' id='word_1_105' title='bbox 693 1273 890 1312; x_wconf 77' lang='lat' dir='ltr'>maxime</span> <span class='ocrx_word' id='word_1_106' title='bbox 922 1274 1135 1313; x_wconf 88' lang='lat' dir='ltr'>cernitur:</span> <span class='ocrx_word' id='word_1_107' title='bbox 1168 1275 1438 1326; x_wconf 83' lang='lat' dir='ltr'>perturbatio</span> <span class='ocrx_word' id='word_1_108' title='bbox 1462 1275 1578 1314; x_wconf 88' lang='lat' dir='ltr'>enim</span> 
     </span>
     <span class='ocr_line' id='line_1_16' title="bbox 115 1346 1580 1400; baseline 0.002 -15"><span class='ocrx_word' id='word_1_109' title='bbox 115 1346 279 1386; x_wconf 88' lang='lat' dir='ltr'>ordinis</span> <span class='ocrx_word' id='word_1_110' title='bbox 321 1347 487 1386; x_wconf 89' lang='lat' dir='ltr'>indicat</span> <span class='ocrx_word' id='word_1_111' title='bbox 529 1361 615 1386; x_wconf 89' lang='lat' dir='ltr'>non</span> <span class='ocrx_word' id='word_1_112' title='bbox 659 1361 753 1386; x_wconf 88' lang='lat' dir='ltr'>esse</span> <span class='ocrx_word' id='word_1_113' title='bbox 799 1353 965 1386; x_wconf 90' lang='lat' dir='ltr'>certum</span> <span class='ocrx_word' id='word_1_114' title='bbox 1008 1354 1231 1396; x_wconf 88' lang='lat' dir='ltr'>rectorem,</span> <span class='ocrx_word' id='word_1_115' title='bbox 1275 1349 1349 1400; x_wconf 92' lang='lat' dir='ltr'>qui</span> <span class='ocrx_word' id='word_1_116' title='bbox 1401 1349 1580 1388; x_wconf 84' lang='lat' dir='ltr'>familiae</span> 
     </span>
     <span class='ocr_line' id='line_1_17' title="bbox 114 1420 1580 1473; baseline 0.002 -14"><span class='ocrx_word' id='word_1_117' title='bbox 114 1420 371 1460; x_wconf 82' lang='lat' dir='ltr'>domesticae</span> <span class='ocrx_word' id='word_1_118' title='bbox 401 1421 570 1460; x_wconf 89' lang='lat' dir='ltr'>ratione</span> <span class='ocrx_word' id='word_1_119' title='bbox 599 1421 757 1473; x_wconf 64' lang='lat' dir='ltr'>praesit.</span> <span class='ocrx_word' id='word_1_120' title='bbox 823 1421 988 1461; x_wconf 83' lang='lat' dir='ltr'>Contra</span> <span class='ocrx_word' id='word_1_121' title='bbox 1011 1435 1109 1461; x_wconf 86' lang='lat' dir='ltr'>cum</span> <span class='ocrx_word' id='word_1_122' title='bbox 1133 1422 1239 1461; x_wconf 87' lang='lat' dir='ltr'>ordo</span> <span class='ocrx_word' id='word_1_123' title='bbox 1262 1428 1405 1462; x_wconf 88' lang='lat' dir='ltr'>certus</span> <span class='ocrx_word' id='word_1_124' title='bbox 1427 1422 1580 1462; x_wconf 88' lang='lat' dir='ltr'>elucet.</span> 
     </span>
     <span class='ocr_line' id='line_1_18' title="bbox 117 1492 1582 1547; baseline 0.001 -14"><span class='ocrx_word' id='word_1_125' title='bbox 117 1492 190 1533; x_wconf 84' lang='lat' dir='ltr'>Sic</span> <span class='ocrx_word' id='word_1_126' title='bbox 232 1494 275 1533; x_wconf 91' lang='lat' dir='ltr'>in</span> <span class='ocrx_word' id='word_1_127' title='bbox 318 1494 427 1534; x_wconf 89' lang='lat' dir='ltr'>aulis</span> <span class='ocrx_word' id='word_1_128' title='bbox 469 1508 567 1534; x_wconf 88' lang='lat' dir='ltr'>eum</span> <span class='ocrx_word' id='word_1_129' title='bbox 614 1495 760 1547; x_wconf 87' lang='lat' dir='ltr'>prodit</span> <span class='ocrx_word' id='word_1_130' title='bbox 813 1495 914 1535; x_wconf 79' lang='lat' dir='ltr'>Rex</span> <span class='ocrx_word' id='word_1_131' title='bbox 959 1495 1186 1547; x_wconf 88' lang='lat' dir='ltr'>(quoniam</span> <span class='ocrx_word' id='word_1_132' title='bbox 1229 1496 1360 1547; x_wconf 63' lang='lat' dir='ltr'>regiae</span> <span class='ocrx_word' id='word_1_133' title='bbox 1403 1496 1582 1536; x_wconf 81' lang='lat' dir='ltr'>familiae</span> 
     </span>
     <span class='ocr_line' id='line_1_19' title="bbox 115 1567 1582 1621; baseline 0.001 -14"><span class='ocrx_word' id='word_1_134' title='bbox 115 1567 284 1607; x_wconf 88' lang='lat' dir='ltr'>ratione</span> <span class='ocrx_word' id='word_1_135' title='bbox 326 1582 376 1608; x_wconf 90' lang='lat' dir='ltr'>ac</span> <span class='ocrx_word' id='word_1_136' title='bbox 418 1568 651 1621; x_wconf 85' lang='lat' dir='ltr'>disciplina</span> <span class='ocrx_word' id='word_1_137' title='bbox 688 1568 912 1620; x_wconf 79' lang='lat' dir='ltr'>reguntur)</span> <span class='ocrx_word' id='word_1_138' title='bbox 952 1569 1103 1608; x_wconf 86' lang='lat' dir='ltr'>ordine</span> <span class='ocrx_word' id='word_1_139' title='bbox 1140 1570 1335 1621; x_wconf 90' lang='lat' dir='ltr'>quodam</span> <span class='ocrx_word' id='word_1_140' title='bbox 1373 1583 1423 1609; x_wconf 93' lang='lat' dir='ltr'>ac</span> <span class='ocrx_word' id='word_1_141' title='bbox 1461 1571 1582 1619; x_wconf 88' lang='lat' dir='ltr'>serie,</span> 
     </span>
     <span class='ocr_line' id='line_1_20' title="bbox 115 1641 1584 1696; baseline 0.001 -15"><span class='ocrx_word' id='word_1_142' title='bbox 115 1641 356 1682; x_wconf 88' lang='lat' dir='ltr'>aulicorum</span> <span class='ocrx_word' id='word_1_143' title='bbox 379 1643 577 1695; x_wconf 83' lang='lat' dir='ltr'>procedit</span> <span class='ocrx_word' id='word_1_144' title='bbox 606 1656 776 1695; x_wconf 78' lang='lat' dir='ltr'>agmen.</span> <span class='ocrx_word' id='word_1_145' title='bbox 843 1643 1045 1695; x_wconf 88' lang='lat' dir='ltr'>Itemque</span> <span class='ocrx_word' id='word_1_146' title='bbox 1075 1643 1376 1696; x_wconf 78' lang='lat' dir='ltr'>religiosorum</span> <span class='ocrx_word' id='word_1_147' title='bbox 1404 1644 1584 1684; x_wconf 82' lang='lat' dir='ltr'>familiae</span> 
     </span>
     <span class='ocr_line' id='line_1_21' title="bbox 116 1716 1579 1770; baseline 0.002 -15"><span class='ocrx_word' id='word_1_148' title='bbox 116 1729 215 1755; x_wconf 88' lang='lat' dir='ltr'>cum</span> <span class='ocrx_word' id='word_1_149' title='bbox 234 1716 289 1756; x_wconf 91' lang='lat' dir='ltr'>ad</span> <span class='ocrx_word' id='word_1_150' title='bbox 313 1717 653 1769; x_wconf 83' lang='lat' dir='ltr'>supplicationes</span> <span class='ocrx_word' id='word_1_151' title='bbox 676 1716 874 1769; x_wconf 86' lang='lat' dir='ltr'>publicas</span> <span class='ocrx_word' id='word_1_152' title='bbox 892 1718 1121 1770; x_wconf 83' lang='lat' dir='ltr'>prodeunt,</span> <span class='ocrx_word' id='word_1_153' title='bbox 1139 1718 1336 1758; x_wconf 91' lang='lat' dir='ltr'>ordinem</span> <span class='ocrx_word' id='word_1_154' title='bbox 1356 1719 1579 1770; x_wconf 83' lang='lat' dir='ltr'>quendam</span> 
     </span>
     <span class='ocr_line' id='line_1_22' title="bbox 115 1789 1576 1843; baseline 0.002 -14"><span class='ocrx_word' id='word_1_155' title='bbox 115 1789 385 1842; x_wconf 89' lang='lat' dir='ltr'>modumque</span> <span class='ocrx_word' id='word_1_156' title='bbox 419 1796 581 1839; x_wconf 89' lang='lat' dir='ltr'>tenent,</span> <span class='ocrx_word' id='word_1_157' title='bbox 606 1797 654 1830; x_wconf 91' lang='lat' dir='ltr'>ut</span> <span class='ocrx_word' id='word_1_158' title='bbox 687 1791 777 1830; x_wconf 92' lang='lat' dir='ltr'>bini</span> <span class='ocrx_word' id='word_1_159' title='bbox 806 1791 1056 1843; x_wconf 85' lang='lat' dir='ltr'>procedant.</span> <span class='ocrx_word' id='word_1_160' title='bbox 1122 1792 1181 1831; x_wconf 87' lang='lat' dir='ltr'>Et</span> <span class='ocrx_word' id='word_1_161' title='bbox 1211 1792 1420 1832; x_wconf 87' lang='lat' dir='ltr'>militares</span> <span class='ocrx_word' id='word_1_162' title='bbox 1450 1793 1576 1841; x_wconf 88' lang='lat' dir='ltr'>acies,</span> 
     </span>
     <span class='ocr_line' id='line_1_23' title="bbox 114 1864 1578 1919; baseline 0.002 -16"><span class='ocrx_word' id='word_1_163' title='bbox 114 1864 324 1915; x_wconf 89' lang='lat' dir='ltr'>quoniam</span> <span class='ocrx_word' id='word_1_164' title='bbox 350 1865 632 1917; x_wconf 86' lang='lat' dir='ltr'>Imperatoris</span> <span class='ocrx_word' id='word_1_165' title='bbox 656 1878 705 1903; x_wconf 89' lang='lat' dir='ltr'>ac</span> <span class='ocrx_word' id='word_1_166' title='bbox 730 1864 866 1904; x_wconf 83' lang='lat' dir='ltr'>Ducis</span> <span class='ocrx_word' id='word_1_167' title='bbox 890 1871 996 1904; x_wconf 89' lang='lat' dir='ltr'>nutu</span> <span class='ocrx_word' id='word_1_168' title='bbox 1020 1865 1248 1914; x_wconf 83' lang='lat' dir='ltr'>ducuntur,</span> <span class='ocrx_word' id='word_1_169' title='bbox 1273 1867 1378 1918; x_wconf 82' lang='lat' dir='ltr'>ipsae</span> <span class='ocrx_word' id='word_1_170' title='bbox 1401 1880 1578 1919; x_wconf 91' lang='lat' dir='ltr'>quoque</span> 
     </span>
     <span class='ocr_line' id='line_1_24' title="bbox 115 1939 1576 1994; baseline 0.003 -17"><span class='ocrx_word' id='word_1_171' title='bbox 115 1939 312 1978; x_wconf 90' lang='lat' dir='ltr'>ordinem</span> <span class='ocrx_word' id='word_1_172' title='bbox 350 1945 525 1978; x_wconf 84' lang='lat' dir='ltr'>servant</span> <span class='ocrx_word' id='word_1_173' title='bbox 560 1953 585 1978; x_wconf 92' lang='lat' dir='ltr'>a</span> <span class='ocrx_word' id='word_1_174' title='bbox 619 1939 744 1978; x_wconf 89' lang='lat' dir='ltr'>Duce</span> <span class='ocrx_word' id='word_1_175' title='bbox 781 1940 1094 1991; x_wconf 66' lang='lat' dir='ltr'>przescriptum.</span> <span class='ocrx_word' id='word_1_176' title='bbox 1160 1940 1279 1992; x_wconf 80' lang='lat' dir='ltr'>Ergo</span> <span class='ocrx_word' id='word_1_177' title='bbox 1314 1948 1361 1980; x_wconf 91' lang='lat' dir='ltr'>ut</span> <span class='ocrx_word' id='word_1_178' title='bbox 1395 1941 1576 1994; x_wconf 88' lang='lat' dir='ltr'>planum</span> 
     </span>
     <span class='ocr_line' id='line_1_25' title="bbox 113 2011 1576 2068; baseline 0.002 -16"><span class='ocrx_word' id='word_1_179' title='bbox 113 2011 366 2053; x_wconf 84' lang='lat' dir='ltr'>hominibus</span> <span class='ocrx_word' id='word_1_180' title='bbox 408 2012 483 2053; x_wconf 76' lang='lat' dir='ltr'>fiat</span> <span class='ocrx_word' id='word_1_181' title='bbox 524 2027 619 2053; x_wconf 89' lang='lat' dir='ltr'>esse</span> <span class='ocrx_word' id='word_1_182' title='bbox 663 2014 705 2052; x_wconf 93' lang='lat' dir='ltr'>in</span> <span class='ocrx_word' id='word_1_183' title='bbox 748 2013 1048 2065; x_wconf 80' lang='lat' dir='ltr'>religiosorum</span> <span class='ocrx_word' id='word_1_184' title='bbox 1092 2013 1257 2054; x_wconf 86' lang='lat' dir='ltr'>familia</span> <span class='ocrx_word' id='word_1_185' title='bbox 1299 2015 1576 2068; x_wconf 89' lang='lat' dir='ltr'>disciplinam</span> 
     </span>
     <span class='ocr_line' id='line_1_26' title="bbox 113 2087 1574 2139; baseline 0.003 -13"><span class='ocrx_word' id='word_1_186' title='bbox 113 2087 339 2139; x_wconf 89' lang='lat' dir='ltr'>quandam</span> <span class='ocrx_word' id='word_1_187' title='bbox 382 2088 545 2127; x_wconf 88' lang='lat' dir='ltr'>ordinis</span> <span class='ocrx_word' id='word_1_188' title='bbox 588 2102 637 2127; x_wconf 90' lang='lat' dir='ltr'>ac</span> <span class='ocrx_word' id='word_1_189' title='bbox 690 2088 914 2136; x_wconf 85' lang='lat' dir='ltr'>rationem,</span> <span class='ocrx_word' id='word_1_190' title='bbox 959 2101 1136 2128; x_wconf 87' lang='lat' dir='ltr'>necesse</span> <span class='ocrx_word' id='word_1_191' title='bbox 1187 2095 1262 2137; x_wconf 89' lang='lat' dir='ltr'>est,</span> <span class='ocrx_word' id='word_1_192' title='bbox 1302 2096 1348 2129; x_wconf 91' lang='lat' dir='ltr'>ut</span> <span class='ocrx_word' id='word_1_193' title='bbox 1390 2104 1489 2130; x_wconf 90' lang='lat' dir='ltr'>eum</span> <span class='ocrx_word' id='word_1_194' title='bbox 1532 2091 1574 2129; x_wconf 92' lang='lat' dir='ltr'>in</span> 
     </span>
     <span class='ocr_line' id='line_1_27' title="bbox 112 2161 1578 2216; baseline 0.003 -16"><span class='ocrx_word' id='word_1_195' title='bbox 112 2161 317 2201; x_wconf 87' lang='lat' dir='ltr'>omnibus</span> <span class='ocrx_word' id='word_1_196' title='bbox 350 2162 544 2201; x_wconf 78' lang='lat' dir='ltr'>externis</span> <span class='ocrx_word' id='word_1_197' title='bbox 578 2162 834 2210; x_wconf 51' lang='lat' dir='ltr'>actionibus</span> <span class='ocrx_word' id='word_1_198' title='bbox 859 2168 952 2201; x_wconf 90' lang='lat' dir='ltr'>tum</span> <span class='ocrx_word' id='word_1_199' title='bbox 986 2162 1028 2201; x_wconf 92' lang='lat' dir='ltr'>in</span> <span class='ocrx_word' id='word_1_200' title='bbox 1061 2163 1272 2202; x_wconf 89' lang='lat' dir='ltr'>comitatu</span> <span class='ocrx_word' id='word_1_201' title='bbox 1307 2177 1578 2216; x_wconf 89' lang='lat' dir='ltr'>numeroque</span> 
     </span>
     <span class='ocr_line' id='line_1_28' title="bbox 112 2234 1574 2290; baseline 0.003 -16"><span class='ocrx_word' id='word_1_202' title='bbox 112 2234 409 2275; x_wconf 87' lang='lat' dir='ltr'>incedentium</span> <span class='ocrx_word' id='word_1_203' title='bbox 448 2235 630 2275; x_wconf 86' lang='lat' dir='ltr'>fratrum</span> <span class='ocrx_word' id='word_1_204' title='bbox 673 2236 781 2275; x_wconf 90' lang='lat' dir='ltr'>ordo</span> <span class='ocrx_word' id='word_1_205' title='bbox 819 2242 1020 2275; x_wconf 84' lang='lat' dir='ltr'>servetur.</span> <span class='ocrx_word' id='word_1_206' title='bbox 1098 2236 1231 2276; x_wconf 83' lang='lat' dir='ltr'>Adde</span> <span class='ocrx_word' id='word_1_207' title='bbox 1273 2238 1416 2286; x_wconf 89' lang='lat' dir='ltr'>etiam,</span> <span class='ocrx_word' id='word_1_208' title='bbox 1456 2239 1574 2290; x_wconf 89' lang='lat' dir='ltr'>quod</span> 
     </span>
     <span class='ocr_line' id='line_1_29' title="bbox 109 2309 1575 2362; baseline 0.003 -14"><span class='ocrx_word' id='word_1_209' title='bbox 109 2309 219 2348; x_wconf 93' lang='lat' dir='ltr'>ordo</span> <span class='ocrx_word' id='word_1_210' title='bbox 242 2309 432 2349; x_wconf 91' lang='lat' dir='ltr'>ordinati</span> <span class='ocrx_word' id='word_1_211' title='bbox 455 2310 588 2349; x_wconf 90' lang='lat' dir='ltr'>animi</span> <span class='ocrx_word' id='word_1_212' title='bbox 613 2310 785 2362; x_wconf 77' lang='lat' dir='ltr'>signum</span> <span class='ocrx_word' id='word_1_213' title='bbox 810 2316 876 2349; x_wconf 93' lang='lat' dir='ltr'>est</span> <span class='ocrx_word' id='word_1_214' title='bbox 897 2324 905 2359; x_wconf 89' lang='lat'>;</span> <span class='ocrx_word' id='word_1_215' title='bbox 938 2316 985 2349; x_wconf 88' lang='lat' dir='ltr'>ut</span> <span class='ocrx_word' id='word_1_216' title='bbox 1007 2316 1159 2350; x_wconf 84' lang='lat' dir='ltr'>contra</span> <span class='ocrx_word' id='word_1_217' title='bbox 1182 2312 1417 2352; x_wconf 89' lang='lat' dir='ltr'>inordinati</span> <span class='ocrx_word' id='word_1_218' title='bbox 1441 2313 1575 2352; x_wconf 89' lang='lat' dir='ltr'>animi</span> 
     </span>
     <span class='ocr_line' id='line_1_30' title="bbox 110 2383 1578 2436; baseline 0.003 -13"><span class='ocrx_word' id='word_1_219' title='bbox 110 2383 285 2435; x_wconf 79' lang='lat' dir='ltr'>signum</span> <span class='ocrx_word' id='word_1_220' title='bbox 321 2390 396 2433; x_wconf 84' lang='lat' dir='ltr'>est,</span> <span class='ocrx_word' id='word_1_221' title='bbox 426 2385 469 2424; x_wconf 91' lang='lat' dir='ltr'>in</span> <span class='ocrx_word' id='word_1_222' title='bbox 505 2385 795 2424; x_wconf 79' lang='lat' dir='ltr'>exterioribus</span> <span class='ocrx_word' id='word_1_223' title='bbox 828 2385 1025 2425; x_wconf 88' lang='lat' dir='ltr'>ordinem</span> <span class='ocrx_word' id='word_1_224' title='bbox 1060 2399 1147 2425; x_wconf 90' lang='lat' dir='ltr'>non</span> <span class='ocrx_word' id='word_1_225' title='bbox 1180 2400 1339 2436; x_wconf 85' lang='lat' dir='ltr'>curare,</span> <span class='ocrx_word' id='word_1_226' title='bbox 1374 2388 1485 2427; x_wconf 88' lang='lat' dir='ltr'>sicut</span> <span class='ocrx_word' id='word_1_227' title='bbox 1517 2389 1578 2428; x_wconf 90' lang='lat' dir='ltr'>ait</span> 
     </span>
     <span class='ocr_line' id='line_1_31' title="bbox 111 2457 1574 2515; baseline 0.004 -19"><span class='ocrx_word' id='word_1_228' title='bbox 111 2457 433 2507; x_wconf 85' lang='lat' dir='ltr'>Bonaventura,</span> <span class='ocrx_word' id='word_1_229' title='bbox 455 2458 578 2512; x_wconf 80' lang='lat' dir='ltr'>Spec.</span> <span class='ocrx_word' id='word_1_230' title='bbox 600 2459 717 2499; x_wconf 88' lang='lat' dir='ltr'>Dise.</span> <span class='ocrx_word' id='word_1_231' title='bbox 735 2470 770 2498; x_wconf 87' lang='lat'>2.</span> <span class='ocrx_word' id='word_1_232' title='bbox 787 2474 819 2500; x_wconf 90' lang='lat' dir='ltr'>c.</span> <span class='ocrx_word' id='word_1_233' title='bbox 843 2471 856 2498; x_wconf 92' lang='lat'><em>1</em></span> <span class='ocrx_word' id='word_1_234' title='bbox 872 2471 901 2498; x_wconf 93' lang='lat'>1.</span> <span class='ocrx_word' id='word_1_235' title='bbox 942 2459 1001 2499; x_wconf 81' lang='lat' dir='ltr'>Et</span> <span class='ocrx_word' id='word_1_236' title='bbox 1023 2459 1104 2499; x_wconf 89' lang='lat' dir='ltr'>hoc</span> <span class='ocrx_word' id='word_1_237' title='bbox 1127 2462 1316 2513; x_wconf 89' lang='lat' dir='ltr'>pertinet</span> <span class='ocrx_word' id='word_1_238' title='bbox 1339 2463 1393 2502; x_wconf 90' lang='lat' dir='ltr'>ad</span> <span class='ocrx_word' id='word_1_239' title='bbox 1417 2463 1574 2515; x_wconf 88' lang='lat' dir='ltr'>discip-</span> 
     </span>
     <span class='ocr_line' id='line_1_32' title="bbox 109 2529 684 2585; baseline 0.005 -16"><span class='ocrx_word' id='word_1_240' title='bbox 109 2529 246 2570; x_wconf 90' lang='lat' dir='ltr'>linam</span> <span class='ocrx_word' id='word_1_241' title='bbox 277 2532 487 2585; x_wconf 89' lang='lat' dir='ltr'>cujusque</span> <span class='ocrx_word' id='word_1_242' title='bbox 518 2534 684 2585; x_wconf 88' lang='lat' dir='ltr'>privati.</span> 
     </span>
    </p>

    <p class='ocr_par' dir='ltr' id='par_1_4' title="bbox 110 2605 1578 2954">
     <span class='ocr_line' id='line_1_33' title="bbox 196 2605 1577 2661; baseline 0.004 -16"><span class='ocrx_word' id='word_1_243' title='bbox 196 2611 254 2655; x_wconf 85' lang='lat'>40.</span> <span class='ocrx_word' id='word_1_244' title='bbox 303 2605 379 2645; x_wconf 85' lang='lat' dir='ltr'>Ad</span> <span class='ocrx_word' id='word_1_245' title='bbox 423 2613 626 2647; x_wconf 90' lang='lat' dir='ltr'>mutuum</span> <span class='ocrx_word' id='word_1_246' title='bbox 669 2607 883 2647; x_wconf 78' lang='lat' dir='ltr'>auxilium</span> <span class='ocrx_word' id='word_1_247' title='bbox 921 2614 963 2647; x_wconf 91' lang='lat' dir='ltr'>et</span> <span class='ocrx_word' id='word_1_248' title='bbox 1005 2608 1222 2648; x_wconf 88' lang='lat' dir='ltr'>solatium.</span> <span class='ocrx_word' id='word_1_249' title='bbox 1287 2609 1403 2661; x_wconf 75' lang='lat' dir='ltr'>Quia</span> <span class='ocrx_word' id='word_1_250' title='bbox 1445 2611 1577 2651; x_wconf 85' lang='lat' dir='ltr'>frater</span> 
     </span>
     <span class='ocr_line' id='line_1_34' title="bbox 110 2678 1577 2733; baseline 0.004 -15"><span class='ocrx_word' id='word_1_251' title='bbox 110 2678 290 2719; x_wconf 87' lang='lat' dir='ltr'>fratrem</span> <span class='ocrx_word' id='word_1_252' title='bbox 347 2679 537 2732; x_wconf 88' lang='lat' dir='ltr'>adjuvat,</span> <span class='ocrx_word' id='word_1_253' title='bbox 592 2682 761 2733; x_wconf 89' lang='lat' dir='ltr'>sibique</span> <span class='ocrx_word' id='word_1_254' title='bbox 821 2682 909 2721; x_wconf 91' lang='lat' dir='ltr'>duo</span> <span class='ocrx_word' id='word_1_255' title='bbox 970 2683 1174 2722; x_wconf 87' lang='lat' dir='ltr'>custodes</span> <span class='ocrx_word' id='word_1_256' title='bbox 1231 2684 1416 2724; x_wconf 88' lang='lat' dir='ltr'>invicem</span> <span class='ocrx_word' id='word_1_257' title='bbox 1474 2691 1577 2724; x_wconf 89' lang='lat' dir='ltr'>sunt</span> 
     </span>
     <span class='ocr_line' id='line_1_35' title="bbox 112 2755 1576 2811; baseline 0.004 -19"><span class='ocrx_word' id='word_1_258' title='bbox 112 2766 375 2806; x_wconf 91' lang='lat' dir='ltr'>quocunque</span> <span class='ocrx_word' id='word_1_259' title='bbox 426 2755 762 2807; x_wconf 79' lang='lat' dir='ltr'>ingrediuntur:</span> <span class='ocrx_word' id='word_1_260' title='bbox 824 2769 878 2795; x_wconf 92' lang='lat' dir='ltr'>ne</span> <span class='ocrx_word' id='word_1_261' title='bbox 929 2763 1004 2796; x_wconf 89' lang='lat' dir='ltr'>aut</span> <span class='ocrx_word' id='word_1_262' title='bbox 1055 2757 1098 2796; x_wconf 87' lang='lat' dir='ltr'>in</span> <span class='ocrx_word' id='word_1_263' title='bbox 1152 2758 1299 2797; x_wconf 91' lang='lat' dir='ltr'>animo</span> <span class='ocrx_word' id='word_1_264' title='bbox 1350 2759 1576 2811; x_wconf 87' lang='lat' dir='ltr'>patiantur</span> 
     </span>
     <span class='ocr_line' id='line_1_36' title="bbox 111 2826 1575 2882; baseline 0.004 -16"><span class='ocrx_word' id='word_1_265' title='bbox 111 2826 288 2879; x_wconf 88' lang='lat' dir='ltr'>aliquid,</span> <span class='ocrx_word' id='word_1_266' title='bbox 327 2828 361 2867; x_wconf 88' lang='lat' dir='ltr'>si</span> <span class='ocrx_word' id='word_1_267' title='bbox 400 2841 474 2868; x_wconf 88' lang='lat' dir='ltr'>eos</span> <span class='ocrx_word' id='word_1_268' title='bbox 511 2828 658 2881; x_wconf 91' lang='lat' dir='ltr'>aliquo</span> <span class='ocrx_word' id='word_1_269' title='bbox 700 2830 874 2869; x_wconf 79' lang='lat' dir='ltr'>daemon</span> <span class='ocrx_word' id='word_1_270' title='bbox 912 2837 1094 2870; x_wconf 90' lang='lat' dir='ltr'>conetur</span> <span class='ocrx_word' id='word_1_271' title='bbox 1127 2832 1372 2882; x_wconf 76' lang='lat' dir='ltr'>abducere3</span> <span class='ocrx_word' id='word_1_272' title='bbox 1419 2839 1495 2872; x_wconf 91' lang='lat' dir='ltr'>aut</span> <span class='ocrx_word' id='word_1_273' title='bbox 1533 2833 1575 2872; x_wconf 92' lang='lat' dir='ltr'>in</span> 
     </span>
     <span class='ocr_line' id='line_1_37' title="bbox 114 2902 1578 2954; baseline 0.005 -14"><span class='ocrx_word' id='word_1_274' title='bbox 114 2914 306 2954; x_wconf 90' lang='lat' dir='ltr'>corpore,</span> <span class='ocrx_word' id='word_1_275' title='bbox 351 2902 386 2941; x_wconf 89' lang='lat' dir='ltr'>si</span> <span class='ocrx_word' id='word_1_276' title='bbox 429 2903 533 2953; x_wconf 90' lang='lat' dir='ltr'>quid</span> <span class='ocrx_word' id='word_1_277' title='bbox 576 2903 746 2942; x_wconf 86' lang='lat' dir='ltr'>adversi</span> <span class='ocrx_word' id='word_1_278' title='bbox 789 2904 959 2943; x_wconf 88' lang='lat' dir='ltr'>accidat</span> <span class='ocrx_word' id='word_1_279' title='bbox 1005 2918 1092 2944; x_wconf 91' lang='lat' dir='ltr'>non</span> <span class='ocrx_word' id='word_1_280' title='bbox 1145 2906 1360 2946; x_wconf 88' lang='lat' dir='ltr'>sentienti.</span> <span class='ocrx_word' id='word_1_281' title='bbox 1446 2907 1578 2947; x_wconf 88' lang='lat' dir='ltr'>Hanc</span> 
     </span>
    </p>
   </div>
  </div>
 </body>
</html>
