1903 3197
268 163 299 206 4
306 150 366 206 56
597 146 678 192 De
709 145 899 192 ratione
932 145 1125 191 vivendi
1158 144 1419 192 Socz'etatz's.

267 285 317 319 ut
357 291 486 331 supra
538 277 794 318 dicebamus
848 278 891 317 in
944 277 1243 331 explicatione
1297 276 1633 317 Constitutionis
1682 277 1744 328 46

271 351 520 395 Summarii.
597 351 694 391 Aut
731 351 922 403 denique
961 351 1078 392 mala
1114 350 1321 404 quaedam
1359 350 1533 390 affectio
1573 350 1740 391 valetu-

269 426 385 467 dinis
427 426 698 478 subsequuta
740 431 835 475 est;
888 430 932 465 θῖ
972 431 1067 466 tum
1115 425 1159 466 id
1212 424 1352 465 multo
1405 430 1471 464 est
1522 424 1743 474 deterius;

271 505 405 552 atque
435 499 554 539 haud
587 499 678 539 scio
711 512 767 539 an
797 500 930 539 etiam
968 499 1109 552 major
1142 498 1361 551 religionis
1404 498 1570 550 injuria,
1605 511 1737 550 quam

273 573 308 614 si
360 573 458 626 quis
508 572 577 613 vel
628 573 671 613 in
727 586 906 625 gravem
957 573 1148 625 aliquem
1201 580 1470 624 acutumque
1524 571 1738 620 morbum,

272 647 340 687 vel
378 648 422 686 in
460 652 646 687 mortem
684 647 826 700 ipsam
868 647 1088 688 incideret.
1152 645 1280 699 Quia,
1314 646 1420 685 dum
1456 644 1550 684 haec
1584 645 1740 685 saltem

275 721 362 762 cito
388 727 625 770 transeunt,
660 735 740 761 nec
771 722 845 761 diu
879 721 1126 761 molestiam
1160 719 1386 768 exhibent,
1421 726 1466 759 at
1499 718 1639 759 malus
1671 718 1742 759 ille

272 796 535 836 valetudinis
576 795 752 835 habitus
794 795 887 847 jam
929 800 1178 835 contractus
1219 794 1467 834 diutissime
1511 807 1598 833 una
1639 805 1738 833 cum

271 870 368 922 ipsa
399 870 490 909 vita
522 873 763 921 permanet,
798 867 1087 919 inutilemque
1121 867 1303 907 omnino
1338 868 1484 907 reddit
1518 866 1743 906 hominem

271 949 367 983 toto
396 943 497 982 vitae
535 947 745 994 tempore,
781 946 824 980 et
861 941 1076 993 proximis
1113 954 1358 981 onerosum.
1426 941 1560 980 Hunc
1594 947 1742 980 autem

275 1016 462 1056 Basilius
504 1014 691 1054 similem
734 1027 828 1054 esse
870 1014 984 1054 betae
1026 1014 1287 1063 semicoctae,
1322 1028 1421 1066 quae
1464 1027 1518 1053 ne
1558 1014 1744 1066 propriis

274 1089 452 1143 quidem
486 1088 821 1129 necessitatibus
844 1088 1041 1128 sufficere
1062 1087 1205 1138 valet;
1238 1094 1315 1127 aut
1337 1087 1516 1135 olerum,
1541 1100 1639 1139 quae
1669 1100 1746 1139 per

274 1168 431 1203 aestum
455 1168 499 1202 et
533 1162 775 1201 siccitatem
808 1168 1021 1213 arescunt,
1044 1161 1125 1201 sibi
1159 1167 1203 1201 et
1234 1161 1328 1201 aliis
1359 1161 1560 1201 inutiles:
1593 1166 1745 1201 contra

273 1250 375 1277 vero
409 1236 521 1276 bene
556 1236 818 1276 constitutos
841 1241 883 1275 et
905 1249 1035 1275 sanos
1065 1235 1292 1275 arboribus
1327 1234 1556 1287 frugiferis,
1581 1248 1679 1287 quae
1702 1239 1746 1274 et

276 1312 384 1363 ipsae
406 1310 645 1358 abundant,
670 1315 714 1349 et
736 1310 844 1349 alios
867 1323 944 1349 sua
967 1309 1190 1349 fertilitate
1213 1308 1471 1349 exhilarant.

366 1384 547 1424 Tertio:
580 1383 765 1424 facimus
791 1390 945 1423 contra
974 1383 1220 1435 justitiam;
1254 1383 1356 1435 quia
1387 1395 1487 1422 cum
1511 1395 1568 1421 ex
1599 1381 1747 1421 anima

280 1464 535 1499 constemus
586 1464 630 1497 et
682 1471 874 1510 corpore,
928 1457 1250 1510 iniquissimum
1306 1456 1521 1509 judicium
1580 1461 1657 1504 est,
1710 1456 1745 1495 si

281 1532 483 1583 neglecto
535 1531 672 1572 altero
724 1531 910 1571 alterum
962 1536 1136 1570 tantum
1184 1530 1380 1570 colamus
1422 1536 1466 1570 et
1507 1529 1744 1569 foveamus.

283 1606 487 1659 Praecipit
524 1611 673 1646 autem
713 1603 992 1654 Bernardus,1
1029 1603 1198 1656 justum
1236 1604 1349 1643 inter
1390 1610 1624 1655 utrumque
1661 1602 1748 1642 dis-

281 1680 484 1721 cretionis
522 1685 566 1719 et
603 1679 784 1719 rationis
822 1678 985 1718 habere
1018 1677 1244 1730 judicium,
1268 1690 1348 1716 nec
1380 1675 1563 1728 alicujus
1596 1689 1745 1716 eorum

282 1755 324 1793 in
372 1753 538 1805 judicio
579 1753 775 1805 accipere
817 1764 1063 1804 personam.
1147 1751 1287 1790 Recte
1335 1755 1494 1799 autem,
1538 1754 1585 1789 ut
1626 1749 1748 1799 solet,

286 1825 530 1867 Basiliusz‘Z
563 1826 646 1866 “Si
684 1831 811 1865 extra
845 1839 1002 1877 corpus
1038 1824 1265 1864 constituti
1307 1837 1513 1871 essemuS,
1551 1836 1748 1863 necessa-

283 1902 399 1941 rium
424 1906 539 1941 esset
562 1914 612 1940 ea
634 1905 808 1940 tantum
832 1913 994 1949 curare,
1017 1912 1116 1951 quae
1138 1898 1218 1938 soli
1246 1898 1405 1937 animae
1428 1897 1747 1937 conducerent:

289 1976 499 2028 quoniam
536 1988 639 2015 vero
676 1975 877 2026 geminus
914 1979 981 2013 θεῖ
1016 1972 1162 2022 homo,
1199 1972 1402 2012 convenit
1438 1977 1481 2011 et
1521 1971 1747 2024 geminum

286 2064 380 2090 csse
402 2049 573 2090 virtutis
596 2048 802 2095 studium,
827 2048 945 2099 quod
969 2052 1013 2087 et
1043 2047 1235 2099 corporis
1266 2045 1500 2095 laboribus,
1523 2051 1566 2085 et
1587 2046 1747 2085 animae

286 2124 505 2164 exercitiis
538 2120 825 2162 absolvatur.''
909 2121 1011 2161 Hoc
1054 2126 1120 2160 est
1162 2121 1294 2173 igitur
1335 2119 1525 2171 prImum
1569 2117 1747 2167 malum,

283 2198 403 2250 quod
436 2197 728 2237 immoderata
759 2195 991 2247 castigatio
1021 2195 1215 2247 corporis
1246 2193 1399 2233 afferre
1430 2191 1567 2240 solet;
1600 2191 1757 2244 ipsius„

287 2271 480 2324 inquam,
512 2270 704 2323 corporis
736 2274 1061 2308 nocumentum.

375 2344 630 2385 Secundum
664 2342 829 2382 malum
863 2347 939 2390 est,
973 2341 1091 2394 quod
1127 2339 1329 2392 “majora
1363 2339 1480 2379 bona
1523 2337 1747 2391 impedit‚”

284 2424 333 2459 ut
381 2417 650 2458 Constitutio
696 2417 790 2469 ipsa
836 2415 1061 2467 significat.
1153 2414 1257 2454 Tria
1287 2419 1434 2454 autern
1482 2412 1599 2452 bona
1644 2418 1747 2453 sunt

286 2493 480 2545 corporis
512 2491 799 2542 castigatione
831 2490 1009 2543 majora,
1032 2502 1131 2542 quae
1163 2488 1257 2528 haec
1289 2487 1470 2527 forsitan
1503 2486 1745 2539 impediret.

283 2565 502 2620 Quaedam
549 2571 751 2619 spectant
796 2565 956 2613 Deum,
1001 2563 1207 2616 quaedam
1254 2576 1334 2602 nos
1377 2562 1507 2613 ipsos,
1540 2561 1745 2613 quaedam

281 2648 432 2682 autem
475 2640 713 2693 proximos.
789 2639 936 2678 Prima
967 2638 1099 2691 igitur
1129 2637 1245 2677 bona
1276 2635 1585 2675 immoderatio
1616 2634 1746 2674 casti-

282 2715 474 2769 gationis
516 2714 714 2767 impedit,
746 2713 848 2765 quia
880 2726 967 2752 non
999 2712 1103 2752 sinit
1146 2724 1226 2751 nos
1269 2711 1330 2750 ita
1361 2708 1568 2761 conjungi
1612 2714 1746 2760 atque

281 2789 505 2830 adhaerere
550 2788 648 2828 Deo
680 2800 757 2840 per
788 2786 998 2826 orationis
1028 2785 1236 2834 studium,
1268 2789 1535 2835 caeterasque
1566 2781 1759 2835 pietatis,

451 2875 463 2896 ¹
488 2877 544 2909 Ad
568 2878 656 2909 Frat.
676 2877 718 2908 de
743 2876 859 2908 Monte
883 2874 958 2907 Dei.
1168 2873 1181 2891 ⁵
1205 2874 1258 2904 De
1281 2872 1349 2904 Vit.
1373 2872 1465 2904 Solit.
1488 2881 1514 2903 c.
1534 2879 1565 2911 9.
