1903 3197
279 166 340 224 58
354 193 361 198 «»
740 165 820 211 De
854 164 1103 212 Socz'elatz's
1137 166 1271 213 Fine.

267 297 519 350 habeatque
556 297 861 339 admirabilem
899 298 1223 351 jucunditatem
1261 305 1328 340 tot
1365 305 1577 340 terrarum
1615 313 1739 352 spec-

275 371 482 421 taculum,
533 378 625 412 tam
678 373 912 426 multiplex
964 387 1106 414 rerum
1164 388 1375 415 novarum
1426 375 1653 423 varietas;
1717 375 1744 414 ii

275 446 470 498 cogitare
513 445 687 495 debent,
733 448 863 487 nimis
906 447 1117 488 humilem
1163 448 1294 488 finem
1340 448 1420 488 sibi
1464 453 1655 487 statuere
1701 448 1743 487 in

276 532 322 559 re
353 520 465 560 tanti
498 521 723 570 momenti,
762 528 804 561 et
842 522 1106 562 inanissimae
1140 523 1198 563 rei
1232 536 1363 563 causa
1394 521 1589 562 laborem
1621 535 1744 574 pere-

273 594 479 646 grinandi
517 596 744 648 suscipere.
809 594 953 648 Quem
987 596 1104 637 nulla
1136 597 1220 638 alia
1252 597 1533 649 consequitur
1565 610 1743 646 merces,

276 668 357 708 nisi
401 669 700 721 spectaculum
743 669 973 711 levissimae
1011 670 1260 724 voluptatis,
1300 677 1347 711 ut
1389 672 1545 711 merito
1587 676 1743 724 postea

270 742 463 782 >audituri
487 743 574 783 sint
597 743 702 783 illud
722 758 729 783 :
763 748 785 763 “
800 743 948 784 Amen
972 744 1070 784 dico
1092 745 1228 793 vobis,
1248 746 1471 798 recepistis
1494 744 1744 784 mercedem

274 816 501 857 vestram.''
568 817 652 857 His
675 818 806 870 igitur
828 818 1057 867 radicibus,
1081 819 1238 871 quibus
1267 826 1384 859 recta
1407 832 1530 859 mens
1552 819 1744 867 vitiatur,

275 889 445 939 evulsis,
484 897 646 943 praesto
688 898 754 932 est
796 891 911 932 illico
952 893 1214 945 temperatio
1255 893 1434 933 secundi
1476 893 1567 933 vitii
1610 899 1745 944 atque

273 962 447 1005 fraudis.
512 965 670 1005 Restat
713 972 769 1016 32,
813 979 913 1006 cum
955 966 998 1005 in
1046 966 1140 1018 ipsa
1191 965 1461 1018 profectione
1503 967 1741 1019 medioque

268 1051 398 1078 cursu
430 1039 489 1078 rei
514 1038 773 1079 Christianae
806 1040 1010 1092 gerendae
1045 1039 1235 1080 Satanas
1257 1052 1303 1079 se
1325 1053 1371 1079 se
1394 1040 1519 1080 nobis
1541 1040 1740 1093 opponit,

275 1117 323 1152 ut
344 1112 449 1152 dum
473 1114 689 1165 proximis
719 1112 928 1165 prodesse
949 1112 1162 1161 volumus,
1186 1113 1333 1166 potius
1363 1113 1445 1166 ipsi
1475 1114 1743 1153 detrimenta

273 1186 451 1238 spiritus
473 1200 560 1226 non
585 1187 748 1239 exigua
771 1187 1007 1240 capiamus.
1063 1186 1151 1227 Sed
1176 1187 1384 1228 adversus
1405 1187 1518 1228 hanc
1541 1187 1740 1227 fraudem

270 1259 437 1313 duplici
461 1261 628 1300 ratione
652 1261 940 1301 muniendum
962 1266 1115 1314 pectus
1138 1261 1227 1302 erit.

362 1334 555 1374 Primum
599 1336 791 1387 quidem,
840 1341 888 1375 ut
938 1335 1017 1375 has
1068 1335 1359 1388 profectiones
1401 1341 1535 1388 atque
1587 1335 1742 1376 itinera

272 1408 537 1450 obedientiae
561 1410 722 1449 virtute
745 1409 841 1449 freti
864 1409 1166 1462 suscipiamus,
1189 1423 1277 1450 non
1307 1411 1388 1462 ipsi
1420 1423 1471 1450 ea
1493 1423 1742 1462 quaeramus

271 1497 325 1524 ac
373 1497 666 1536 procuremus.
751 1484 867 1524 Nam
916 1486 949 1524 si
1003 1484 1125 1524 Deus
1168 1498 1218 1525 ea
1260 1485 1386 1525 nobis
1437 1485 1625 1537 imperat
1665 1496 1744 1537 per

275 1556 532 1610 Superiores
567 1564 750 1608 nostros,
775 1559 937 1599 tribuet
969 1559 1102 1599 etiam
1135 1559 1323 1612 gratiam
1357 1565 1492 1612 atque
1526 1558 1741 1599 auxilium

276 1631 492 1684 imperata
514 1631 712 1681 faciendi,
737 1632 856 1673 nullo
890 1639 1038 1673 nostro
1071 1632 1273 1686 periculo,
1299 1646 1461 1686 magno
1493 1633 1740 1673 animarum

274 1706 403 1747 bono.
488 1707 596 1747 Ideo
649 1707 1001 1748 Constitutiones
1052 1714 1212 1748 nostrae
1255 1713 1407 1747 vetant
1458 1720 1511 1747 ne
1552 1706 1650 1759 quis
1696 1719 1743 1746 se

276 1779 446 1833 ingerat
488 1781 544 1821 ad
583 1781 818 1822 Missiones
862 1782 953 1822 Par.
985 1792 1022 1833 7,
1052 1796 1085 1822 c.
1121 1793 1152 1830 Ι,
1182 1779 1208 1835 ξ
1241 1792 1275 1821 2.
1355 1781 1414 1820 Et
1444 1780 1643 1821 videmus
1682 1781 1742 1820 ita

274 1854 380 1894 olim
425 1856 480 1895 ab
514 1855 745 1908 Apostolis
783 1862 1052 1909 usurpatum.
1128 1855 1245 1895 Nam
1281 1854 1382 1895 Act.
1422 1863 1482 1906 15,
1517 1854 1650 1906 aliqui
1684 1867 1740 1893 ex

276 1928 427 1981 primis
460 1928 543 1969 illis
577 1929 848 1980 Christianis,
871 1930 965 1970 sine
997 1931 1208 1970 mandato
1234 1928 1555 1982 Apostolorum
1582 1928 1742 1968 Antio-

271 2001 417 2043 chiam
449 2004 593 2044 exisse
622 2004 836 2054 dicuntur,
871 2010 914 2045 et
946 2005 989 2045 in
1026 2005 1201 2057 Syriam
1230 2017 1280 2043 ac
1312 2003 1511 2044 Ciliciam
1545 2002 1742 2056 profecti,

273 2077 420 2130 ibique
462 2077 654 2118 obfuisse
700 2079 848 2131 potius
889 2079 1059 2127 animis,
1095 2092 1226 2131 quam
1278 2078 1502 2130 profuisse.
1582 2075 1742 2128 “Quo-

274 2151 392 2190 niam
444 2151 726 2201 audivimus,''
769 2152 921 2205 inquit,
966 2152 1104 2204 “quia
1155 2152 1335 2204 quidam
1383 2165 1440 2191 ex
1487 2150 1613 2190 nobis
1665 2163 1742 2189 ex-

272 2230 439 2272 euntes,
487 2225 772 2266 turbaverunt
822 2239 899 2266 vos
947 2225 1101 2274 verbis,
1143 2231 1388 2265 evertentes
1434 2225 1603 2265 animas
1648 2238 1743 2264 ves-

275 2303 375 2347 tras,
414 2299 572 2351 quibus
613 2313 700 2340 non
744 2299 1060 2350 mandavimus,
1098 2299 1263 2352 placuit
1300 2299 1426 2339 nobis
1462 2298 1655 2339 collectis
1698 2299 1741 2338 in

277 2387 425 2422 unum,
468 2373 627 2427 eligere
667 2375 794 2424 viros,
837 2381 881 2415 et
922 2374 1096 2414 mittere
1137 2374 1193 2414 ad
1235 2387 1324 2423 vos,
1367 2387 1466 2414 cum
1508 2373 1742 2413 carissimis

277 2447 436 2487 nostris
466 2448 668 2488 Barnaba
698 2455 740 2489 et
765 2447 934 2489 Paulo.’'
990 2448 1050 2488 Et
1071 2462 1152 2500 cap
1181 2459 1241 2498 13,
1265 2447 1320 2487 de
1349 2448 1503 2487 iisdem
1538 2447 1742 2487 Barnaba

276 2526 322 2561 et
354 2520 490 2561 Paulo
521 2522 708 2562 dicitur:
743 2522 1154 2575 “Imponentesque
1189 2522 1250 2561 eis
1285 2535 1450 2569 manus,
1481 2521 1742 2562 dimiserunt

277 2595 375 2636 illos
397 2611 404 2646 3
425 2595 443 2609 ”
478 2596 634 2649 quibus
671 2596 849 2649 quidem
884 2597 965 2636 nisi
999 2596 1142 2636 missis
1173 2595 1413 2649 praedicare
1441 2595 1621 2635 verbum
1656 2595 1741 2636 Dei

277 2683 365 2711 non
398 2670 600 2711 licuisset.
664 2670 940 2722 “Quomodo
971 2683 1074 2710 vero
1108 2669 1447 2723 praedicabunt‚”
1473 2669 1633 2710 Paulus
1670 2670 1743 2719 ait,

279 2746 395 2786 “nisi
419 2746 652 2786 mittantur
670 2744 736 2785 ?”¹
769 2751 813 2785 et
831 2745 1031 2786 Christus
1053 2745 1333 2798 septuaginta
1352 2743 1575 2797 discipulis
1598 2745 1714 2784 dixit
1734 2757 1743 2783 :

281 2820 435 2860 “Ecce
451 2834 535 2873 ego
558 2821 686 2861 mitto
703 2834 792 2869 vos,
811 2820 921 2860 sicut
939 2833 1078 2872 agnos
1097 2820 1208 2860 inter
1226 2816 1414 2871 lupos.”²
1457 2818 1546 2859 Ubi
1567 2817 1743 2858 Glossa:

668 2908 680 2928 ¹
705 2910 802 2941 Rom.
827 2918 876 2943 10.
1163 2907 1176 2927 ²
1201 2909 1280 2940 Luc.
1302 2917 1348 2940 10.
