1903 3197
223 129 317 185 296
546 126 625 173 De
659 126 847 173 ratione
881 126 1073 174 vivendi
1104 126 1366 174 Socz'etatz‘s.

221 263 361 298 morte
391 256 622 311 perfungi.1
673 258 1076 312 Appropinquante
1099 259 1232 300 etiam
1255 264 1397 300 morte
1415 258 1513 311 jure
1534 271 1688 312 possu-

220 342 329 379 mus,
362 335 539 371 auctore
572 330 802 384 Gregorio,
828 345 1030 372 revocare
1061 333 1117 373 ad
1151 332 1345 372 animum
1378 332 1494 373 bona
1525 338 1685 382 nostra,

221 405 306 443 “ut
336 403 578 453 fiduciam‚''
609 404 762 457 inquit,
795 408 818 425 “
831 406 1070 458 praebeant,
1103 411 1147 446 et
1178 406 1460 459 desperatum
1482 406 1686 446 timorem

219 476 492 530 premant.'’2
573 476 706 530 Quod
753 478 809 519 ab
856 478 1085 520 Hilarione
1138 479 1303 520 factum
1345 479 1531 533 legimus
1572 491 1687 530 cum,

221 550 490 592 adventante
522 558 674 601 morte,
709 552 912 593 dicebat:
956 553 1216 606 “Egredere
1253 553 1401 594 anima
1437 566 1547 604 mea,
1581 553 1687 606 quid

219 623 430 664 dubitas?
512 625 807 679 Septuaginta
852 639 988 679 prope
1035 626 1160 666 annis
1206 627 1373 666 servisti
1419 625 1605 676 Christo,
1644 630 1689 667 et

221 703 407 739 mortem
440 699 568 740 times
588 697 662 739 ?''3
723 700 782 740 Et
815 700 862 740 B.
888 699 1105 740 Martinus
1140 700 1195 740 ad
1229 700 1467 750 diabolum,
1495 700 1688 740 instante

215 770 309 824 jam
341 778 494 823 morte,
527 772 727 814 dicebat:
770 772 927 825 “Quid
959 774 1108 814 adstas
1141 779 1320 814 cruenta
1361 773 1536 814 bestia?
1580 772 1687 813 nihil

220 844 263 884 in
309 859 381 886 me
427 846 598 888 funeste
645 847 866 899 reperies.’'
940 846 1092 899 Atque
1133 847 1203 888 hic
1245 853 1311 888 est
1353 843 1546 901 optirhus
1588 846 1687 887 finis

221 920 489 972 agnoscendi
523 918 640 960 bona
673 933 761 960 sua.

308 993 512 1034 Secunda
542 993 835 1046 interrogatio.
900 992 1032 1047 Quid,
1056 993 1089 1035 si
1120 994 1228 1047 quis,
1252 995 1294 1034 in
1322 994 1405 1035 hac
1432 994 1688 1048 quotidiana

220 1067 287 1107 sui
346 1067 480 1119 ipsius
532 1066 804 1108 discussione
855 1067 1090 1122 diligenter
1141 1069 1420 1118 exercitatus,
1450 1070 1529 1110 -ad
1589 1081 1688 1110 eum

220 1140 407 1192 gradum
439 1141 611 1182 virtutis
643 1141 843 1182 ascendit
875 1147 923 1182 ut
960 1142 1052 1194 jam
1088 1142 1206 1195 quod
1244 1156 1270 1183 a
1307 1156 1352 1182 se
1385 1144 1480 1196 ipso
1512 1149 1689 1194 resecet,

219 1220 296 1254 aut
330 1215 449 1267 quod
493 1216 533 1255 in
573 1230 618 1256 se
661 1217 757 1270 ipso
795 1215 1097 1270 reprehendat,
1137 1215 1244 1256 nihil
1288 1217 1490 1257 inveniat.
1570 1216 1689 1257 Huic

219 1287 370 1329 licebit
401 1303 455 1329 ne
490 1290 671 1331 tandem
704 1305 730 1331 a
759 1291 1018 1343 quotidiana
1055 1291 1137 1331 hac
1169 1305 1257 1331 suae
1291 1291 1568 1331 conscientia:
1602 1291 1691 1331 dis-

220 1362 418 1404 cussione
446 1364 646 1404 cessare?

309 1436 589 1489 Respondeo,
622 1437 666 1477 id
713 1437 804 1477 fieri
857 1438 900 1477 in
941 1437 1023 1478 1136
1061 1438 1151 1478 vita
1193 1438 1373 1478 omnino
1417 1452 1504 1478 non
1546 1451 1688 1492 posse,

221 1515 269 1550 ut
306 1510 403 1562 quis
445 1509 558 1550 adeo
601 1510 849 1563 amputavit
892 1511 1108 1563 quidquid
1151 1517 1217 1551 est
1257 1512 1462 1551 vitiorum
1513 1517 1560 1552 ut
1597 1511 1691 1563 jam

220 1583 339 1635 quod
379 1589 542 1623 resecet
585 1583 773 1635 amplius
816 1583 922 1622 nihil
964 1585 1029 1623 sit.
1114 1584 1260 1623 Testis
1304 1589 1370 1624 est
1413 1583 1691 1623 Bernardus:

221 1655 368 1708 “Quis
411 1657 471 1696 ita
512 1657 567 1697 ad
612 1656 841 1709 unguem,''
896 1657 1048 1709 inquit,
1093 1657 1280 1696 “omnia
1322 1670 1347 1696 a
1388 1670 1433 1695 se
1471 1655 1691 1708 superflua

220 1729 441 1779 resecavit,
484 1735 531 1770 ut
574 1729 679 1769 nihil
722 1743 767 1769 sc
809 1729 973 1769 habere
1015 1735 1141 1782 putet
1192 1729 1422 1781 putatione
1474 1729 1693 1781 dignum?

221 1801 400 1843 Credite
430 1803 548 1851 mihi,
573 1809 616 1844 et
645 1809 801 1855 putata
830 1802 1107 1856 repullulant,
1132 1813 1175 1842 ct
1205 1803 1398 1856 effugata
1430 1803 1626 1852 redeunt,
1649 1808 1694 1844 et

220 1877 442 1917 exstincta
471 1876 827 1927 reaccenduntur,
851 1883 896 1917 et
925 1877 1070 1929 sopita
1093 1877 1239 1916 denuo
1261 1875 1571 1916 excitantur.’'4
1631 1876 1693 1916 Et

225 1963 362 1991 mox:
405 1949 784 2003 “Quantumlibet
822 1951 865 1990 in
899 1950 982 1990 hoc
1017 1963 1199 2004 corpore
1233 1963 1417 1990 manens
1448 1949 1694 2003 profeceris,

221 2037 338 2065 erras
361 2024 395 2065 si
418 2025 524 2064 vitia
545 2030 675 2077 putas
698 2030 908 2073 emortua,
929 2030 972 2064 et
995 2038 1081 2064 non
1106 2024 1247 2077 magis
1270 2037 1514 2076 suppressa.
1557 2022 1693 2068 Velis,

222 2097 345 2149 nolis,
376 2098 490 2139 intra
519 2097 627 2138 fines
653 2103 753 2138 tuos
784 2097 956 2138 habitat
987 2098 1244 2150 Jebusaeus;
1276 2096 1500 2149 subjugari
1532 2101 1691 2148 potest,

222 2172 300 2212 sed
335 2186 424 2212 non
458 2170 772 2212 extermina1·i.⁵
825 2171 969 2220 ‘Scio,'
994 2171 1135 2223 inquit
1162 2169 1418 2223 Apostolus,
1443 2169 1572 2222 ‘quia
1603 2182 1691 2209 non

225 2244 397 2285 habitat
434 2245 477 2284 in
515 2257 586 2284 me
627 2242 817 2293 bonurn‚’
848 2257 1004 2296 parum
1043 2250 1109 2285 est
1146 2244 1226 2283 nisi
1265 2250 1308 2284 et
1345 2243 1511 2283 malum
1550 2243 1692 2283 inesse

225 2317 425 2358 fateatur.
501 2316 594 2366 Ait,
629 2317 767 2366 ‘Non,
802 2316 920 2369 quod
962 2316 1063 2357 volo
1105 2317 1282 2366 bonum,
1320 2315 1404 2356 hoc
1446 2329 1561 2369 ag03
1613 2317 1690 2356 sed

226 2389 346 2443 quod
368 2389 471 2430 nolo
495 2389 671 2441 malum,
694 2389 777 2430 hoc
800 2404 894 2443 ago.
929 2390 975 2431 Si
994 2396 1142 2430 autem
1161 2389 1281 2442 quod
1305 2389 1418 2438 nolo,
1438 2388 1544 2428 illud
1568 2388 1690 2437 facio,

218 2462 314 2515 jam
352 2477 440 2504 non
473 2476 556 2516 ego
585 2477 741 2516 operor
772 2463 891 2513 illud,
925 2464 1013 2514 sed,
1048 2464 1166 2516 quod
1199 2463 1370 2503 habitat
1402 2463 1444 2502 in
1477 2475 1558 2511 me,
1591 2475 1692 2514 pec-

225 2535 422 2578 catum.’6
493 2536 589 2577 Aut
611 2542 654 2578 te
678 2550 791 2590 ergo,
822 2538 856 2577 si
890 2537 1037 2588 audes,
1070 2536 1227 2590 praefer
1257 2535 1480 2589 Apostolo
1514 2537 1692 2589 <nempe

227 2608 341 2649 illius
379 2610 463 2650 ista
495 2624 584 2650 vox
618 2609 728 2662 est);
766 2616 842 2651 aut
878 2610 1013 2651 fatere
1050 2624 1149 2651 cum
1188 2609 1261 2650 illo
1294 2615 1338 2650 te
1372 2622 1547 2662 quoque
1575 2608 1692 2649 vitiis

227 2695 314 2724 non
337 2682 517 2724 carere.”
556 2682 704 2736 Quare
731 2683 841 2724 infra
862 2684 923 2724 sic
945 2683 1186 2725 concludit:
1210 2686 1231 2702 ‘⁴
1249 2682 1538 2732 Scrutemur,''
1558 2681 1691 2735 juxta

315 2795 325 2815 ¹
349 2805 379 2829 2.
401 2798 555 2830 Machab.
576 2797 606 2829 6.
721 2795 734 2815 ²
759 2797 845 2829 Mor.
866 2798 886 2830 l.
907 2806 959 2830 22.
981 2808 1007 2829 6.
1030 2804 1059 2837 7.
1173 2796 1187 2816 ³
1212 2797 1352 2829 Hieron.
1373 2796 1406 2827 in
1430 2796 1498 2837 ejus
1515 2796 1603 2828 Vita.

462 2847 476 2867 ⁴
499 2848 539 2879 In
563 2848 661 2880 Cant.
685 2848 751 2881 Ser.
775 2847 825 2889 58.
962 2848 975 2867 ⁵
995 2849 1074 2890 Jud.
1099 2857 1124 2880 1.
1264 2845 1278 2866 ⁶
1301 2848 1400 2879 Rom.
1423 2853 1450 2887 7.
