1903 3197
254 139 348 196 692
588 135 669 180 De
701 135 891 181 ratione
925 132 1118 180 vivendi
1150 133 1403 181 Socz'etatz's

255 283 434 322 remque
457 269 541 309 Dei
564 268 715 321 procul
746 268 931 321 abigere.
996 266 1256 308 Communis
1278 275 1425 309 autem
1451 269 1719 322 garrulitatis

255 342 497 384 clausulam
540 343 600 382 ait
641 356 736 382 esse
778 342 1063 383 Plutarchus:
1116 341 1274 383 “Cave
1316 356 1371 382 ne
1411 344 1480 383 cui
1522 344 1723 385 dixeris.''

257 417 406 470 Quare
442 416 525 456 hoc
559 431 740 470 quoque,
768 417 895 457 nobis
937 417 1112 469 signum
1145 416 1424 469 loquacitatis
1456 418 1547 468 erit,
1576 419 1611 458 si
1643 433 1722 459 ex—

256 497 447 532 tremum
469 505 718 532 sermonem
739 491 821 532 hac
843 491 1039 532 clausula
1060 490 1390 532 concludamus.
1442 492 1596 533 Cicero
1617 506 1726 546 quo-

258 580 354 619 que,
383 578 413 606 Ι.
435 566 540 608 Offi:
568 569 591 586 “
606 566 674 608 Sit
691 567 823 620 igitur
842 566 913 606 hic
934 566 1115 614 sermo,''
1133 566 1284 618 inquit,
1303 567 1376 606 “in
1399 580 1488 619 quo
1512 566 1725 609 Socratici

257 641 454 681 maxime
491 640 724 689 excellunt,
758 641 863 681 levis
900 641 1168 693 minimeque
1204 641 1425 693 pertinax.
1490 641 1585 682 Nec
1620 656 1724 683 vero

257 721 472 768 tanquam
509 716 552 755 in
588 716 911 768 possessionem
953 729 1078 755 suam
1119 715 1299 763 venerit,
1339 715 1548 756 excludat
1590 716 1727 767 alios;

259 790 337 830 sed
360 803 459 829 cum
483 789 658 842 reliquis
680 790 723 830 in
748 790 886 837 rebus,
909 796 1004 830 tum
1038 791 1081 829 in
1114 802 1316 829 sermone
1348 791 1572 830 communi
1601 791 1727 831 vicis-

259 864 450 904 situdine
472 878 790 917 nonnunquam
814 864 1027 904 utendum
1050 863 1214 916 putet.''

348 939 668 987 Bonaventura,
693 938 818 992 Spec.
844 939 960 979 Disc.
985 953 1024 991 p.
1046 949 1080 989 3.
1100 952 1131 978 c.
1151 949 1173 989 3
1194 955 1202 978 z
1236 940 1257 957 ‘⁴
1274 938 1520 979 Stultorum
1542 938 1627 980 hoc
1648 945 1726 990 est,

260 1012 379 1065 quod
410 1025 488 1051 nec
511 1012 673 1065 linguae
695 1026 881 1065 parcere,
906 1027 986 1053 nec
1008 1012 1134 1053 sociis
1162 1012 1330 1052 deferre
1357 1013 1605 1053 noverunt.”
1667 1013 1729 1054 Et

262 1086 478 1135 Clemens,
502 1086 524 1127 l.
538 1097 571 1126 2.
593 1087 766 1140 Paedag.
782 1101 815 1127 c.
832 1097 867 1139 7.
884 1086 1060 1140 prolixo
1078 1100 1279 1126 sermone
1295 1092 1418 1126 vetat
1435 1100 1631 1139 unquam
1650 1087 1724 1128 uti.

263 1162 337 1201 Ex
375 1162 718 1214 proprietatibus
754 1162 887 1214 igitur
926 1161 1199 1215 garrulorum
1239 1175 1478 1214 eorumque
1515 1161 1728 1212 mercede,

263 1242 307 1276 et
328 1236 596 1289 garrulitatis
618 1237 779 1277 indicio
801 1242 935 1290 atque
961 1242 1067 1277 nota
1089 1236 1195 1276 satis
1217 1236 1461 1289 intelligere
1482 1250 1729 1289 possumus,

262 1311 418 1351 vitium
440 1311 524 1351 hoc
546 1318 818 1365 quantopere
847 1312 903 1352 sit
925 1312 1167 1352 vitandum.

351 1386 410 1425 60.
443 1385 629 1426 Alienus
661 1392 728 1427 est
759 1387 892 1427 etiam
925 1387 981 1427 ab
1013 1386 1180 1439 optime
1212 1386 1411 1435 educato,
1436 1383 1730 1440 prudentique

264 1461 357 1501 viro
380 1474 475 1500 mos
497 1461 706 1513 loquendi
725 1476 822 1502 curn
841 1467 967 1514 gestu
986 1461 1151 1501 scilicet
1168 1461 1315 1509 nimio,
1332 1467 1407 1501 aut
1425 1461 1729 1502 immoderato.

266 1534 398 1587 Quod
441 1535 594 1574 vitium
637 1536 794 1575 cursim
834 1536 1184 1589 perstrinximus,
1220 1549 1320 1575 cum
1358 1535 1413 1575 de
1450 1535 1731 1576 moderandis

268 1609 470 1649 manibus
493 1623 731 1661 ageremus.

358 1685 679 1734 Bonaventura‚
704 1684 827 1738 Spec.
854 1685 970 1725 Disc.
995 1699 1034 1738 p.
1065 1696 1099 1736 3.
1123 1699 1154 1726 c.
1182 1695 1205 1723 2
1226 1701 1233 1724 ;
1267 1686 1287 1704 “
1303 1684 1574 1724 Modestiam
1600 1684 1734 1725 debet

269 1759 432 1798 habere
465 1765 614 1811 gestus
648 1759 881 1812 loquentis,
916 1766 964 1800 ut
995 1773 1075 1799 nec
1107 1759 1317 1809 inornate,
1350 1772 1428 1799 nec
1461 1758 1736 1800 turbulenter

270 1833 384 1872 inter
416 1832 687 1885 loquendum
721 1834 920 1874 membra
948 1839 1135 1882 moveat,
1169 1847 1249 1873 nec
1283 1833 1509 1873 oculorum
1543 1833 1734 1883 nutibus,

271 1919 352 1946 nec
374 1905 590 1946 labiorum
614 1906 948 1948 contractione.'’
1012 1907 1214 1960 Sumpsit
1235 1921 1293 1947 ex
1317 1907 1487 1960 Ugone.

360 1980 463 2033 Ugo
497 1980 611 2020 enim
645 1980 700 2021 de
733 1981 775 2022 S.
799 1981 992 2032 Victore,
1015 1996 1115 2022 cum
1145 1981 1258 2030 alibi,
1283 1982 1399 2021 unde
1428 1982 1737 2023 Bonaventura

271 2055 470 2107 sumpsit,
500 2061 594 2095 tum
627 2060 750 2095 tract.
781 2055 883 2095 Nov
913 2070 946 2095 c.
976 2067 1051 2096 12:
1090 2055 1253 2104 “Alii,”
1287 2056 1439 2108 inquit,
1471 2055 1737 2108 “loquentes

271 2130 459 2182 digitum
491 2130 750 2179 extendunt,
775 2129 1006 2183 supercilia
1034 2130 1217 2183 erigunt,
1240 2137 1316 2171 aut
1347 2130 1496 2170 oculos
1528 2136 1734 2180 rotantes,

273 2210 350 2244 aut
372 2204 590 2257 profunda
612 2205 931 2257 ponderatione
952 2205 1207 2258 defigentes,
1225 2204 1455 2257 cujusdam
1478 2205 1737 2245 intrinsecus

275 2277 614 2330 magnificentiae
637 2285 821 2319 conatus
843 2279 1116 2319 ostendunt.’'

361 2352 436 2392 Ad
472 2353 884 2394 immoderationem
917 2368 1020 2394 vero
1053 2360 1203 2406 gestus
1236 2354 1426 2406 pertinet
1460 2354 1660 2406 inspuere
1693 2354 1737 2394 in

274 2441 323 2466 os
345 2426 533 2476 alterius,
553 2428 659 2467 dum
682 2428 860 2481 propius
882 2428 938 2468 ad
961 2428 1273 2468 collocutorem
1297 2441 1345 2468 os
1367 2433 1492 2468 tuum
1515 2428 1737 2478 admoves,

275 2508 350 2541 aut
373 2502 526 2554 aperis.

364 2576 687 2627 Bonaventura,
723 2577 848 2631 Spec.
884 2577 1000 2618 Disc.
1035 2592 1074 2631 p.
1110 2589 1144 2629 3.
1183 2592 1216 2618 c.
1250 2589 1300 2629 3:
1348 2577 1553 2627 “Vetat,''
1586 2577 1740 2631 inquit,

278 2654 298 2669 “
314 2650 568 2703 loquentem
602 2658 753 2704 gestus
787 2653 1016 2702 modestia,
1052 2667 1105 2693 nc
1137 2652 1231 2705 ejus
1262 2653 1330 2693 cui
1367 2652 1569 2705 loquitur,
1601 2652 1740 2692 vultui

276 2726 404 2764 nimis
427 2725 569 2776 instet,
593 2739 648 2765 ne
679 2726 960 2767 inhonestate
991 2727 1184 2780 quadam
1214 2727 1257 2766 in
1281 2727 1374 2779 ejus
1402 2727 1558 2767 faciem
1580 2726 1742 2767 halitus

274 2800 540 2851 aspiratione
575 2800 777 2851 insufflet,
812 2808 887 2842 aut
923 2801 1061 2842 halitu
1096 2802 1191 2855 ipso
1223 2808 1324 2855 post
1354 2802 1506 2842 vinum
1537 2807 1739 2854 potatum

272 2873 467 2916 maxime
505 2875 676 2916 narium
719 2889 897 2916 sensum
936 2875 1169 2917 offendat.’'
1233 2876 1275 2918 S.
1302 2876 1428 2917 Isaac
1462 2875 1558 2928 Syr.
1589 2890 1621 2916 c.
1651 2883 1737 2926 45:
