1903 3197
591 150 671 195 De
703 151 804 195 vita
840 151 1088 198 communi.
1506 154 1564 211 85

104 283 346 325 necessaria
383 282 528 335 quiete
565 282 768 334 corporis,
803 282 933 329 cultu,
969 288 1101 334 atque
1134 284 1260 323 victu.
1325 283 1437 336 Quae
1473 285 1566 330 tria,

103 358 304 411 quamvis
333 356 458 396 nobis
492 369 590 395 cum
624 356 792 395 caeteris
824 354 1077 395 hominibus
1110 362 1152 395 et
1183 358 1449 398 secularibus
1482 359 1567 399 sint

103 431 364 478 communia,
418 435 578 475 tamen,
643 429 746 480 quia
812 428 1042 480 disciplina
1100 430 1292 480 quadam
1359 437 1568 483 reguntur

103 511 287 545 externa
314 511 357 544 et
385 505 507 556 quasi
531 508 842 555 temperantur,
867 516 1137 554 magnopere
1168 503 1385 543 differunt.
1449 506 1564 545 Nam

102 579 221 630 quod
263 578 420 618 attinet
461 577 515 616 ad
557 576 698 616 somni
741 576 946 628 quietem,
990 576 1194 616 secularis
1246 576 1382 616 homo
1425 578 1566 617 nullos

101 652 235 691 habet
271 652 314 690 in
351 651 563 703 capienda
597 650 743 702 quiete
781 649 1008 699 cancellos,
1048 650 1260 690 arbitratu
1300 665 1379 690 suo
1418 652 1564 690 cubitu

103 725 251 776 surgit,
295 724 504 764 arbitratu
547 723 758 763 discedit:
807 723 924 775 apud
967 737 1046 763 nos
1087 730 1235 763 autem
1283 730 1499 763 statutum
1544 739 1567 764 a

103 797 500 838 Constitutionibus
542 804 607 837 est
649 803 814 837 certum
858 797 1048 837 cubandi
1086 803 1295 850 tempus;
1343 811 1432 843 nec,
1467 798 1567 850 quia

98 872 212 912 fesso
253 872 473 912 laboribus
515 885 693 911 somnus
735 872 916 924 obrepit,
955 872 1147 911 cubandi
1193 877 1369 924 tempus
1416 872 1568 911 antici-

97 953 251 999 patur;
285 960 374 994 nec,
399 946 501 998 quia
523 959 653 985 mane
680 945 884 997 expletus
916 959 1235 998 usquequaque
1265 959 1447 985 somnus
1480 959 1567 984 non

98 1026 175 1069 est,
206 1020 449 1060 continuari
480 1033 558 1071 pro
588 1018 813 1059 voluntate
845 1025 1003 1071 potest.
1068 1020 1269 1059 “Lassus
1293 1019 1349 1059 ad
1379 1024 1564 1059 stratum

98 1093 256 1141 venias,
300 1093 618 1144 ambulansque
660 1093 904 1138 dormites*
951 1093 1135 1133 Rustico
1179 1093 1397 1132 monacho
1438 1093 1567 1132 Hier-

98 1180 287 1219 onymus
310 1167 381 1215 ait,
399 1170 472 1205 “et
496 1165 683 1205 necdum
703 1166 884 1218 expleto
908 1180 1063 1206 somno
1087 1180 1214 1218 surge
1233 1165 1564 1218 c01npellaris.''1

188 1241 291 1292 Ipsa
331 1253 432 1278 vero
482 1239 580 1278 lecti
624 1240 734 1278 ratio
777 1245 988 1291 quantam
1033 1240 1228 1279 continet
1273 1240 1566 1292 disciplinam,

98 1326 197 1365 quae
230 1312 408 1351 culcitra
440 1318 613 1351 constat
646 1326 733 1352 non
767 1312 954 1364 amplius
987 1326 1084 1359 una,
1120 1326 1258 1364 eaque
1296 1318 1564 1364 perangusta

96 1386 365 1437 minimeque
388 1386 507 1425 molli
532 1401 539 1431 ;
574 1399 674 1425 nam
699 1385 975 1425 culcitrarum
1000 1386 1328 1425 multitudinem
1352 1400 1402 1425 ac
1426 1386 1567 1425 molli*

93 1460 305 1509 tudinem,
333 1459 507 1512 qualem
543 1459 747 1499 secularis
779 1459 925 1507 habet,
953 1460 1150 1500 Societas
1183 1465 1391 1507 semovet,
1417 1466 1460 1498 ct
1489 1459 1565 1498 vix

95 1534 318 1586 geminam
356 1534 558 1573 concedit
592 1534 778 1586 aegrotis

184 1607 452 1660 Quanquam
489 1614 636 1647 autem
672 1608 726 1647 de
761 1613 889 1647 nocte
924 1621 1011 1647 non
1047 1607 1275 1660 surgimus,
1314 1621 1394 1647 nec
1431 1607 1569 1647 instar

93 1681 278 1721 aliorum
311 1681 512 1721 ordinum
546 1681 647 1721 licet
679 1681 785 1721 illud
819 1695 1027 1734 usurpare
1059 1682 1114 1721 de
1151 1682 1277 1721 nobis
1300 1686 1393 1721 :—“
1413 1682 1565 1722 Media

95 1760 223 1794 nocte
254 1755 488 1806 surgebam
521 1755 576 1794 ad
610 1754 910 1794 confitendum
943 1755 1087 1804 tibi;'’
1122 1755 1228 1795 illud
1261 1762 1410 1796 tamen
1444 1757 1563 1796 aliud

94 1841 302 1880 usurpare
329 1833 444 1867 certe
476 1842 709 1880 possumus
728 1829 1145 1869 z—“Praevenerunt
1177 1830 1290 1869 oculi
1324 1830 1408 1869 mei
1432 1830 1488 1869 ad
1518 1836 1562 1869 te

92 1901 296 1950 diluculo,
315 1907 362 1941 ut
385 1902 619 1941 meditarer
641 1901 813 1953 eloquia
831 1901 966 1951 ’[ιιε1,”2
989 1903 1091 1954 quia
1108 1903 1311 1951 diluculo,
1332 1910 1375 1943 et
1399 1904 1565 1943 mican-

90 1975 209 2015 tibus
247 1974 391 2015 adhuc
433 1975 569 2024 astris,
606 1975 660 2015 ad
699 1976 941 2015 orationem
980 1983 1023 2017 et
1065 1976 1262 2016 coelestia
1304 1976 1561 2016 meditanda

90 2048 405 2100 consurgimus.
500 2049 551 2088 In
595 2049 712 2088 cultu
755 2064 858 2089 vero
901 2051 1093 2102 corporis
1135 2064 1268 2102 quam
1310 2064 1335 2090 a
1378 2050 1560 2090 seculari

92 2122 356 2162 differimus!
408 2135 495 2162 non
548 2123 681 2163 modo
734 2123 852 2175 quod
906 2129 1076 2176 spectat
1117 2124 1174 2164 ad
1217 2123 1416 2171 formam,
1461 2138 1559 2176 quse

92 2197 284 2248 quadam
321 2209 402 2236 nos
440 2197 700 2237 necessitate
737 2198 948 2248 secernit;
985 2211 1136 2237 verum
1170 2199 1302 2238 etiam
1346 2197 1465 2250 quod
1503 2198 1559 2237 ad

94 2270 323 2310 materiam
361 2270 518 2311 attinet
548 2276 592 2310 et
629 2270 907 2324 elegantiam,
938 2273 1041 2324 quia
1079 2272 1306 2321 seculares,
1344 2273 1424 2311 nisi
1463 2285 1559 2324 pre-

93 2349 269 2383 mantur
300 2343 457 2396 inopia,
483 2350 526 2384 et
557 2344 697 2384 nitido
730 2350 773 2384 et
803 2345 992 2398 eleganti
1022 2351 1205 2385 utuntur
1227 2346 1400 2385 amictu.
1464 2345 1558 2384 Nos

91 2423 239 2457 autem
273 2431 330 2457 ex
364 2417 764 2458 Constitutionibus
796 2419 970 2459 decenti
1002 2419 1181 2471 quidem
1214 2425 1341 2467 certe,
1377 2418 1558 2458 minime

88 2496 238 2530 tamen
272 2491 464 2543 pretioso
506 2493 680 2541 utimur,
730 2506 809 2532 nec
852 2493 1036 2533 vanitati
1085 2499 1132 2533 ut
1177 2493 1375 2546 plerique
1418 2493 1559 2532 homi-

88 2576 194 2603 num
256 2565 299 2604 in
355 2565 583 2606 vestiendo
640 2565 831 2619 corpore,
889 2567 966 2606 sed
1028 2567 1277 2607 necessitati
1336 2566 1556 2606 servimus.

89 2637 248 2689 Itaque
278 2639 398 2690 quod
429 2639 630 2692 praecipit
664 2639 913 2688 Cassianus,
948 2640 992 2679 id
1025 2646 1143 2680 arcte
1175 2646 1377 2680 tenemus
1399 2646 1446 2679 ut
1470 2642 1557 2677 “ea

87 2711 143 2752 sit
185 2717 334 2752 nostra
374 2712 518 2763 vestis,
552 2726 650 2765 quae
692 2713 1003 2754 verecundiam
1038 2714 1249 2754 nuditatis
1287 2713 1480 2766 repellat,
1514 2718 1558 2751 et

87 2784 257 2839 frigoris
295 2786 501 2827 retundat
541 2787 775 2841 injuriam;
818 2801 905 2829 non
945 2801 1043 2841 quae
1081 2788 1312 2828 seminaria
1349 2786 1556 2826 vanitatis

468 2874 481 2894 ¹
505 2876 613 2918 Epist.
638 2884 708 2918 125.
990 2875 1003 2893 2
1028 2877 1079 2908 Ps.
1105 2875 1174 2907 118.
