1903 3197
263 178 359 210 220
585 161 665 207 De
698 160 887 206 ratione
922 159 1112 206 vivendi
1145 159 1405 206 Socz‘etatz's.

350 295 414 336 Ut
436 295 568 347 igitur
589 299 707 334 recta
736 294 897 334 mentis
927 293 1098 334 dicatur
1120 292 1317 341 intentio,
1342 304 1519 331 necesse
1542 296 1608 330 est
1630 303 1726 329 eam

257 382 356 411 esse
385 370 598 409 sinceram
632 382 682 408 ac
717 381 872 421 puram
908 381 983 407 seu
1019 367 1243 414 mundam,
1276 365 1360 405 hoc
1392 370 1469 413 est,
1501 369 1549 404 ut
1582 364 1727 403 Deum

260 457 368 497 pure
400 449 660 496 spectemus,
693 442 799 481 nihil
832 442 1126 482 admiscentes
1157 440 1338 480 humani
1371 445 1506 491 atque
1543 438 1728 487 terreni3

263 523 311 558 ut
333 517 419 557 sint
449 516 642 557 actiones
672 521 831 556 nostrae
854 515 973 555 velut
1002 515 1269 562 holocausta,
1295 514 1337 552 in
1368 513 1526 565 quibus
1551 512 1731 551 victima

264 592 433 644 integra
463 591 505 630 in
534 590 746 631 honorem
773 590 906 630 divini
935 589 1126 629 numinis
1149 588 1474 636 absumebatur,
1499 586 1604 626 nihil
1628 586 1730 626 inde

264 665 344 706 sibi
382 665 578 705 humana
614 664 856 717 cupiditate
894 670 1141 717 usurpante,
1176 669 1223 703 ut
1261 663 1322 703 ait
1360 661 1485 701 Philo
1522 659 1732 713 Judaeus.1

268 739 370 780 Hoc
391 744 538 779 autem
562 752 695 791 quam
719 738 895 778 difficile
918 738 983 788 sit,
1008 738 1103 790 quis
1127 752 1214 778 non
1237 737 1418 777 videat?
1482 735 1593 789 Quis
1616 735 1731 775 enim

265 819 331 854 est
365 820 456 854 tam
493 820 682 862 sanctus,
718 819 811 852 tam
847 811 1022 852 avulsus
1057 826 1082 852 a
1115 812 1244 852 rebus
1282 811 1496 859 humanis,
1533 809 1607 862 qui
1646 821 1733 849 non

263 887 504 940 aliquando
539 888 582 926 in
617 887 745 927 rebus
779 887 912 926 etiam
950 886 1111 926 sanctis
1145 899 1196 925 ac
1231 884 1471 925 benefactis
1506 898 1552 924 56
1589 885 1732 937 ipsum

265 968 447 1014 quaerat,
485 974 665 1013 suaeque
701 960 852 1012 gloriae
891 960 1060 999 serviat.
1133 959 1255 998 Audi
1296 958 1622 1010 Hieronymum
1659 957 1736 997 ad-

264 1049 414 1077 versus
452 1034 782 1075 Luciferianos:
818 1033 1108 1074 “Conveniat
1146 1033 1447 1084 unusquisque
1483 1045 1557 1071 cor
1593 1044 1732 1080 suum,

266 1115 310 1150 et
339 1111 382 1149 in
413 1109 531 1149 omni
562 1108 652 1148 vita
682 1108 873 1148 inveniet
906 1121 1038 1160 quam
1070 1120 1214 1147 rarum
1245 1107 1300 1146 sit
1333 1105 1507 1146 fidelem
1540 1105 1732 1145 animam

268 1183 471 1232 invenire,
506 1188 553 1222 ut
588 1181 694 1221 nihil
729 1183 786 1222 ob
820 1181 969 1234 gloriae
1006 1180 1306 1234 cupiditatem,
1338 1179 1443 1219 nihil
1478 1180 1535 1219 ob
1569 1192 1739 1219 rumus-

267 1257 388 1298 culos
409 1256 640 1296 hominum
665 1255 824 1305 faciat3
858 1268 1000 1307 neque
1024 1254 1139 1294 enim
1163 1254 1312 1294 statim
1337 1253 1409 1306 qui
1434 1253 1616 1305 jejunat,
1641 1253 1739 1292 Deo

263 1331 448 1385 jejunat,
491 1336 567 1370 aut
609 1330 858 1370 extendens
901 1330 1083 1382 pauperi
1127 1342 1318 1377 manum,
1374 1328 1472 1367 Deo
1515 1326 1738 1367 foenerat.'’

267 1406 409 1446 vicina
462 1411 564 1445 sunt
617 1404 725 1444 vitia
777 1403 1022 1453 virtutibus,
1067 1402 1239 1442 difficile
1293 1408 1358 1442 est
1413 1402 1511 1442 Deo
1562 1406 1736 1440 tantum

266 1479 414 1531 judice
452 1492 547 1519 esse
585 1483 855 1518 contentum.

360 1553 655 1605 Conqueritur
690 1552 744 1591 de
779 1551 864 1591 hoc
900 1552 1022 1591 Deus
1056 1564 1134 1603 per
1168 1549 1462 1589 Malachiam:
1497 1547 1643 1600 “Quis
1674 1552 1741 1587 est

277 1628 319 1667 in
363 1628 499 1676 vobis,
543 1627 617 1678 qui
669 1626 846 1666 claudat
897 1625 1019 1674 ostia,
1063 1630 1107 1664 et
1159 1624 1364 1664 incendat
1415 1623 1551 1662 altare
1596 1634 1744 1661 meum

270 1699 572 1755 gratuito?”2
669 1700 787 1752 Quid
856 1699 1002 1747 levius,
1066 1712 1198 1750 quam
1272 1698 1434 1737 ostium
1506 1695 1739 1744 claudere;

277 1776 382 1828 quid
425 1774 606 1824 facilius,
649 1787 783 1826 quam
827 1773 927 1813 thus
970 1772 1179 1813 altaribus
1220 1771 1429 1811 adolere?
1493 1770 1552 1810 Et
1593 1776 1742 1809 tamen

277 1863 331 1890 ne
371 1849 466 1889 haec
509 1848 688 1902 quidem
731 1847 934 1900 gratuito,
980 1852 1023 1886 et
1069 1847 1195 1885 unius
1240 1845 1322 1885 Dei
1365 1858 1506 1893 causa,
1543 1843 1743 1883 homines

276 1924 451 1964 faciunt.

365 1998 498 2038 Ratio
532 1995 812 2045 difficultatis,
846 1996 949 2048 quia
981 2000 1139 2034 natura
1171 1999 1330 2042 nostra,
1364 1999 1412 2032 ut
1449 1991 1743 2045 significatum

277 2078 343 2113 cst
365 2085 506 2125 supra,
531 2071 621 2110 ima
643 2083 816 2122 semper
845 2077 887 2109 et
917 2076 1088 2109 terrena
1110 2073 1291 2120 spectat,
1314 2080 1413 2106 cum
1438 2066 1531 2118 ipsa
1554 2066 1609 2105 sit
1633 2065 1745 2113 talis,

276 2146 407 2187 altius
442 2159 529 2185 non
565 2145 769 2197 erigitur3
804 2145 903 2183 ideo
938 2143 999 2191 iis,
1034 2156 1132 2194 quae
1170 2142 1384 2189 videntur,
1417 2140 1660 2180 delectatur
1694 2152 1767 2184 ac,

278 2221 462 2267 ducitur,
502 2233 601 2270 quae
645 2231 748 2257 vero
795 2230 882 2257 non
924 2217 1137 2264 videntur,
1182 2216 1354 2267 ignorat
1397 2227 1447 2253 ac
1489 2227 1567 2266 pro
1611 2212 1747 2252 nihilo

271 2293 408 2333 ducit.
474 2292 612 2344 Cujus
652 2291 831 2343 quidem
870 2296 1036 2330 naturae
1073 2290 1137 2328 vis
1174 2294 1298 2328 tanta
1336 2294 1411 2336 est,
1449 2293 1496 2327 ut
1534 2287 1667 2326 etiam
1706 2286 1748 2324 in

273 2368 377 2408 viris
418 2368 582 2407 sanctis
624 2379 670 2405 56
711 2366 870 2417 prodat
912 2364 1141 2404 interdum.
1207 2363 1334 2403 Unus
1376 2361 1481 2402 mihi
1519 2362 1584 2401 vir
1620 2374 1746 2400 sanc-

277 2442 473 2483 tissimus
522 2440 758 2493 Gregorius
802 2439 907 2479 satis
951 2439 1006 2478 sit
1047 2438 1182 2486 testis,
1226 2450 1325 2477 cum
1369 2436 1474 2488 quid
1518 2435 1561 2474 in
1603 2435 1749 2486 seipso

281 2516 546 2570 experiatur,
591 2513 787 2554 confiteri
832 2527 918 2553 non
961 2512 1144 2552 dubitat.
1210 2512 1253 2551 Is
1295 2511 1423 2559 enim,
1458 2511 1500 2549 in
1538 2508 1750 2549 extremis

283 2589 528 2630 Moralibus
550 2589 650 2638 suis,
669 2588 828 2628 divinis
851 2588 982 2640 plane
1000 2585 1294 2626 voluminibus
1317 2590 1360 2624 et
1383 2583 1572 2637 Spiritus
1597 2581 1750 2623 Sancti

281 2663 432 2705 afflatu
471 2662 737 2715 conscriptis,
778 2662 838 2701 ita
875 2660 1096 2700 humiliter
1137 2660 1193 2699 de
1235 2673 1280 2699 se
1322 2658 1539 2711 loquitur:
1586 2657 1752 2696 “Bona

288 2738 322 2778 si
356 2751 442 2790 qua
475 2737 683 2777 divinitus
715 2735 933 2787 accipiens
966 2734 1072 2783 dixi,
1097 2747 1195 2773 meo
1227 2732 1432 2773 videlicet
1463 2731 1569 2771 vitio
1606 2731 1753 2769 minus

280 2813 394 2852 bene
417 2825 487 2852 me
511 2811 677 2851 dixisse
699 2808 918 2862 profiteor.
964 2808 1080 2847 Nam
1104 2808 1159 2848 ad
1183 2821 1253 2847 me
1280 2807 1540 2846 intrinsecus
1566 2803 1752 2853 rediens,

626 2897 638 2918 ³
664 2899 739 2930 Lib.
762 2898 803 2930 de
831 2897 974 2930 Sacrific.
1230 2894 1243 2913 ²¹
1267 2895 1347 2927 Mal.
1373 2904 1400 2927 1.
