1903 3197
673 173 752 219 De
785 174 1039 221 Examina
1487 192 1509 221 2
1519 191 1578 235 93

119 301 256 342 Adde
300 303 417 354 quod
466 315 520 342 ne
563 303 782 344 levissima
828 306 1006 356 quidem
1055 319 1185 355 noxa,
1218 306 1430 360 cujusque
1475 307 1579 348 boni

120 376 272 428 gratia,
295 377 611 416 committenda
640 383 732 427 est;
765 377 897 417 etiam
920 378 954 417 si
985 384 1127 418 totum
1154 385 1366 420 terrarum
1393 381 1578 421 lucrare—

122 461 221 488 mur
248 450 410 498 orbem,
435 455 510 490 aut
531 463 684 490 omnes
707 451 876 490 animas
898 451 953 490 ad
984 451 1206 491 Christum
1229 453 1579 506 adjungeremus.

123 523 196 562 Ex
218 536 306 574 quo
329 522 585 575 intelligitur
602 529 766 575 quanta
789 524 843 563 sit
865 524 1162 576 cujuscunque
1185 538 1316 564 noxae
1339 527 1579 578 turpitudo,

112 602 166 636 >et
196 595 351 636 eadem
381 609 514 648 quam
546 595 745 636 dolenda.
811 596 923 648 Quae
949 596 1139 648 quidem,
1164 597 1373 649 quamdiu
1401 599 1581 651 expiata

118 681 208 709 non
240 670 306 719 sit,
334 669 501 721 ingredi
535 683 614 708 nos
646 668 775 721 plane
808 669 1014 722 prohibet
1045 683 1229 721 regnum
1262 671 1498 721 coelorum;
1538 672 1579 711 in

113 743 252 794 quod,
271 748 318 782 ut
341 743 463 782 aiunt
487 741 631 783 Sacrae
657 742 829 791 Literae,
847 743 985 782 “nihil
1013 744 1344 795 coinquinatum
1367 744 1581 785 intrabit.”

208 815 278 854 De
314 816 468 867 quinto
506 822 549 856 et
580 821 803 868 postremo
836 817 1033 856 membro
1067 817 1115 856 fit
1144 818 1437 870 interrogatio.
1494 818 1582 858 Cur

108 886 214 927 ‚haec
237 887 325 927 duo
348 889 701 941 distinguuntur:
729 890 884 942 petitio
902 891 1052 939 veniae,
1071 896 1114 930 et
1135 891 1409 943 propositum
1432 904 1581 931 emen·

120 959 341 1000 dationis?
416 961 532 1000 Nam
571 962 614 1001 in
652 963 863 1014 petitione
895 963 1033 1002 veniae
1066 964 1309 1003 necessario
1346 964 1583 1005 includitur

120 1034 442 1074 emendationis
472 1035 745 1087 propositum
766 1050 774 1085 ;
807 1049 937 1075 nemo
960 1037 1075 1076 enim
1099 1038 1272 1077 veniam
1295 1037 1352 1078 ab
1378 1052 1430 1078 eo
1460 1038 1581 1091 petit,

107 1119 252 1158 quem
304 1107 460 1147 iterum
514 1108 690 1148 molitur
742 1109 975 1150 offendere.
1063 1109 1286 1162 Quorsum
1339 1112 1470 1163 igitur
1515 1118 1582 1153 tot

122 1180 320 1220 membra
354 1180 598 1231 Examinis,
621 1182 655 1221 si
688 1189 893 1234 quartum
926 1184 1030 1224 satis
1063 1185 1159 1224 est?

209 1255 487 1307 Respondeo,
531 1261 647 1296 recte
698 1256 792 1296 haec
836 1257 924 1297 duo
965 1272 990 1297 a
1034 1258 1160 1298 Patre
1212 1265 1360 1299 nostro
1410 1260 1582 1313 sejungi

119 1332 253 1378 atque
300 1327 521 1380 distingui.
606 1329 811 1377 Primum,
851 1331 953 1381 quia
1005 1330 1176 1371 duobus
1221 1332 1288 1371 his
1335 1332 1431 1372 finis
1480 1347 1582 1373 con-

119 1399 284 1440 tinetur
314 1400 533 1440 examinis
565 1401 639 1452 qui
673 1402 839 1454 duplex
873 1409 938 1443 est
956 1404 1134 1443 :—alter
1167 1405 1417 1456 impetratio
1444 1407 1583 1446 veniae

119 1485 198 1525 pro
235 1472 416 1521 delictis,
451 1486 585 1526 quam
624 1474 803 1526 quidem
847 1476 1059 1528 petitione
1096 1478 1431 1528 consequimur;
1477 1479 1587 1519 alter

119 1546 350 1597 castigatio
403 1547 770 1599 reprehensioque
822 1562 999 1588 suorum
1052 1562 1236 1599 morum,
1281 1551 1401 1602 quod
1450 1551 1586 1591 firmis

120 1619 253 1658 animi
291 1620 527 1673 propositis
559 1620 817 1661 continetur.
902 1621 1119 1670 Secundo,
1156 1629 1271 1663 recte
1309 1623 1586 1676 distinguun—

118 1698 190 1731 tur
229 1692 324 1731 haec
358 1693 457 1741 duo,
494 1693 598 1744 quia
639 1693 740 1732 licet
782 1694 825 1732 in
869 1700 1026 1745 quarto
1069 1695 1281 1744 membro,
1318 1695 1401 1736 hoc
1444 1703 1510 1736 est
1542 1697 1584 1737 in

120 1764 333 1816 petitione
361 1765 512 1813 veniae,
536 1765 699 1804 virtute
728 1766 920 1817 quadam
957 1767 1278 1807 emendationis
1309 1770 1584 1821 propositum

120 1837 376 1886 includatur,
399 1843 548 1877 tamen
579 1837 660 1877 hoc
692 1837 773 1878 fuit
803 1839 936 1878 etiam
967 1839 1222 1891 singillatim
1252 1841 1583 1894 percipiendum

119 1917 253 1963 atque
307 1911 632 1964 explicandum,
677 1917 725 1951 ut
777 1911 1047 1964 intelligatur
1093 1919 1307 1965 quantum
1357 1915 1489 1954 studii
1543 1916 1584 1955 in

120 1985 253 2024 animi
300 1985 536 2037 propositis
578 1985 634 2025 sit
676 1985 943 2037 ponendum.
1027 1985 1122 2026 Nisi
1168 1987 1285 2026 enim
1326 1987 1420 2027 haec
1456 1989 1585 2029 valde

120 2056 244 2096 firma
281 2064 414 2109 atque
451 2058 644 2098 efficacia
677 2058 848 2107 fuerint,
880 2059 1056 2111 perierit
1090 2061 1233 2100 omnis
1271 2060 1435 2101 fructus
1478 2076 1584 2104 exa-

122 2129 258 2171 minis.
342 2131 549 2171 Efficacia
590 2138 739 2171 autem
780 2131 882 2179 fieri,
916 2133 1075 2172 cursim
1120 2134 1230 2173 inter
1272 2135 1584 2186 postulandam

120 2208 401 2256 peccatorum
434 2205 618 2253 veniam,
653 2205 770 2244 haud
806 2206 867 2245 ita
904 2205 1029 2246 facile
1068 2213 1262 2259 possunt,
1293 2209 1370 2248 sed
1405 2210 1586 2262 suscipi-

102 2277 235 2316 -enda
271 2282 337 2317 est
373 2278 429 2317 ad
473 2277 515 2317 id
552 2278 729 2330 propria
762 2284 806 2318 et
839 2279 951 2318 seria
989 2280 1209 2332 cogitatio,
1240 2280 1585 2335 haerendumquc

118 2348 339 2402 paulisper
368 2350 410 2389 in
443 2350 525 2390 hac
557 2351 800 2403 corrigendi
833 2352 897 2392 sui
931 2353 1063 2392 animi
1093 2353 1331 2404 voluntate,
1362 2356 1584 2408 paciscen-

119 2423 315 2476 dumque
351 2425 546 2476 quodam
579 2425 713 2465 modo
745 2439 843 2465 cum
877 2426 1025 2466 anima
1054 2441 1142 2476 sua,
1174 2435 1222 2468 ut
1256 2428 1340 2469 hoc
1370 2430 1438 2469 vel
1476 2430 1583 2471 illud

120 2495 362 2536 declinetur
396 2498 563 2548 vitium,
599 2512 649 2539 ac
690 2506 902 2551 praeterea
943 2501 1148 2552 praesidia
1193 2503 1250 2542 ad
1297 2504 1583 2544 custodienda

120 2573 251 2620 pacta
282 2576 430 2610 nostra
464 2572 659 2623 undique
690 2573 996 2624 conquirenda.
1076 2574 1187 2626 Quae
1220 2576 1399 2628 quidem
1434 2577 1583 2616 omnia

120 2653 290 2681 moram
335 2644 543 2695 temporis
591 2645 870 2698 spatiumque
912 2647 1173 2688 desiderant.
1258 2648 1486 2689 Hactenus
1528 2650 1582 2689 de

120 2713 302 2767 singulis
341 2716 574 2757 Examinis
611 2719 838 2770 partibus:
890 2719 946 2759 de
983 2721 1183 2760 universo
1215 2735 1317 2761 vero
1360 2722 1583 2762 Examine

117 2788 202 2828 tria
235 2788 378 2829 adhuc
412 2791 547 2841 quaeri
581 2793 813 2844 rogarique
844 2800 1040 2845 possunt,
1070 2808 1157 2846 quo
1190 2795 1330 2847 magis
1361 2795 1584 2848 explicata

119 2860 208 2903 sint
238 2862 396 2903 omnia.
