1903 3197
237 205 332 252 710
552 190 631 236 De
667 196 854 237 ναίεσκε
889 189 1085 236 vivendi
1119 189 1389 237 Socz‘etatz‘s.

234 325 423 366 cutionis
465 339 539 364 cor
581 325 838 373 inflammat,
874 323 1009 365 veluti
1046 324 1208 373 vinum,
1244 330 1425 378 propter
1466 339 1564 366 eam
1609 339 1711 379 quae

234 401 348 440 inest
390 400 433 439 in
477 406 631 440 mutua
674 399 1044 448 confabulatione,
1083 398 1394 451 dulcedinem;
1447 406 1491 440 et
1527 401 1713 442 verbum

232 475 365 515 verbo
409 475 607 524 nectitur,
647 481 695 515 ut
737 475 871 515 etiam
914 475 949 515 si
991 476 1143 528 cupias
1184 475 1264 515 tibi
1310 475 1415 528 ipse,
1455 476 1529 517 ubi
1573 477 1711 518 semel

234 550 431 603 coeperis,
448 557 694 604 temperare
716 564 803 591 non
826 550 988 604 possis:
1012 550 1152 591 multa
1174 551 1292 591 enim
1316 551 1372 591 ad
1394 551 1710 593 verbositatem

232 626 432 666 invitant.
498 626 655 675 Primo,
699 631 877 680 tempus
919 626 1063 679 ipsum
1111 633 1213 680 post
1255 626 1418 679 epulas,
1456 641 1545 680 quo
1584 628 1710 668 exhi-

231 701 370 749 larari,
404 707 447 741 et
478 701 813 753 quodammodo
843 700 1017 741 dilatari
1046 700 1141 741 vult
1168 702 1364 750 animus;
1394 701 1555 742 deinde
1586 703 1709 743 insti-

231 782 340 823 tuta,
386 781 433 816 ut
475 776 672 815 diximus
720 775 826 828 jam,
868 775 1131 826 collocutio;
1173 775 1348 816 difficile
1391 782 1457 817 est
1499 778 1616 817 enim
1664 779 1709 818 in

231 865 358 892 cursu
405 851 619 891 sermonis
666 852 883 904 imperare
931 851 1013 891 sibi
1065 851 1248 891 modum
1296 852 1339 891 in
1387 852 1621 905 loquendo,
1665 859 1710 894 et

231 927 457 968 continere
494 926 704 980 linguam,
737 940 836 966 cum
872 926 965 979 jam
1000 926 1121 967 velut
1155 940 1179 966 e
1212 928 1456 968 carceribus
1494 929 1628 969 missa
1664 930 1708 970 in

232 1002 379 1042 medio
414 1002 559 1042 stadio
594 1001 809 1054 praecipiti
847 1001 972 1055 lapsu
1007 1002 1231 1055 procurrit.
1295 1002 1414 1042 Tum
1449 1003 1708 1057 exemplum

233 1076 601 1130 colloquentium3
626 1077 699 1130 qui
719 1090 793 1116 eos
811 1090 1036 1117 sermones
1059 1077 1252 1117 inferunt
1269 1077 1342 1130 qui
1366 1091 1446 1118 nos
1463 1084 1708 1131 provocant

232 1152 289 1192 ad
333 1151 616 1204 loquendum,
656 1157 699 1192 et
737 1152 917 1204 quidem
961 1166 1019 1192 ex
1057 1152 1322 1205 improviso:
1353 1153 1431 1192 vix
1466 1159 1514 1193 ut
1556 1167 1710 1195 cavere

230 1228 361 1268 liceat
395 1228 437 1266 in
471 1241 673 1267 sermone
708 1232 953 1280 peccatum.

322 1302 517 1343 Collusio
550 1311 738 1355 quoque,
762 1303 988 1355 animique
1015 1302 1213 1342 remissio
1237 1302 1501 1343 modestiam
1528 1317 1708 1345 omnem

232 1379 275 1417 in
316 1377 540 1430 loquendo
573 1377 781 1430 requirit;
817 1378 930 1430 quia,
956 1383 1003 1417 ut
1041 1378 1102 1417 ait
1131 1377 1411 1430 Augustinus
1449 1379 1493 1418 in
1528 1379 1713 1420 Confes-

232 1454 441 1501 sionibus,
475 1452 672 1492 volentes
709 1453 903 1505 gaudere
941 1453 1229 1502 extrinsecus,
1258 1452 1385 1493 facile
1422 1460 1711 1504 evanescunt;

232 1528 306 1568 ubi
342 1534 491 1567 autem
526 1541 650 1567 mens
681 1527 798 1567 intus
833 1527 1026 1576 solvitur,
1051 1527 1153 1567 foris
1187 1527 1320 1567 etiam
1352 1526 1528 1568 liberius
1558 1528 1709 1581 lingua

230 1609 436 1656 pererrat.
500 1601 654 1655 Atque
686 1601 782 1642 haec
805 1609 872 1642 est
894 1616 1037 1652 causa,
1061 1616 1136 1642 cur
1167 1601 1288 1642 lusus
1321 1601 1473 1643 Sancti
1499 1603 1588 1643 fere
1619 1617 1707 1643 non

232 1676 488 1717 admittunt.
567 1677 664 1716 Imo
699 1676 1057 1729 Chrysostomus,
1084 1677 1126 1716 in
1160 1675 1319 1716 Matth.
1357 1677 1473 1717 hom.
1510 1678 1546 1717 6.
1583 1684 1610 1718 t.
1649 1689 1712 1719 12.

231 1752 461 1791 inventum
505 1751 668 1791 diaboli
711 1751 818 1791 dicit
860 1765 954 1791 esse
997 1751 1181 1791 ludum:
1220 1751 1360 1791 “Non
1403 1751 1516 1801 dat,'‘
1555 1753 1708 1806 inquit,

231 1826 494 1866 “Dominus
527 1826 690 1875 ludere,
720 1826 798 1866 sed
831 1824 1070 1866 diabolus.’'

320 1901 487 1940 Verum
523 1901 627 1941 nihil
664 1907 741 1951 est,
772 1901 891 1954 quod
927 1901 1179 1941 moderatos
1210 1900 1349 1951 ludos,
1378 1902 1451 1954 qui
1484 1902 1540 1942 ad
1573 1902 1707 1943 animi

232 1977 536 2016 remissionem
573 1976 849 2024 adhibentur,
877 1976 1113 2028 quisquam
1148 1982 1350 2016 accuset:
1392 1990 1492 2015 cum
1523 1976 1708 2028 Joannis

234 2050 535 2104 Evangelistae
574 2051 790 2091 habemus
823 2050 1091 2103 exemplum,
1121 2051 1196 2103 qui
1230 2051 1318 2090 suis
1350 2064 1450 2090 cum
1484 2051 1710 2105 discipulis

231 2126 390 2166 ludens
439 2127 653 2174 inventuS,
697 2126 931 2166 admonuit
981 2131 1087 2179 apta
1137 2125 1425 2166 similitudine
1477 2139 1589 2175 eum,
1633 2127 1707 2179 qui

234 2202 399 2242 offendi
443 2216 494 2242 ea
537 2215 581 2241 re
623 2208 830 2255 coeperat,
870 2201 1160 2241 necessariam
1203 2214 1298 2241 esse
1340 2201 1489 2241 animo
1536 2201 1708 2242 relaxa-

233 2277 400 2317 tionem
426 2277 649 2329 aliquam3
682 2290 738 2317 ne
760 2277 890 2316 nimis
923 2277 1118 2316 intentus
1140 2281 1354 2329 tanquam
1384 2289 1508 2316 arcus
1537 2276 1710 2317 animus

236 2351 476 2404 aliquando
510 2351 745 2403 frangatur.
809 2351 925 2391 Vide
959 2351 1153 2392 Cassian.
1178 2349 1257 2391 col.
1283 2361 1346 2400 24.
1371 2364 1404 2390 c.
1429 2350 1465 2390 6.

322 2426 376 2466 D.
416 2427 549 2466 etiam
587 2426 797 2474 Thomas,
832 2437 867 2466 2.
903 2437 938 2465 2.
972 2440 1012 2478 q.
1051 2425 1140 2465 168.
1175 2438 1212 2465 a.
1251 2436 1286 2464 2.
1324 2424 1452 2465 ludos
1494 2426 1707 2475 concedit,

235 2501 368 2541 modo
401 2506 551 2540 tamen
584 2499 691 2539 nihil
727 2500 924 2541 habeant
954 2506 1093 2553 turpe,
1122 2499 1191 2540 vel
1227 2499 1362 2548 noxii,
1394 2513 1474 2540 nec
1510 2500 1708 2541 funditus

234 2575 427 2628 gravitas
460 2575 595 2615 animi
628 2574 878 2615 resolvatur.

323 2650 507 2702 Quarto,
532 2664 631 2690 cum
655 2649 986 2703 perturbatione
1012 2649 1161 2701 aliqua
1182 2648 1466 2699 incendimur,
1489 2655 1565 2689 aut
1586 2662 1706 2689 com-

235 2738 473 2773 movemur,
496 2725 629 2765 etiam
653 2731 747 2765 tum
771 2723 999 2764 modestiae
1027 2724 1071 2763 in
1103 2722 1326 2776 loquendo
1357 2723 1564 2764 habenda
1595 2724 1712 2765 ratio

233 2801 324 2840 erit.
403 2799 520 2852 Quia
558 2799 830 2853 perturbatio
875 2799 1059 2839 modum
1092 2798 1258 2848 nescit;
1295 2798 1386 2838 sive
1427 2813 1479 2839 ea
1519 2799 1575 2839 sit
1616 2799 1703 2847 irae,

235 2875 326 2915 sive
364 2875 486 2914 nimii
525 2875 697 2925 amoris,
725 2875 816 2915 sive
852 2875 952 2924 odii,
979 2874 1071 2914 sive
1106 2872 1284 2914 alterius
1320 2873 1604 2927 aegritudinis,
1630 2879 1708 2914 aut

235 2949 493 2990 affectionis.
548 2950 667 2990 Nam
690 2955 734 2990 et
757 2950 830 3002 qui
853 2950 916 2990 ira
938 2948 1241 2998 incenduntur,
1264 2949 1489 2989 continere
1510 2947 1707 3001 linguam
