1903 3197
247 170 271 219 5
284 171 344 218 70
573 155 655 202 De
686 156 879 202 ratione
912 155 1104 203 vivendi
1137 156 1398 203 Socz'etatzlr.

245 290 408 331 fuisset.
474 288 691 341 Idemque
722 289 873 329 statim
906 288 1082 342 subjicit
1117 288 1249 330 aliam
1286 289 1529 330 rationem:
1562 291 1665 343 quia
1696 304 1722 331 a

245 368 449 404 tentante
491 361 740 402 adversario
783 376 864 403 nec
905 362 1046 403 fuerat
1087 362 1147 402 illi
1186 362 1344 403 domus
1382 363 1542 403 relicta.
1607 363 1722 405 Sunt

245 437 320 490 qui
343 435 556 477 moralem
574 436 708 476 etiam
732 449 910 477 causam
933 436 1198 487 adscribant,
1222 441 1270 477 ut
1293 437 1339 486 is,
1362 450 1494 490 quem
1526 437 1717 490 primurn

246 510 482 561 nominavi,
528 510 855 564 Polychronius.
922 511 987 553 Ut
1023 511 1200 564 majore,
1243 511 1396 564 inquit,
1440 512 1720 564 perpessione

245 584 410 626 doloris
449 585 597 625 Deum
635 585 716 625 sibi
754 585 980 639 placatum
1018 585 1217 626 efficeret.
1282 585 1431 638 Quare
1468 586 1662 638 quinque
1695 601 1720 626 a

245 657 326 701 SS.
383 658 587 699 Patribus
639 660 841 708 rationes,
895 673 971 700 cur
1020 666 1139 700 tecto
1190 659 1485 712 cubiculoque
1543 666 1720 708 careret,

247 732 498 774 afferuntur.
563 732 805 774 Secessisse
843 738 991 773 autem
1037 733 1159 773 illum
1199 738 1329 773 extra
1366 733 1601 782 civitatem,
1641 734 1721 774 etsi

249 806 512 847 Latinorum
551 806 780 859 Scriptura
812 820 900 847 non
939 806 1161 860 exprimit,
1194 807 1237 846 in
1270 807 1538 859 quibusdam
1570 813 1720 847 tamen

246 879 410 921 Graecis
442 879 677 927 codicibus,
713 886 756 919 et
789 894 814 919 a
848 879 1142 933 Septuaginta
1173 879 1241 920 his
1274 880 1378 933 ipsis
1399 881 1543 921 verbis
1573 882 1720 934 expri-

246 954 405 994 mitur:
441 953 510 1003 ’έξω
542 956 606 997 τῆς
648 956 784 996 πόλεως
827 958 955 993 extra
997 953 1160 993 urbem.
1230 952 1437 1002 Sedebat,
1481 955 1633 1007 inquit,
1677 955 1720 994 in

244 1026 522 1079 sterquilinio
551 1032 680 1066 extra
709 1026 888 1067 urbem:
922 1032 970 1067 ut
994 1026 1091 1079 jure
1113 1032 1322 1080 queratur
1350 1026 1648 1068 struthionum
1672 1041 1719 1068 se

244 1100 414 1141 socium
438 1113 543 1140 esse.
570 1102 592 1119 “
608 1099 797 1150 Frater,''
819 1100 974 1154 inquit,
994 1100 1085 1140 “fui
1103 1101 1358 1151 draconum,
1377 1107 1421 1141 et
1442 1101 1586 1142 socius
1608 1106 1721 1142 stru-

245 1173 486 1225 thionum,'’
510 1188 544 1215 c.
562 1185 626 1226 30.
662 1175 924 1228 Eademque
946 1175 1002 1215 de
1023 1189 1155 1216 causa
1182 1175 1354 1228 nigrum
1377 1189 1423 1216 se
1444 1177 1720 1216 contraxisse

244 1248 449 1299 colorem,
473 1262 574 1289 cum
606 1249 650 1288 in
682 1249 774 1289 sole
806 1255 855 1289 ut
886 1249 968 1290 sub
996 1249 1070 1290 dio
1102 1263 1276 1303 semper
1307 1255 1485 1303 ageret:
1520 1249 1719 1299 “Cutis‚’¹

245 1322 398 1375 inquit,
423 1325 559 1363 “mea
582 1322 815 1376 denigrata
837 1329 904 1364 est
926 1336 1056 1376 super
1078 1336 1168 1373 me;
1201 1329 1246 1364 et
1268 1337 1369 1364 ossa
1392 1337 1490 1364 mea
1511 1331 1719 1364 aruerunt

246 1410 338 1449 prae
380 1396 621 1437 caumate.''
706 1396 976 1449 Quanquam
1020 1396 1153 1437 etiam
1206 1403 1386 1450 propter
1425 1397 1515 1437 vim
1557 1397 1721 1437 tabifici

246 1470 387 1511 morbi
422 1471 654 1523 denigrata
687 1471 798 1510 cutis
831 1470 924 1522 ejus
957 1476 1059 1521 erat,
1095 1470 1528 1523 immoderatumque
1566 1470 1721 1510 ulceris

247 1543 500 1585 incendium
525 1545 586 1598 (id
610 1545 726 1585 enim
750 1549 816 1585 est
838 1543 1011 1597 cauma)
1036 1557 1124 1597 quo
1146 1558 1226 1585 sua
1248 1557 1347 1585 ossa
1369 1544 1537 1584 aruisse
1559 1544 1675 1584 dicit.

746 1687 801 1712 DE
839 1686 976 1713 CULTU
1017 1686 1230 1713 CORPORIS.

341 1762 574 1802 Hactenus
603 1761 658 1801 de
680 1761 955 1802 habitatione
985 1767 1029 1802 et
1057 1761 1155 1802 loco
1178 1761 1251 1801 ubi
1277 1761 1441 1813 agebat
1469 1767 1513 1802 et
1541 1774 1722 1814 pernoc-

245 1836 372 1876 tabat
404 1842 608 1888 :egrotus
674 1834 830 1876 Cultus
859 1848 962 1875 vero
994 1835 1188 1888 corporis
1220 1834 1362 1888 qualis
1388 1835 1570 1875 tandem
1609 1834 1722 1875 fuit?

246 1911 290 1950 Is
323 1909 464 1951 tribus
502 1909 781 1963 potissimum
820 1910 948 1950 rebus
985 1908 1197 1950 contineri
1235 1914 1439 1962 poterat:
1483 1915 1536 1948 ΙῐΠ
1573 1909 1721 1949 tunica

243 1984 393 2038 aliqua
437 1985 653 2034 interiore,
698 1998 832 2037 quam
886 1985 929 2023 in
977 1984 1073 2037 ipso
1114 1996 1292 2036 quoque
1338 1983 1500 2023 lectulo
1547 1988 1723 2036 gestant

246 2060 430 2113 aegroti:
476 2066 533 2099 2¹¹³
572 2059 728 2108 fasciis,
764 2059 923 2112 quibus
956 2057 1137 2098 vulnera
1168 2064 1212 2099 et
1248 2057 1392 2111 plagae
1426 2057 1721 2110 alligarentur,

246 2134 671 2186 medicamentisque
715 2133 913 2173 delibuta
956 2132 1153 2173 membra
1195 2131 1463 2172 devinciret:
1508 2137 1565 2182 3¹¹¹
1607 2131 1722 2170 lecto

246 2209 344 2261 ipso
375 2208 622 2258 cubiculari,
647 2208 719 2248 ubi
753 2207 1064 2247 imbecillimus
1096 2206 1435 2259 conquiesceret.
1497 2206 1599 2258 Jam
1622 2218 1722 2258 quae

244 2282 395 2322 tunica
418 2288 494 2322 aut
516 2283 589 2334 qui
612 2282 799 2322 amictus
823 2294 917 2321 esse
939 2286 1114 2334 poterat
1134 2281 1227 2321 viro
1249 2286 1414 2330 sancto,
1437 2280 1512 2333 qui
1543 2286 1722 2333 propter

245 2354 401 2408 plagas
431 2356 566 2396 totius
593 2355 786 2407 corporis
809 2355 975 2394 amiciri
1008 2368 1095 2394 non
1127 2354 1332 2407 poterat?
1394 2354 1596 2394 “Induta
1618 2353 1720 2403 est‚’'

245 2428 388 2481 inquit
411 2429 515 2481 ipse,
549 2431 685 2468 “caro
709 2442 807 2468 mea
839 2426 1136 2480 putredine;'’
1164 2426 1333 2466 nullum
1363 2432 1511 2467 autem
1545 2428 1583 2466 ei
1616 2433 1720 2476 erat,

245 2507 406 2554 praeter
427 2502 707 2555 putredinem
732 2502 1052 2541 indumentum.
1089 2500 1191 2553 Qua
1213 2501 1269 2541 de
1292 2514 1336 2540 re
1359 2500 1722 2553 Chrysostomus:

247 2578 268 2611 ιί
284 2575 404 2628 Quid
443 2575 565 2628 J0b,’'
602 2576 756 2628 inquit,
794 2575 997 2616 “factum
1035 2580 1101 2615 est
1138 2588 1333 2627 unquam
1376 2575 1606 2628 egentius?
1648 2575 1721 2627 qui

244 2656 288 2691 et
329 2649 424 2700 illis,
468 2651 541 2702 qui
594 2649 884 2703 projiciuntur
925 2649 968 2689 in
1011 2648 1230 2698 balneum,
1274 2655 1318 2689 et
1359 2649 1432 2701 qui
1475 2648 1518 2688 in
1560 2648 1720 2688 camini

244 2723 463 2764 cineribus
501 2723 736 2771 dormiunt,
777 2737 826 2764 ac
865 2723 1033 2763 cunctis
1071 2722 1262 2775 denique
1300 2721 1552 2762 hominibus
1588 2720 1720 2774 spoli-

242 2797 355 2838 atior
386 2797 515 2838 erat?
561 2797 605 2837 hi
640 2798 756 2837 enim
791 2796 1025 2837 habuerint
1057 2795 1244 2837 fortasse
1264 2802 1433 2836 vestem
1455 2795 1720 2843 laceratam;

246 2870 316 2911 hic
339 2876 489 2911 autem
514 2871 658 2912 nudus
681 2870 911 2921 residebat,
936 2876 980 2911 et
1002 2884 1136 2923 quam
1165 2884 1191 2910 a
1221 2875 1376 2910 natura
1401 2874 1569 2909 vestem
1602 2880 1721 2908 acce-
