1903 3197
231 159 326 216 306
554 154 634 200 De
666 154 855 200 raz‘ione
888 155 1082 201 vivendi
1115 155 1378 201 Socz‘elatz's.

229 296 319 329 tem
338 287 521 340 justitia:
544 300 634 326 suae
653 287 806 327 melius
830 287 1082 328 infirmitate
1099 288 1361 328 roboretur.”
1396 287 1528 340 Quod
1553 289 1696 341 ipsum

231 362 421 414 eleganti
451 360 683 401 Sacrarum
715 360 962 401 Literarum
985 368 1094 414 typo
1116 361 1357 402 confirmat.
1422 362 1539 402 Nam
1563 365 1583 381 ‘¹'
1598 377 1695 403 cum
1717 347 1721 350 .

230 435 397 489 populo
451 434 691 474 Israelitico
743 435 883 475 divisa
926 441 992 476 est
1043 441 1157 475 terra
1208 435 1520 487 promissionis,
1566 437 1696 477 tribui

232 509 447 563 Ephraim
496 508 748 549 tributarius
794 509 952 550 dicitur
992 509 1132 550 factus
1174 509 1362 562 populus
1407 509 1696 560 Chananaeus,

232 598 320 625 non
359 583 621 624 interfectus.
686 586 694 602 ‘
715 583 971 632 Habitavit,’
995 585 1204 637 scriptum
1230 590 1305 631 est,
1331 587 1340 604 ‘
1356 583 1634 625 Chananaeus
1656 585 1698 625 in

235 658 382 698 medio
435 657 647 710 Ephraim
701 657 998 698 tributarius‘1
1082 658 1200 711 Quid
1245 658 1361 697 enim
1410 657 1705 705 Chananaeusr

234 731 409 785 gentilis
445 730 649 771 videlicet
681 731 880 784 populus,
925 732 1004 772 nisi
1047 733 1200 772 vitium
1245 731 1493 784 significat?
1571 732 1699 785 Quia,

235 805 341 845 dum
386 806 557 857 magnis
597 804 829 844 virtutibus
870 812 1030 845 terram
1077 806 1378 858 promissionis
1421 806 1700 858 ingredimur,

234 879 340 919 vitia
375 879 579 931 quaedam
615 891 749 930 parva
784 879 1032 926 retinemus,
1069 879 1192 931 quasi
1227 878 1528 919 Chananaeum
1558 880 1702 919 vivere

236 953 279 992 in
303 959 416 992 terra
439 957 587 991 nostra
611 951 902 991 concedimus.
949 950 1035 1003 Qui
1059 941 1208 991 tamen
1232 952 1485 992 tributarius
1508 953 1701 1001 efficitur,

236 1027 339 1079 quia
377 1025 459 1065 hoc
494 1026 637 1078 ipsum
673 1025 839 1073 vitium,
873 1025 990 1077 quod
1024 1025 1224 1078 subigere
1254 1039 1341 1065 non
1371 1039 1614 1078 possumus,
1647 1028 1701 1068 ad

238 1113 363 1139 usum
399 1105 560 1138 nostrae
593 1098 795 1138 utilitatis
836 1098 1059 1139 humiliter
1096 1105 1408 1152 retorquemus.
1474 1099 1547 1141 Sic
1584 1106 1627 1140 et
1661 1101 1701 1140 in

235 1173 347 1213 libro
399 1172 604 1224 Judicum
657 1171 867 1224 scriptum
919 1180 1009 1213 est:
1068 1173 1182 1213 ‘Hae
1231 1180 1334 1214 sunt
1389 1179 1544 1226 gentes
1597 1188 1704 1227 quas

238 1247 458 1287 Dominus
483 1244 725 1297 dereliquit,
752 1251 798 1285 ut
829 1247 1017 1287 erudiret
1049 1247 1092 1286 in
1122 1247 1182 1286 eis
1217 1246 1473 1287 Israelem&
1535 1247 1704 1295 Israel‚‘'

239 1320 477 1372 Gregorius
511 1320 663 1372 inquit,
689 1321 954 1360 “reservatis
986 1321 1190 1373 gentibus
1223 1322 1427 1370 eruditur,
1452 1322 1629 1374 quando
1662 1323 1703 1362 in

239 1394 505 1446 quibusdam
546 1393 738 1432 minimis
776 1393 891 1433 vitiis
936 1394 1066 1434 elatio
1107 1396 1280 1435 virtutis
1322 1401 1483 1435 nostrae
1520 1396 1707 1449 compri-

242 1468 384 1513 mitur,
425 1473 467 1506 ct
511 1467 552 1505 in
596 1467 740 1519 parvis
773 1467 852 1507 sibi
887 1468 1187 1508 resistentibus
1231 1469 1357 1509 discit
1400 1469 1519 1521 quod
1562 1483 1619 1509 ex
1661 1484 1707 1510 se

243 1541 411 1593 majora
449 1554 535 1580 non
573 1539 795 1592 subigit.’'³
856 1540 989 1593 Quod
1027 1542 1205 1593 quidem
1244 1543 1502 1583 humilitatis
1541 1544 1705 1584 lucrum

242 1615 395 1668 quanti
419 1615 600 1654 tandem
635 1615 889 1663 resumatur,
914 1622 960 1655 ut
994 1629 1072 1655 nec
1103 1616 1290 1668 abjicere
1322 1617 1504 1665 animos,
1535 1618 1569 1657 si
1603 1619 1706 1670 quid

242 1690 285 1729 in
304 1689 393 1728 vita
416 1688 723 1740 delinquimus,
744 1688 840 1739 jure
858 1689 1119 1735 debeamus3
1153 1703 1231 1729 nec
1254 1690 1497 1742 perturbari
1522 1704 1708 1731 moerore

243 1776 357 1808 nam,
391 1761 425 1801 si
459 1761 603 1800 minus
636 1775 722 1800 una
755 1775 811 1800 ex
843 1768 968 1814 parte
1007 1762 1269 1814 proficimus,
1306 1763 1557 1816 proficimus
1594 1771 1709 1805 certe

244 1844 288 1878 et
325 1849 539 1888 augemur
580 1849 637 1875 ex
680 1834 827 1883 altera,
864 1842 906 1875 et
939 1850 1016 1888 per
1047 1850 1144 1876 eam
1187 1850 1320 1889 quam
1363 1836 1462 1877 hinc
1505 1838 1711 1878 discimus

245 1909 552 1957 humilitatem,
588 1909 644 1949 ad
684 1908 922 1962 perfectam
957 1910 1162 1950 virtutem
1196 1910 1579 1964 humilitatemque
1611 1926 1712 1952 con-

247 1983 510 2025 scendimus.

338 2058 451 2098 Haec
494 2058 624 2110 igitur
665 2064 708 2097 et
746 2057 905 2097 similia
948 2058 989 2097 in
1033 2058 1191 2098 nostris
1234 2058 1428 2111 lapsibus
1466 2059 1712 2111 cogitanda,

248 2147 302 2173 ne
340 2138 416 2172 aut
456 2145 642 2172 moerore
679 2131 932 2181 afficiamur,
964 2137 1040 2172 aut
1074 2132 1231 2172 animis
1268 2132 1561 2173 concidamus.
1626 2133 1715 2174 Sed

250 2207 306 2247 de
335 2206 414 2254 his,
448 2207 591 2258 deque
623 2212 718 2246 toto
754 2206 975 2246 Examine
1007 2206 1124 2252 satis,
1157 2206 1211 2245 ad
1246 2205 1421 2246 laudem
1455 2212 1497 2246 et
1529 2207 1714 2259 gloriam

250 2280 440 2322 nominis
474 2280 557 2320 Dei
591 2280 633 2319 in
666 2279 810 2319 secula
843 2279 1100 2320 seculorum.
1164 2279 1322 2319 Amen.

435 2391 445 2411 ¹
468 2394 568 2441 josue
590 2394 636 2425 16.
817 2392 830 2411 ‘·'
851 2393 926 2434 Jud.
949 2402 978 2425 2.
1158 2392 1170 2412 ³
1196 2394 1313 2425 Mor-al.
1337 2393 1355 2425 l.
1377 2404 1406 2434 4.
1429 2405 1455 2426 c.
1477 2403 1526 2433 24.
