<?xml version="1.0" encoding="UTF-8"?>
<!DOCTYPE html PUBLIC "-//W3C//DTD XHTML 1.0 Transitional//EN"
    "http://www.w3.org/TR/xhtml1/DTD/xhtml1-transitional.dtd">
<html xmlns="http://www.w3.org/1999/xhtml" xml:lang="en" lang="en">
 <head>
  <title>
</title>
<meta http-equiv="Content-Type" content="text/html;charset=utf-8" />
  <meta name='ocr-system' content='tesseract 3.04.00' />
  <meta name='ocr-capabilities' content='ocr_page ocr_carea ocr_par ocr_line ocrx_word'/>
</head>
<body>
  <div class='ocr_page' id='page_1' title='image "./nicolaiorlandini00orla/nicolaiorlandini00orla_0663.png"; bbox 0 0 1903 3197; ppageno 0'>
   <div class='ocr_carea' id='block_1_1' title="bbox 560 217 1606 282">
    <p class='ocr_par' dir='ltr' id='par_1_1' title="bbox 560 217 1606 282">
     <span class='ocr_line' id='line_1_1' title="bbox 560 217 1606 282; baseline 0.006 -19"><span class='ocrx_word' id='word_1_1' title='bbox 560 217 627 263; x_wconf 75' lang='lat' dir='ltr'><strong>In</strong></span> <span class='ocrx_word' id='word_1_2' title='bbox 661 218 879 280; x_wconf 68' lang='lat' dir='ltr'><strong>Regulas</strong></span> <span class='ocrx_word' id='word_1_3' title='bbox 912 219 1176 267; x_wconf 71' lang='lat' dir='ltr'><strong>Modestzae.</strong></span> <span class='ocrx_word' id='word_1_4' title='bbox 1511 226 1606 282; x_wconf 84' lang='lat'><strong>643</strong></span> 
     </span>
    </p>
   </div>
   <div class='ocr_carea' id='block_1_2' title="bbox 123 348 1604 1814">
    <p class='ocr_par' dir='ltr' id='par_1_2' title="bbox 139 348 1603 477">
     <span class='ocr_line' id='line_1_2' title="bbox 139 348 1603 407; baseline 0.004 -17"><span class='ocrx_word' id='word_1_5' title='bbox 139 348 233 401; x_wconf 86' lang='lat' dir='ltr'>Syr.</span> <span class='ocrx_word' id='word_1_6' title='bbox 264 363 295 390; x_wconf 93' lang='lat' dir='ltr'><strong>c.</strong></span> <span class='ocrx_word' id='word_1_7' title='bbox 328 358 411 400; x_wconf 83' lang='lat'><strong>45:</strong></span> <span class='ocrx_word' id='word_1_8' title='bbox 469 350 576 390; x_wconf 92' lang='lat' dir='ltr'><strong>“Ne</strong></span> <span class='ocrx_word' id='word_1_9' title='bbox 612 351 670 390; x_wconf 91' lang='lat' dir='ltr'><strong>sis</strong></span> <span class='ocrx_word' id='word_1_10' title='bbox 705 351 838 391; x_wconf 79' lang='lat' dir='ltr'><strong>velox</strong></span> <span class='ocrx_word' id='word_1_11' title='bbox 876 353 1071 405; x_wconf 87' lang='lat' dir='ltr'><strong>ingressu</strong></span> <span class='ocrx_word' id='word_1_12' title='bbox 1109 359 1187 394; x_wconf 92' lang='lat' dir='ltr'><strong>tuo</strong></span> <span class='ocrx_word' id='word_1_13' title='bbox 1224 361 1388 407; x_wconf 81' lang='lat' dir='ltr'><strong>praeter</strong></span> <span class='ocrx_word' id='word_1_14' title='bbox 1425 368 1603 395; x_wconf 89' lang='lat' dir='ltr'><strong>causam</strong></span> 
     </span>
     <span class='ocr_line' id='line_1_3' title="bbox 139 424 923 477; baseline 0.004 -15"><span class='ocrx_word' id='word_1_15' title='bbox 139 425 427 464; x_wconf 88' lang='lat' dir='ltr'><strong>necessariam</strong></span> <span class='ocrx_word' id='word_1_16' title='bbox 460 430 502 464; x_wconf 89' lang='lat' dir='ltr'><strong>te</strong></span> <span class='ocrx_word' id='word_1_17' title='bbox 538 424 923 477; x_wconf 78' lang='lat' dir='ltr'><strong>compellentem.&#39;’</strong></span> 
     </span>
    </p>

    <p class='ocr_par' dir='ltr' id='par_1_3' title="bbox 123 498 1604 1814">
     <span class='ocr_line' id='line_1_4' title="bbox 229 498 1604 551; baseline 0.004 -14"><span class='ocrx_word' id='word_1_18' title='bbox 229 498 339 538; x_wconf 80' lang='lat' dir='ltr'><strong>Haec</strong></span> <span class='ocrx_word' id='word_1_19' title='bbox 381 499 615 538; x_wconf 74' lang='lat' dir='ltr'><strong>necessitas</strong></span> <span class='ocrx_word' id='word_1_20' title='bbox 665 504 760 538; x_wconf 89' lang='lat' dir='ltr'><strong>tum</strong></span> <span class='ocrx_word' id='word_1_21' title='bbox 807 499 1052 551; x_wconf 85' lang='lat' dir='ltr'><strong>justissima</strong></span> <span class='ocrx_word' id='word_1_22' title='bbox 1094 507 1170 549; x_wconf 89' lang='lat' dir='ltr'><strong>est,</strong></span> <span class='ocrx_word' id='word_1_23' title='bbox 1215 515 1315 542; x_wconf 90' lang='lat' dir='ltr'><strong>cum</strong></span> <span class='ocrx_word' id='word_1_24' title='bbox 1369 503 1604 544; x_wconf 85' lang='lat' dir='ltr'><strong>intervenit</strong></span> 
     </span>
     <span class='ocr_line' id='line_1_5' title="bbox 136 571 1602 627; baseline 0.005 -16"><span class='ocrx_word' id='word_1_25' title='bbox 136 571 324 612; x_wconf 77' lang='lat' dir='ltr'><strong>charitas</strong></span> <span class='ocrx_word' id='word_1_26' title='bbox 346 578 421 612; x_wconf 90' lang='lat' dir='ltr'><strong>aut</strong></span> <span class='ocrx_word' id='word_1_27' title='bbox 443 572 559 612; x_wconf 88' lang='lat' dir='ltr'><strong>salus</strong></span> <span class='ocrx_word' id='word_1_28' title='bbox 581 573 838 612; x_wconf 88' lang='lat' dir='ltr'><strong>animarum.</strong></span> <span class='ocrx_word' id='word_1_29' title='bbox 903 574 1138 627; x_wconf 74' lang='lat' dir='ltr'>Propterea</span> <span class='ocrx_word' id='word_1_30' title='bbox 1160 575 1320 616; x_wconf 90' lang='lat' dir='ltr'><strong>dicitur</strong></span> <span class='ocrx_word' id='word_1_31' title='bbox 1347 577 1432 616; x_wconf 89' lang='lat' dir='ltr'><strong>Dei</strong></span> <span class='ocrx_word' id='word_1_32' title='bbox 1458 577 1602 618; x_wconf 89' lang='lat' dir='ltr'><strong>Mater</strong></span> 
     </span>
     <span class='ocr_line' id='line_1_6' title="bbox 135 646 1601 699; baseline 0.005 -14"><span class='ocrx_word' id='word_1_33' title='bbox 135 659 234 685; x_wconf 90' lang='lat' dir='ltr'><strong>cum</strong></span> <span class='ocrx_word' id='word_1_34' title='bbox 277 646 555 686; x_wconf 89' lang='lat' dir='ltr'><strong>festinatione</strong></span> <span class='ocrx_word' id='word_1_35' title='bbox 613 647 655 685; x_wconf 91' lang='lat' dir='ltr'><strong>in</strong></span> <span class='ocrx_word' id='word_1_36' title='bbox 712 653 926 688; x_wconf 87' lang='lat' dir='ltr'><strong>montana</strong></span> <span class='ocrx_word' id='word_1_37' title='bbox 970 650 1248 699; x_wconf 76' lang='lat' dir='ltr'><strong>contendere,</strong></span> <span class='ocrx_word' id='word_1_38' title='bbox 1302 651 1407 691; x_wconf 92' lang='lat' dir='ltr'><strong>Luc.</strong></span> <span class='ocrx_word' id='word_1_39' title='bbox 1467 663 1497 691; x_wconf 74' lang='grc' dir='ltr'><strong>Ι.</strong></span> <span class='ocrx_word' id='word_1_40' title='bbox 1551 657 1601 692; x_wconf 88' lang='lat' dir='ltr'><strong>ut</strong></span> 
     </span>
     <span class='ocr_line' id='line_1_7' title="bbox 134 719 1600 776; baseline 0.004 -17"><span class='ocrx_word' id='word_1_41' title='bbox 134 719 390 760; x_wconf 88' lang='lat' dir='ltr'><strong>charitatem</strong></span> <span class='ocrx_word' id='word_1_42' title='bbox 428 733 552 760; x_wconf 88' lang='lat' dir='ltr'><strong>suam</strong></span> <span class='ocrx_word' id='word_1_43' title='bbox 590 734 693 773; x_wconf 89' lang='lat' dir='ltr'><strong>erga</strong></span> <span class='ocrx_word' id='word_1_44' title='bbox 732 722 959 762; x_wconf 78' lang='lat' dir='ltr'><strong>Elisabeth</strong></span> <span class='ocrx_word' id='word_1_45' title='bbox 1000 724 1144 775; x_wconf 88' lang='lat' dir='ltr'><strong>partui</strong></span> <span class='ocrx_word' id='word_1_46' title='bbox 1182 725 1436 776; x_wconf 75' lang='lat' dir='ltr'><strong>proximam</strong></span> <span class='ocrx_word' id='word_1_47' title='bbox 1475 725 1600 765; x_wconf 75' lang='lat' dir='ltr'><strong>exhi-</strong></span> 
     </span>
     <span class='ocr_line' id='line_1_8' title="bbox 133 794 1600 851; baseline 0.005 -18"><span class='ocrx_word' id='word_1_48' title='bbox 133 794 282 834; x_wconf 83' lang='lat' dir='ltr'><strong>beret:</strong></span> <span class='ocrx_word' id='word_1_49' title='bbox 319 795 455 834; x_wconf 85' lang='lat' dir='ltr'><strong>nescit</strong></span> <span class='ocrx_word' id='word_1_50' title='bbox 478 795 594 834; x_wconf 92' lang='lat' dir='ltr'><strong>enim</strong></span> <span class='ocrx_word' id='word_1_51' title='bbox 624 796 750 835; x_wconf 88' lang='lat' dir='ltr'><strong>tarda</strong></span> <span class='ocrx_word' id='word_1_52' title='bbox 773 796 1002 837; x_wconf 82' lang='lat' dir='ltr'><strong>molimina</strong></span> <span class='ocrx_word' id='word_1_53' title='bbox 1035 796 1224 850; x_wconf 82' lang='lat' dir='ltr'><strong>Spiritus</strong></span> <span class='ocrx_word' id='word_1_54' title='bbox 1258 797 1410 839; x_wconf 82' lang='lat' dir='ltr'><strong>Sancti</strong></span> <span class='ocrx_word' id='word_1_55' title='bbox 1442 800 1600 851; x_wconf 88' lang='lat' dir='ltr'><strong>gratia,</strong></span> 
     </span>
     <span class='ocr_line' id='line_1_9' title="bbox 131 867 1596 925; baseline 0.005 -19"><span class='ocrx_word' id='word_1_56' title='bbox 131 874 179 907; x_wconf 90' lang='lat' dir='ltr'><strong>ut</strong></span> <span class='ocrx_word' id='word_1_57' title='bbox 221 867 336 908; x_wconf 90' lang='lat' dir='ltr'><strong>idem</strong></span> <span class='ocrx_word' id='word_1_58' title='bbox 379 867 643 909; x_wconf 85' lang='lat' dir='ltr'><strong>Ambrosius</strong></span> <span class='ocrx_word' id='word_1_59' title='bbox 685 869 791 910; x_wconf 91' lang='lat' dir='ltr'><strong>dicit</strong></span> <span class='ocrx_word' id='word_1_60' title='bbox 833 871 875 910; x_wconf 92' lang='lat' dir='ltr'><strong>in</strong></span> <span class='ocrx_word' id='word_1_61' title='bbox 919 871 1023 911; x_wconf 93' lang='lat' dir='ltr'><strong>Luc.</strong></span> <span class='ocrx_word' id='word_1_62' title='bbox 1069 883 1099 912; x_wconf 89' lang='lat'><strong>1.</strong></span> <span class='ocrx_word' id='word_1_63' title='bbox 1183 872 1421 925; x_wconf 84' lang='lat' dir='ltr'><strong>Propterea</strong></span> <span class='ocrx_word' id='word_1_64' title='bbox 1463 874 1596 914; x_wconf 87' lang='lat' dir='ltr'><strong>etiam</strong></span> 
     </span>
     <span class='ocr_line' id='line_1_10' title="bbox 129 941 1592 1000; baseline 0.005 -19"><span class='ocrx_word' id='word_1_65' title='bbox 129 941 324 993; x_wconf 87' lang='lat' dir='ltr'><strong>Joannes</strong></span> <span class='ocrx_word' id='word_1_66' title='bbox 360 942 618 995; x_wconf 84' lang='lat' dir='ltr'><strong>Apostolus,</strong></span> <span class='ocrx_word' id='word_1_67' title='bbox 655 949 701 984; x_wconf 90' lang='lat' dir='ltr'><strong>ut</strong></span> <span class='ocrx_word' id='word_1_68' title='bbox 735 951 957 985; x_wconf 86' lang='lat' dir='ltr'><strong>revocaret</strong></span> <span class='ocrx_word' id='word_1_69' title='bbox 992 946 1320 986; x_wconf 87' lang='lat' dir='ltr'><strong>adolescentem</strong></span> <span class='ocrx_word' id='word_1_70' title='bbox 1358 949 1592 1000; x_wconf 81' lang='lat' dir='ltr'><strong>quendam,</strong></span> 
     </span>
     <span class='ocr_line' id='line_1_11' title="bbox 131 1016 1595 1075; baseline 0.005 -20"><span class='ocrx_word' id='word_1_71' title='bbox 131 1030 262 1069; x_wconf 91' lang='lat' dir='ltr'><strong>quem</strong></span> <span class='ocrx_word' id='word_1_72' title='bbox 293 1016 570 1057; x_wconf 90' lang='lat' dir='ltr'><strong>educandum</strong></span> <span class='ocrx_word' id='word_1_73' title='bbox 615 1018 848 1071; x_wconf 85' lang='lat' dir='ltr'><strong>reliquerat</strong></span> <span class='ocrx_word' id='word_1_74' title='bbox 885 1020 1074 1060; x_wconf 86' lang='lat' dir='ltr'><strong>civitatis</strong></span> <span class='ocrx_word' id='word_1_75' title='bbox 1118 1020 1351 1075; x_wconf 86' lang='lat' dir='ltr'><strong>Episcopo,</strong></span> <span class='ocrx_word' id='word_1_76' title='bbox 1393 1037 1419 1062; x_wconf 89' lang='lat' dir='ltr'><strong>a</strong></span> <span class='ocrx_word' id='word_1_77' title='bbox 1463 1022 1595 1064; x_wconf 90' lang='lat' dir='ltr'><strong>latro-</strong></span> 
     </span>
     <span class='ocr_line' id='line_1_12' title="bbox 133 1091 1595 1147; baseline 0.005 -17"><span class='ocrx_word' id='word_1_78' title='bbox 133 1091 270 1139; x_wconf 87' lang='lat' dir='ltr'><strong>ciniis,</strong></span> <span class='ocrx_word' id='word_1_79' title='bbox 316 1095 582 1132; x_wconf 90' lang='lat' dir='ltr'><strong>“conscenso</strong></span> <span class='ocrx_word' id='word_1_80' title='bbox 614 1106 727 1145; x_wconf 92' lang='lat' dir='ltr'><strong>equo</strong></span> <span class='ocrx_word' id='word_1_81' title='bbox 759 1099 876 1134; x_wconf 88' lang='lat' dir='ltr'><strong>totas</strong></span> <span class='ocrx_word' id='word_1_82' title='bbox 908 1094 1091 1135; x_wconf 77' lang='lat' dir='ltr'><strong>laxabat</strong></span> <span class='ocrx_word' id='word_1_83' title='bbox 1132 1096 1338 1147; x_wconf 87' lang='lat' dir='ltr'><strong>habenas,</strong></span> <span class='ocrx_word' id='word_1_84' title='bbox 1381 1098 1595 1138; x_wconf 87' lang='lat' dir='ltr'><strong>minorem</strong></span> 
     </span>
     <span class='ocr_line' id='line_1_13' title="bbox 129 1166 1595 1221; baseline 0.006 -18"><span class='ocrx_word' id='word_1_85' title='bbox 129 1178 224 1204; x_wconf 87' lang='lat' dir='ltr'><strong>esse</strong></span> <span class='ocrx_word' id='word_1_86' title='bbox 256 1166 516 1205; x_wconf 79' lang='lat' dir='ltr'><strong>existimans</strong></span> <span class='ocrx_word' id='word_1_87' title='bbox 545 1167 643 1219; x_wconf 91' lang='lat' dir='ltr'><strong>equi</strong></span> <span class='ocrx_word' id='word_1_88' title='bbox 673 1166 951 1208; x_wconf 87' lang='lat' dir='ltr'><strong>velocitatem</strong></span> <span class='ocrx_word' id='word_1_89' title='bbox 983 1183 1062 1221; x_wconf 90' lang='lat' dir='ltr'><strong>pro</strong></span> <span class='ocrx_word' id='word_1_90' title='bbox 1094 1183 1172 1209; x_wconf 88' lang='lat' dir='ltr'><strong>sua</strong></span> <span class='ocrx_word' id='word_1_91' title='bbox 1204 1170 1522 1220; x_wconf 83' lang='lat' dir='ltr'><strong>festinatione,’&#39;</strong></span> <span class='ocrx_word' id='word_1_92' title='bbox 1547 1178 1595 1212; x_wconf 92' lang='lat' dir='ltr'><strong>ut</strong></span> 
     </span>
     <span class='ocr_line' id='line_1_14' title="bbox 130 1239 1593 1296; baseline 0.007 -18"><span class='ocrx_word' id='word_1_93' title='bbox 130 1239 259 1279; x_wconf 88' lang='lat' dir='ltr'><strong>refert</strong></span> <span class='ocrx_word' id='word_1_94' title='bbox 295 1239 500 1280; x_wconf 87' lang='lat' dir='ltr'><strong>Clemens</strong></span> <span class='ocrx_word' id='word_1_95' title='bbox 531 1240 865 1281; x_wconf 80' lang='lat' dir='ltr'><strong>Alexandrinus</strong></span> <span class='ocrx_word' id='word_1_96' title='bbox 902 1249 945 1282; x_wconf 89' lang='lat' dir='ltr'><strong>et</strong></span> <span class='ocrx_word' id='word_1_97' title='bbox 984 1243 1327 1296; x_wconf 89' lang='lat' dir='ltr'><strong>Chrysostomus</strong></span> <span class='ocrx_word' id='word_1_98' title='bbox 1360 1246 1417 1287; x_wconf 89' lang='lat' dir='ltr'><strong>ad</strong></span> <span class='ocrx_word' id='word_1_99' title='bbox 1447 1247 1593 1287; x_wconf 91' lang='lat' dir='ltr'><strong>Theo-</strong></span> 
     </span>
     <span class='ocr_line' id='line_1_15' title="bbox 128 1313 1589 1375; baseline 0.007 -23"><span class='ocrx_word' id='word_1_100' title='bbox 128 1314 283 1353; x_wconf 92' lang='lat' dir='ltr'><strong>dorum</strong></span> <span class='ocrx_word' id='word_1_101' title='bbox 325 1314 507 1367; x_wconf 90' lang='lat' dir='ltr'><strong>lapsum.</strong></span> <span class='ocrx_word' id='word_1_102' title='bbox 572 1313 726 1367; x_wconf 75' lang='lat' dir='ltr'><strong>“Quin</strong></span> <span class='ocrx_word' id='word_1_103' title='bbox 769 1317 901 1356; x_wconf 90' lang='lat' dir='ltr'><strong>etiam</strong></span> <span class='ocrx_word' id='word_1_104' title='bbox 944 1331 1043 1357; x_wconf 89' lang='lat' dir='ltr'><strong>cum</strong></span> <span class='ocrx_word' id='word_1_105' title='bbox 1081 1318 1347 1368; x_wconf 86' lang='lat' dir='ltr'><strong>adolescens,</strong></span> <span class='ocrx_word' id='word_1_106' title='bbox 1386 1322 1589 1375; x_wconf 89' lang='lat' dir='ltr'><strong>princeps</strong></span> 
     </span>
     <span class='ocr_line' id='line_1_16' title="bbox 125 1387 1586 1449; baseline 0.008 -23"><span class='ocrx_word' id='word_1_107' title='bbox 125 1387 347 1428; x_wconf 87' lang='lat' dir='ltr'><strong>latronum</strong></span> <span class='ocrx_word' id='word_1_108' title='bbox 388 1388 540 1438; x_wconf 88' lang='lat' dir='ltr'><strong>factus,</strong></span> <span class='ocrx_word' id='word_1_109' title='bbox 577 1389 633 1429; x_wconf 91' lang='lat' dir='ltr'><strong>ad</strong></span> <span class='ocrx_word' id='word_1_110' title='bbox 665 1390 848 1441; x_wconf 88' lang='lat' dir='ltr'><strong>Joannis</strong></span> <span class='ocrx_word' id='word_1_111' title='bbox 884 1392 1123 1432; x_wconf 87' lang='lat' dir='ltr'><strong>adventum</strong></span> <span class='ocrx_word' id='word_1_112' title='bbox 1167 1400 1346 1447; x_wconf 91' lang='lat' dir='ltr'><strong>repente</strong></span> <span class='ocrx_word' id='word_1_113' title='bbox 1388 1395 1586 1449; x_wconf 79' lang='lat' dir='ltr'><strong>fugisset,</strong></span> 
     </span>
     <span class='ocr_line' id='line_1_17' title="bbox 123 1462 1587 1523; baseline 0.006 -22"><span class='ocrx_word' id='word_1_114' title='bbox 123 1462 317 1514; x_wconf 78' lang='lat' dir='ltr'><strong>joannes</strong></span> <span class='ocrx_word' id='word_1_115' title='bbox 369 1462 576 1502; x_wconf 88' lang='lat' dir='ltr'><strong>oblivioni</strong></span> <span class='ocrx_word' id='word_1_116' title='bbox 628 1464 791 1504; x_wconf 86' lang='lat' dir='ltr'><strong>tradita</strong></span> <span class='ocrx_word' id='word_1_117' title='bbox 846 1472 1081 1515; x_wconf 87' lang='lat' dir='ltr'><strong>senectute,</strong></span> <span class='ocrx_word' id='word_1_118' title='bbox 1134 1481 1185 1507; x_wconf 90' lang='lat' dir='ltr'><strong>ac</strong></span> <span class='ocrx_word' id='word_1_119' title='bbox 1241 1469 1437 1509; x_wconf 91' lang='lat' dir='ltr'><strong>motione</strong></span> <span class='ocrx_word' id='word_1_120' title='bbox 1488 1484 1587 1523; x_wconf 82' lang='lat' dir='ltr'><strong>quae</strong></span> 
     </span>
     <span class='ocr_line' id='line_1_18' title="bbox 124 1537 1588 1596; baseline 0.007 -21"><span class='ocrx_word' id='word_1_121' title='bbox 124 1537 339 1577; x_wconf 90' lang='lat' dir='ltr'><strong>mundum</strong></span> <span class='ocrx_word' id='word_1_122' title='bbox 366 1538 573 1590; x_wconf 86' lang='lat' dir='ltr'><strong>consequi</strong></span> <span class='ocrx_word' id='word_1_123' title='bbox 606 1538 727 1585; x_wconf 89' lang='lat' dir='ltr'><strong>solet,</strong></span> <span class='ocrx_word' id='word_1_124' title='bbox 752 1539 992 1592; x_wconf 82' lang='lat' dir='ltr'><strong>fugientem</strong></span> <span class='ocrx_word' id='word_1_125' title='bbox 1026 1543 1310 1594; x_wconf 90' lang='lat' dir='ltr'><strong>persequitur,</strong></span> <span class='ocrx_word' id='word_1_126' title='bbox 1334 1545 1454 1596; x_wconf 84' lang='lat' dir='ltr'><strong>gravi</strong></span> <span class='ocrx_word' id='word_1_127' title='bbox 1481 1558 1588 1585; x_wconf 89' lang='lat' dir='ltr'><strong>voce</strong></span> 
     </span>
     <span class='ocr_line' id='line_1_19' title="bbox 124 1610 1588 1662; baseline 0.005 -11"><span class='ocrx_word' id='word_1_128' title='bbox 124 1610 381 1651; x_wconf 87' lang='lat' dir='ltr'><strong>clamitans:</strong></span> <span class='ocrx_word' id='word_1_129' title='bbox 415 1610 618 1652; x_wconf 91' lang='lat' dir='ltr'><strong>Consiste</strong></span> <span class='ocrx_word' id='word_1_130' title='bbox 644 1613 687 1651; x_wconf 90' lang='lat' dir='ltr'><strong>in</strong></span> <span class='ocrx_word' id='word_1_131' title='bbox 717 1611 825 1661; x_wconf 89' lang='lat' dir='ltr'><strong>loco,</strong></span> <span class='ocrx_word' id='word_1_132' title='bbox 850 1613 921 1662; x_wconf 88' lang='lat' dir='ltr'><strong>fili,</strong></span> <span class='ocrx_word' id='word_1_133' title='bbox 947 1613 1146 1655; x_wconf 87' lang='lat' dir='ltr'><strong>Christus</strong></span> <span class='ocrx_word' id='word_1_134' title='bbox 1176 1630 1247 1656; x_wconf 90' lang='lat' dir='ltr'><strong>me</strong></span> <span class='ocrx_word' id='word_1_135' title='bbox 1275 1617 1395 1657; x_wconf 89' lang='lat' dir='ltr'><strong>misit</strong></span> <span class='ocrx_word' id='word_1_136' title='bbox 1422 1618 1479 1658; x_wconf 91' lang='lat' dir='ltr'><strong>ad</strong></span> <span class='ocrx_word' id='word_1_137' title='bbox 1509 1619 1588 1659; x_wconf 82' lang='lat' dir='ltr'><strong>te.&#39;’</strong></span> 
     </span>
     <span class='ocr_line' id='line_1_20' title="bbox 124 1684 1586 1745; baseline 0.007 -22"><span class='ocrx_word' id='word_1_138' title='bbox 124 1684 375 1725; x_wconf 89' lang='lat' dir='ltr'><strong>Necessitas</strong></span> <span class='ocrx_word' id='word_1_139' title='bbox 416 1686 579 1738; x_wconf 92' lang='lat' dir='ltr'><strong>quippe</strong></span> <span class='ocrx_word' id='word_1_140' title='bbox 621 1687 921 1736; x_wconf 82' lang='lat' dir='ltr'><strong>festinationis,</strong></span> <span class='ocrx_word' id='word_1_141' title='bbox 959 1694 1002 1728; x_wconf 92' lang='lat' dir='ltr'><strong>et</strong></span> <span class='ocrx_word' id='word_1_142' title='bbox 1038 1703 1187 1729; x_wconf 91' lang='lat' dir='ltr'><strong>cursus</strong></span> <span class='ocrx_word' id='word_1_143' title='bbox 1222 1697 1315 1731; x_wconf 88' lang='lat' dir='ltr'><strong>erat</strong></span> <span class='ocrx_word' id='word_1_144' title='bbox 1357 1692 1586 1745; x_wconf 87' lang='lat' dir='ltr'><strong>ejusmodi,</strong></span> 
     </span>
     <span class='ocr_line' id='line_1_21' title="bbox 124 1759 1584 1814; baseline 0.006 -16"><span class='ocrx_word' id='word_1_145' title='bbox 124 1765 171 1799; x_wconf 91' lang='lat' dir='ltr'><strong>ut</strong></span> <span class='ocrx_word' id='word_1_146' title='bbox 202 1765 354 1799; x_wconf 89' lang='lat' dir='ltr'><strong>contra</strong></span> <span class='ocrx_word' id='word_1_147' title='bbox 385 1759 592 1799; x_wconf 87' lang='lat' dir='ltr'><strong>decorum</strong></span> <span class='ocrx_word' id='word_1_148' title='bbox 628 1760 669 1801; x_wconf 90' lang='lat' dir='ltr'><strong>S.</strong></span> <span class='ocrx_word' id='word_1_149' title='bbox 694 1760 939 1814; x_wconf 85' lang='lat' dir='ltr'><strong>Apostolus</strong></span> <span class='ocrx_word' id='word_1_150' title='bbox 966 1763 1138 1812; x_wconf 89' lang='lat' dir='ltr'><strong>faceret,</strong></span> <span class='ocrx_word' id='word_1_151' title='bbox 1162 1765 1196 1804; x_wconf 89' lang='lat' dir='ltr'><strong>si</strong></span> <span class='ocrx_word' id='word_1_152' title='bbox 1230 1766 1345 1805; x_wconf 90' lang='lat' dir='ltr'><strong>senis</strong></span> <span class='ocrx_word' id='word_1_153' title='bbox 1377 1766 1584 1807; x_wconf 91' lang='lat' dir='ltr'><strong>decorum</strong></span> 
     </span>
    </p>
   </div>
   <div class='ocr_carea' id='block_1_3' title="bbox 122 1833 1587 1963">
    <p class='ocr_par' dir='ltr' id='par_1_4' title="bbox 122 1833 1587 1963">
     <span class='ocr_line' id='line_1_22' title="bbox 122 1833 520 1874; baseline 0 -1"><span class='ocrx_word' id='word_1_154' title='bbox 122 1840 271 1873; x_wconf 91' lang='lat' dir='ltr'><strong>tenere</strong></span> <span class='ocrx_word' id='word_1_155' title='bbox 302 1833 520 1874; x_wconf 89' lang='lat' dir='ltr'><strong>voluisset.</strong></span> 
     </span>
     <span class='ocr_line' id='line_1_23' title="bbox 211 1907 1587 1963; baseline 0.008 -18"><span class='ocrx_word' id='word_1_156' title='bbox 211 1912 269 1958; x_wconf 81' lang='lat'><strong>30.</strong></span> <span class='ocrx_word' id='word_1_157' title='bbox 302 1907 375 1947; x_wconf 84' lang='lat' dir='ltr'><strong>Ex</strong></span> <span class='ocrx_word' id='word_1_158' title='bbox 408 1908 543 1947; x_wconf 89' lang='lat' dir='ltr'><strong>nimio</strong></span> <span class='ocrx_word' id='word_1_159' title='bbox 573 1909 718 1948; x_wconf 90' lang='lat' dir='ltr'><strong>studio</strong></span> <span class='ocrx_word' id='word_1_160' title='bbox 750 1910 930 1950; x_wconf 86' lang='lat' dir='ltr'><strong>videndi</strong></span> <span class='ocrx_word' id='word_1_161' title='bbox 963 1910 1140 1963; x_wconf 90' lang='lat' dir='ltr'><strong>aliquid,</strong></span> <span class='ocrx_word' id='word_1_162' title='bbox 1163 1918 1239 1952; x_wconf 90' lang='lat' dir='ltr'><strong>aut</strong></span> <span class='ocrx_word' id='word_1_163' title='bbox 1269 1913 1477 1954; x_wconf 89' lang='lat' dir='ltr'><strong>audiendi</strong></span> <span class='ocrx_word' id='word_1_164' title='bbox 1511 1922 1587 1957; x_wconf 85' lang='lat' dir='ltr'><strong>aut</strong></span> 
     </span>
    </p>
   </div>
   <div class='ocr_carea' id='block_1_4' title="bbox 111 1981 1585 2925">
    <p class='ocr_par' dir='ltr' id='par_1_5' title="bbox 111 1981 1585 2775">
     <span class='ocr_line' id='line_1_24' title="bbox 120 1981 1585 2041; baseline 0.007 -21"><span class='ocrx_word' id='word_1_165' title='bbox 120 1981 322 2021; x_wconf 89' lang='lat' dir='ltr'><strong>habendi.</strong></span> <span class='ocrx_word' id='word_1_166' title='bbox 398 1981 528 2034; x_wconf 75' lang='lat' dir='ltr'><strong>Quod</strong></span> <span class='ocrx_word' id='word_1_167' title='bbox 567 1983 601 2022; x_wconf 89' lang='lat' dir='ltr'><strong>si</strong></span> <span class='ocrx_word' id='word_1_168' title='bbox 639 1983 682 2023; x_wconf 94' lang='lat' dir='ltr'><strong>id</strong></span> <span class='ocrx_word' id='word_1_169' title='bbox 720 1984 838 2036; x_wconf 94' lang='lat' dir='ltr'><strong>quod</strong></span> <span class='ocrx_word' id='word_1_170' title='bbox 877 1984 1012 2024; x_wconf 87' lang='lat' dir='ltr'><strong>videri</strong></span> <span class='ocrx_word' id='word_1_171' title='bbox 1053 1992 1128 2026; x_wconf 87' lang='lat' dir='ltr'><strong>aut</strong></span> <span class='ocrx_word' id='word_1_172' title='bbox 1164 1986 1314 2027; x_wconf 89' lang='lat' dir='ltr'><strong>haberi</strong></span> <span class='ocrx_word' id='word_1_173' title='bbox 1351 1990 1585 2041; x_wconf 90' lang='lat' dir='ltr'><strong>appetitur,</strong></span> 
     </span>
     <span class='ocr_line' id='line_1_25' title="bbox 119 2055 1583 2114; baseline 0.007 -20"><span class='ocrx_word' id='word_1_174' title='bbox 119 2055 290 2095; x_wconf 79' lang='lat' dir='ltr'><strong>fluxum</strong></span> <span class='ocrx_word' id='word_1_175' title='bbox 322 2055 488 2108; x_wconf 88' lang='lat' dir='ltr'><strong>aliquid</strong></span> <span class='ocrx_word' id='word_1_176' title='bbox 521 2062 597 2096; x_wconf 85' lang='lat' dir='ltr'><strong>aut</strong></span> <span class='ocrx_word' id='word_1_177' title='bbox 629 2057 757 2097; x_wconf 88' lang='lat' dir='ltr'><strong>inane</strong></span> <span class='ocrx_word' id='word_1_178' title='bbox 786 2063 863 2107; x_wconf 91' lang='lat' dir='ltr'><strong>est,</strong></span> <span class='ocrx_word' id='word_1_179' title='bbox 888 2058 1111 2100; x_wconf 87' lang='lat' dir='ltr'><strong>festinatio</strong></span> <span class='ocrx_word' id='word_1_180' title='bbox 1143 2061 1464 2114; x_wconf 88' lang='lat' dir='ltr'><strong>vituperatione</strong></span> <span class='ocrx_word' id='word_1_181' title='bbox 1495 2078 1583 2105; x_wconf 91' lang='lat' dir='ltr'><strong>non</strong></span> 
     </span>
     <span class='ocr_line' id='line_1_26' title="bbox 118 2131 1580 2183; baseline 0.006 -14"><span class='ocrx_word' id='word_1_182' title='bbox 118 2136 261 2170; x_wconf 91' lang='lat' dir='ltr'><strong>caret:</strong></span> <span class='ocrx_word' id='word_1_183' title='bbox 294 2131 458 2183; x_wconf 88' lang='lat' dir='ltr'><strong>quippe</strong></span> <span class='ocrx_word' id='word_1_184' title='bbox 489 2131 717 2171; x_wconf 88' lang='lat' dir='ltr'><strong>curiositas</strong></span> <span class='ocrx_word' id='word_1_185' title='bbox 748 2131 912 2172; x_wconf 89' lang='lat' dir='ltr'><strong>inutilis</strong></span> <span class='ocrx_word' id='word_1_186' title='bbox 943 2140 1018 2173; x_wconf 90' lang='lat' dir='ltr'><strong>est.</strong></span> <span class='ocrx_word' id='word_1_187' title='bbox 1083 2133 1161 2175; x_wconf 92' lang='lat' dir='ltr'><strong>Sin</strong></span> <span class='ocrx_word' id='word_1_188' title='bbox 1193 2141 1346 2176; x_wconf 88' lang='lat' dir='ltr'><strong>autum</strong></span> <span class='ocrx_word' id='word_1_189' title='bbox 1379 2144 1580 2179; x_wconf 88' lang='lat' dir='ltr'><strong>sanctum</strong></span> 
     </span>
     <span class='ocr_line' id='line_1_27' title="bbox 118 2203 1582 2262; baseline 0.006 -18"><span class='ocrx_word' id='word_1_190' title='bbox 118 2203 283 2257; x_wconf 87' lang='lat' dir='ltr'><strong>aliquid</strong></span> <span class='ocrx_word' id='word_1_191' title='bbox 316 2210 391 2244; x_wconf 89' lang='lat' dir='ltr'><strong>aut</strong></span> <span class='ocrx_word' id='word_1_192' title='bbox 423 2205 633 2256; x_wconf 88' lang='lat' dir='ltr'><strong>divinum,</strong></span> <span class='ocrx_word' id='word_1_193' title='bbox 667 2205 936 2247; x_wconf 87' lang='lat' dir='ltr'><strong>festinationi</strong></span> <span class='ocrx_word' id='word_1_194' title='bbox 971 2213 1117 2260; x_wconf 86' lang='lat' dir='ltr'><strong>potest</strong></span> <span class='ocrx_word' id='word_1_195' title='bbox 1152 2210 1330 2262; x_wconf 84' lang='lat' dir='ltr'><strong>ignosci,</strong></span> <span class='ocrx_word' id='word_1_196' title='bbox 1363 2212 1582 2253; x_wconf 89' lang='lat' dir='ltr'><strong>interdum</strong></span> 
     </span>
     <span class='ocr_line' id='line_1_28' title="bbox 118 2279 1584 2334; baseline 0.007 -16"><span class='ocrx_word' id='word_1_197' title='bbox 118 2285 184 2319; x_wconf 87' lang='lat' dir='ltr'><strong>est</strong></span> <span class='ocrx_word' id='word_1_198' title='bbox 219 2279 453 2319; x_wconf 89' lang='lat' dir='ltr'><strong>tribuenda</strong></span> <span class='ocrx_word' id='word_1_199' title='bbox 490 2279 611 2330; x_wconf 88' lang='lat' dir='ltr'><strong>laus;</strong></span> <span class='ocrx_word' id='word_1_200' title='bbox 655 2280 758 2332; x_wconf 89' lang='lat' dir='ltr'><strong>quia</strong></span> <span class='ocrx_word' id='word_1_201' title='bbox 790 2281 931 2334; x_wconf 89' lang='lat' dir='ltr'><strong>pietas</strong></span> <span class='ocrx_word' id='word_1_202' title='bbox 964 2283 1170 2334; x_wconf 83' lang='lat' dir='ltr'><strong>quaedam</strong></span> <span class='ocrx_word' id='word_1_203' title='bbox 1207 2291 1281 2325; x_wconf 89' lang='lat' dir='ltr'><strong>est.</strong></span> <span class='ocrx_word' id='word_1_204' title='bbox 1345 2285 1466 2326; x_wconf 90' lang='lat' dir='ltr'><strong>Talis</strong></span> <span class='ocrx_word' id='word_1_205' title='bbox 1501 2287 1584 2328; x_wconf 91' lang='lat' dir='ltr'><strong>fuit</strong></span> 
     </span>
     <span class='ocr_line' id='line_1_29' title="bbox 115 2351 1579 2409; baseline 0.007 -17"><span class='ocrx_word' id='word_1_206' title='bbox 115 2351 338 2393; x_wconf 89' lang='lat' dir='ltr'><strong>festinatio</strong></span> <span class='ocrx_word' id='word_1_207' title='bbox 360 2359 597 2406; x_wconf 88' lang='lat' dir='ltr'><strong>pastorum,</strong></span> <span class='ocrx_word' id='word_1_208' title='bbox 621 2368 721 2394; x_wconf 91' lang='lat' dir='ltr'><strong>cum</strong></span> <span class='ocrx_word' id='word_1_209' title='bbox 744 2355 800 2395; x_wconf 86' lang='lat' dir='ltr'><strong>ab</strong></span> <span class='ocrx_word' id='word_1_210' title='bbox 823 2355 1003 2409; x_wconf 90' lang='lat' dir='ltr'><strong>Angelo</strong></span> <span class='ocrx_word' id='word_1_211' title='bbox 1025 2357 1241 2399; x_wconf 87' lang='lat' dir='ltr'><strong>admoniti</strong></span> <span class='ocrx_word' id='word_1_212' title='bbox 1270 2359 1326 2400; x_wconf 88' lang='lat' dir='ltr'><strong>ad</strong></span> <span class='ocrx_word' id='word_1_213' title='bbox 1348 2361 1579 2402; x_wconf 86' lang='lat' dir='ltr'><strong>visendum</strong></span> 
     </span>
     <span class='ocr_line' id='line_1_30' title="bbox 114 2428 1581 2484; baseline 0.007 -19"><span class='ocrx_word' id='word_1_214' title='bbox 114 2433 327 2467; x_wconf 90' lang='lat' dir='ltr'><strong>venerunt</strong></span> <span class='ocrx_word' id='word_1_215' title='bbox 370 2428 619 2478; x_wconf 87' lang='lat' dir='ltr'><strong>Infantem;</strong></span> <span class='ocrx_word' id='word_1_216' title='bbox 673 2429 777 2470; x_wconf 93' lang='lat' dir='ltr'><strong>Luc.</strong></span> <span class='ocrx_word' id='word_1_217' title='bbox 822 2440 856 2469; x_wconf 88' lang='lat'><strong>2.</strong></span> <span class='ocrx_word' id='word_1_218' title='bbox 939 2430 1060 2471; x_wconf 88' lang='lat' dir='ltr'><strong>Talis</strong></span> <span class='ocrx_word' id='word_1_219' title='bbox 1102 2432 1324 2474; x_wconf 89' lang='lat' dir='ltr'><strong>festinatio</strong></span> <span class='ocrx_word' id='word_1_220' title='bbox 1367 2434 1492 2484; x_wconf 91' lang='lat' dir='ltr'><strong>Petri,</strong></span> <span class='ocrx_word' id='word_1_221' title='bbox 1537 2442 1581 2477; x_wconf 92' lang='lat' dir='ltr'><strong>et</strong></span> 
     </span>
     <span class='ocr_line' id='line_1_31' title="bbox 113 2499 1576 2556; baseline 0.008 -16"><span class='ocrx_word' id='word_1_222' title='bbox 113 2499 296 2552; x_wconf 90' lang='lat' dir='ltr'><strong>Joannis</strong></span> <span class='ocrx_word' id='word_1_223' title='bbox 323 2503 588 2542; x_wconf 85' lang='lat' dir='ltr'><strong>currentium</strong></span> <span class='ocrx_word' id='word_1_224' title='bbox 615 2504 671 2543; x_wconf 90' lang='lat' dir='ltr'><strong>ad</strong></span> <span class='ocrx_word' id='word_1_225' title='bbox 699 2510 1047 2556; x_wconf 90' lang='lat' dir='ltr'><strong>monumentum,</strong></span> <span class='ocrx_word' id='word_1_226' title='bbox 1072 2507 1209 2548; x_wconf 91' lang='lat' dir='ltr'><strong>nimio</strong></span> <span class='ocrx_word' id='word_1_227' title='bbox 1231 2508 1378 2549; x_wconf 89' lang='lat' dir='ltr'><strong>studio</strong></span> <span class='ocrx_word' id='word_1_228' title='bbox 1400 2511 1576 2551; x_wconf 89' lang='lat' dir='ltr'><strong>videndi</strong></span> 
     </span>
     <span class='ocr_line' id='line_1_32' title="bbox 115 2574 1579 2632; baseline 0.008 -18"><span class='ocrx_word' id='word_1_229' title='bbox 115 2574 360 2615; x_wconf 89' lang='lat' dir='ltr'><strong>Dominum</strong></span> <span class='ocrx_word' id='word_1_230' title='bbox 404 2577 674 2627; x_wconf 88' lang='lat' dir='ltr'><strong>redivivum;</strong></span> <span class='ocrx_word' id='word_1_231' title='bbox 734 2578 800 2630; x_wconf 93' lang='lat' dir='ltr'><strong>Jo.</strong></span> <span class='ocrx_word' id='word_1_232' title='bbox 844 2590 904 2619; x_wconf 89' lang='lat'><strong>10.</strong></span> <span class='ocrx_word' id='word_1_233' title='bbox 944 2580 1048 2620; x_wconf 86' lang='lat' dir='ltr'><strong>Luc.</strong></span> <span class='ocrx_word' id='word_1_234' title='bbox 1086 2592 1150 2632; x_wconf 86' lang='lat'><strong>24.</strong></span> <span class='ocrx_word' id='word_1_235' title='bbox 1232 2582 1354 2623; x_wconf 87' lang='lat' dir='ltr'><strong>Talis</strong></span> <span class='ocrx_word' id='word_1_236' title='bbox 1396 2590 1439 2624; x_wconf 89' lang='lat' dir='ltr'><strong>et</strong></span> <span class='ocrx_word' id='word_1_237' title='bbox 1490 2590 1579 2625; x_wconf 92' lang='lat' dir='ltr'><strong>tur-</strong></span> 
     </span>
     <span class='ocr_line' id='line_1_33' title="bbox 114 2649 1578 2709; baseline 0.008 -21"><span class='ocrx_word' id='word_1_238' title='bbox 114 2649 283 2698; x_wconf 89' lang='lat' dir='ltr'><strong>barum,</strong></span> <span class='ocrx_word' id='word_1_239' title='bbox 307 2663 407 2689; x_wconf 88' lang='lat' dir='ltr'><strong>cum</strong></span> <span class='ocrx_word' id='word_1_240' title='bbox 441 2650 648 2690; x_wconf 89' lang='lat' dir='ltr'><strong>audiendi</strong></span> <span class='ocrx_word' id='word_1_241' title='bbox 682 2651 947 2706; x_wconf 87' lang='lat' dir='ltr'><strong>videndique</strong></span> <span class='ocrx_word' id='word_1_242' title='bbox 980 2654 1140 2696; x_wconf 90' lang='lat' dir='ltr'><strong>Christi</strong></span> <span class='ocrx_word' id='word_1_243' title='bbox 1173 2657 1415 2709; x_wconf 89' lang='lat' dir='ltr'><strong>cupiditate</strong></span> <span class='ocrx_word' id='word_1_244' title='bbox 1446 2659 1578 2700; x_wconf 86' lang='lat' dir='ltr'><strong>irrue-</strong></span> 
     </span>
     <span class='ocr_line' id='line_1_34' title="bbox 111 2722 666 2775; baseline 0.004 -13"><span class='ocrx_word' id='word_1_245' title='bbox 111 2722 220 2763; x_wconf 88' lang='lat' dir='ltr'><strong>bant</strong></span> <span class='ocrx_word' id='word_1_246' title='bbox 251 2723 294 2762; x_wconf 89' lang='lat' dir='ltr'><strong>in</strong></span> <span class='ocrx_word' id='word_1_247' title='bbox 327 2737 457 2774; x_wconf 80' lang='lat' dir='ltr'><strong>eum3</strong></span> <span class='ocrx_word' id='word_1_248' title='bbox 502 2724 606 2764; x_wconf 92' lang='lat' dir='ltr'><strong>Luc.</strong></span> <span class='ocrx_word' id='word_1_249' title='bbox 634 2733 666 2775; x_wconf 85' lang='lat'><strong>5.</strong></span> 
     </span>
    </p>

    <p class='ocr_par' dir='ltr' id='par_1_6' title="bbox 111 2796 1576 2925">
     <span class='ocr_line' id='line_1_35' title="bbox 200 2796 1574 2849; baseline 0.008 -13"><span class='ocrx_word' id='word_1_250' title='bbox 200 2796 360 2849; x_wconf 79' lang='lat' dir='ltr'><strong>Quoad</strong></span> <span class='ocrx_word' id='word_1_251' title='bbox 401 2798 589 2839; x_wconf 91' lang='lat' dir='ltr'><strong>tertium.</strong></span> <span class='ocrx_word' id='word_1_252' title='bbox 673 2799 738 2840; x_wconf 91' lang='lat' dir='ltr'><strong>Ut</strong></span> <span class='ocrx_word' id='word_1_253' title='bbox 779 2807 926 2841; x_wconf 89' lang='lat' dir='ltr'><strong>autem</strong></span> <span class='ocrx_word' id='word_1_254' title='bbox 964 2809 1128 2843; x_wconf 90' lang='lat' dir='ltr'><strong>certam</strong></span> <span class='ocrx_word' id='word_1_255' title='bbox 1171 2804 1316 2845; x_wconf 92' lang='lat' dir='ltr'><strong>decori</strong></span> <span class='ocrx_word' id='word_1_256' title='bbox 1359 2806 1574 2848; x_wconf 88' lang='lat' dir='ltr'><strong>rationem</strong></span> 
     </span>
     <span class='ocr_line' id='line_1_36' title="bbox 111 2874 1576 2925; baseline 0.008 -15"><span class='ocrx_word' id='word_1_257' title='bbox 111 2876 353 2920; x_wconf 90' lang='lat' dir='ltr'><strong>teneamus,</strong></span> <span class='ocrx_word' id='word_1_258' title='bbox 378 2886 458 2912; x_wconf 84' lang='lat' dir='ltr'><strong>sex</strong></span> <span class='ocrx_word' id='word_1_259' title='bbox 481 2874 723 2925; x_wconf 88' lang='lat' dir='ltr'><strong>spectanda</strong></span> <span class='ocrx_word' id='word_1_260' title='bbox 748 2880 860 2915; x_wconf 86' lang='lat' dir='ltr'><strong>sunt.</strong></span> <span class='ocrx_word' id='word_1_261' title='bbox 929 2882 980 2915; x_wconf 92' lang='lat'><strong>10.</strong></span> <span class='ocrx_word' id='word_1_262' title='bbox 1005 2878 1121 2917; x_wconf 88' lang='lat' dir='ltr'><strong>enim</strong></span> <span class='ocrx_word' id='word_1_263' title='bbox 1150 2877 1355 2919; x_wconf 89' lang='lat' dir='ltr'><strong>habenda</strong></span> <span class='ocrx_word' id='word_1_264' title='bbox 1376 2886 1442 2920; x_wconf 91' lang='lat' dir='ltr'><strong>est</strong></span> <span class='ocrx_word' id='word_1_265' title='bbox 1464 2882 1576 2922; x_wconf 88' lang='lat' dir='ltr'><strong>ratio</strong></span> 
     </span>
    </p>
   </div>
   <div class='ocr_carea' id='block_1_5' title="bbox 108 2946 1574 3052">
    <p class='ocr_par' dir='ltr' id='par_1_7' title="bbox 108 2946 1574 3052">
     <span class='ocr_line' id='line_1_37' title="bbox 108 2946 1574 3005; baseline 0.008 -20"><span class='ocrx_word' id='word_1_266' title='bbox 108 2946 280 2986; x_wconf 81' lang='lat' dir='ltr'><strong>aetatis:</strong></span> <span class='ocrx_word' id='word_1_267' title='bbox 313 2959 455 2999; x_wconf 91' lang='lat' dir='ltr'><strong>neque</strong></span> <span class='ocrx_word' id='word_1_268' title='bbox 487 2947 602 2988; x_wconf 91' lang='lat' dir='ltr'><strong>enim</strong></span> <span class='ocrx_word' id='word_1_269' title='bbox 633 2947 749 2988; x_wconf 89' lang='lat' dir='ltr'><strong>idem</strong></span> <span class='ocrx_word' id='word_1_270' title='bbox 778 2948 910 2991; x_wconf 89' lang='lat' dir='ltr'><strong>debet</strong></span> <span class='ocrx_word' id='word_1_271' title='bbox 939 2964 1033 2991; x_wconf 90' lang='lat' dir='ltr'><strong>esse</strong></span> <span class='ocrx_word' id='word_1_272' title='bbox 1063 2965 1237 3005; x_wconf 87' lang='lat' dir='ltr'><strong>gressus</strong></span> <span class='ocrx_word' id='word_1_273' title='bbox 1268 2953 1574 3002; x_wconf 78' lang='lat' dir='ltr'><strong>adoloscentis‚</strong></span> 
     </span>
     <span class='ocr_line' id='line_1_38' title="bbox 287 3021 402 3052; baseline 0 0"><span class='ocrx_word' id='word_1_274' title='bbox 287 3021 341 3052; x_wconf 91' lang='lat' dir='ltr'><strong>PP</strong></span> <span class='ocrx_word' id='word_1_275' title='bbox 379 3024 402 3052; x_wconf 87' lang='lat'><em>2</em></span> 
     </span>
    </p>
   </div>
  </div>
 </body>
</html>
