1903 3197
664 137 741 182 De
773 136 1028 182 Examina
1479 148 1501 177 2
1510 133 1536 178 8
1549 146 1566 177 1

106 274 225 315 intra
280 277 494 313 secretum
548 269 708 310 mentis
758 281 836 320 per
882 266 985 306 fidei
1039 265 1457 318 contemplationem
1515 263 1571 304 ad

109 346 389 388 tremendum
420 357 608 384 examen
641 340 885 393 majestatis
919 339 1032 379 illius
1061 338 1209 378 oculos
1240 344 1401 377 nostrae
1433 337 1573 377 consi-

107 420 346 462 derationis
368 418 545 473 aperire,
569 416 674 470 quid
697 419 902 468 peccator
926 412 1061 453 homo
1095 418 1313 451 mereatur
1335 412 1571 459 attendere,

110 500 158 536 et
198 493 394 535 occultus
436 505 550 532 nunc
591 497 635 531 et
675 489 834 529 tacitus
872 487 1025 539 judeX,
1058 498 1191 537 quam
1233 484 1433 524 terribilis
1474 490 1575 537 post

111 572 324 622 appareat
345 565 629 606 considerare.
679 563 752 602 Ex
782 574 869 613 qua
891 573 936 599 re
959 559 1102 611 agitur
1124 563 1171 597 ut
1194 557 1249 597 ad
1276 558 1571 609 cognitionem

111 641 178 682 sui
204 640 352 681 anima
379 638 580 678 subtilius
609 631 892 676 revocetur.”1
955 632 1077 672 Nota
1100 637 1248 671 autem
1279 635 1323 670 et
1352 630 1575 683 perpende

110 715 244 756 verba
273 713 354 752 illa.
399 714 422 731 “
441 710 504 751 Os
527 723 674 750 meum
700 707 878 761 replebo
902 703 1309 759 increpationibus,‘’
1343 703 1446 756 quia
1468 704 1574 743 dum

110 788 317 842 ponimus
353 796 501 826 coram
538 784 638 824 Deo
675 781 901 835 judicium,
940 786 984 820 et
1022 780 1065 819 in
1109 778 1201 831 ejus
1243 777 1340 818 luce
1377 791 1456 817 nos
1493 777 1575 829 ipsi

113 859 405 913 disquirimus,
438 864 531 898 tarn
575 856 714 897 multa
754 855 797 894 in
840 854 966 894 nobis
1002 853 1160 894 vitiosa
1197 851 1578 905 deprehendimus,

113 941 163 975 ut
190 933 321 987 pleno
344 946 423 973 nos
446 945 520 972 ore
541 931 814 978 damnemus,
839 929 1025 981 ideoque
1055 927 1246 980 repletur
1275 940 1350 967 cor
1378 932 1575 966 nostrum

112 1006 495 1060 increpationibus.
580 1005 816 1057 Propterea
867 1008 910 1043 et
962 1001 1004 1042 S.
1040 1001 1186 1041 David
1239 1006 1287 1041 ut
1328 1000 1384 1040 ad
1429 1001 1575 1039 Deum

114 1081 389 1128 accedamus,
422 1079 479 1119 ab
521 1091 661 1131 eoque
692 1077 997 1125 illuminemur,
1031 1074 1255 1115 hortatur:
1289 1071 1576 1120 “Accedite,”

116 1154 270 1206 inquit,
295 1152 389 1193 “ad
421 1165 522 1192 eum
545 1158 589 1192 et
620 1150 937 1199 illuminamini,
961 1155 1004 1189 et
1026 1149 1157 1189 facies
1185 1153 1343 1188 vestrae
1366 1160 1453 1186 non
1476 1159 1579 1186 con-

118 1223 417 1268 fundentur.’'2
475 1224 744 1265 Accedimus
776 1224 819 1263 in
851 1224 1096 1263 orationem
1133 1235 1233 1261 cum
1266 1221 1309 1260 in
1341 1225 1577 1273 conspectu

120 1300 214 1353 ejus
249 1313 327 1340 nos
362 1300 479 1352 ipsos
513 1298 757 1346 statuimus,
794 1302 837 1336 et
874 1297 966 1349 ejus
1009 1296 1116 1335 lucis
1154 1295 1386 1348 splendore
1424 1293 1583 1334 illumi-

120 1386 287 1423 namur,
320 1378 369 1412 ut
410 1371 624 1424 quidquid
666 1376 733 1411 est
764 1369 933 1409 foedum
976 1369 1256 1421 inspicientes
1293 1368 1586 1420 lacrymisque

122 1448 437 1499 abstergentes,
468 1458 673 1498 supremo
705 1443 779 1483 illo
806 1443 959 1496 judicii
992 1443 1062 1482 die
1095 1455 1182 1482 non
1215 1441 1545 1481 confundamur.

210 1520 367 1561 Altera
387 1533 490 1560 vero
511 1519 592 1568 via,
616 1517 672 1558 ad
699 1516 972 1569 dispicienda
993 1516 1098 1555 vitia
1130 1521 1288 1562 nostra,
1320 1514 1584 1567 parandam-

126 1609 211 1649 que
232 1594 346 1634 hanc
368 1592 504 1633 nostri
527 1591 716 1644 pectoris
738 1589 1047 1642 cognitionem,
1073 1593 1138 1628 est
1167 1593 1397 1640 tamquam
1424 1586 1589 1626 alienos

129 1667 404 1710 considerare
455 1679 535 1705 nos
591 1666 720 1717 ipsos,
778 1663 1061 1714 actionesque
1119 1667 1289 1701 nostras
1347 1661 1390 1700 in
1447 1660 1590 1700 aliena

129 1755 318 1796 persona
343 1739 566 1780 collocare.
599 1736 731 1789 Quod
761 1737 972 1776 admonet
1002 1736 1046 1775 B.
1066 1735 1332 1775 Bernardus:
1365 1731 1589 1774 “Statue''

132 1815 285 1867 inquit,
322 1816 404 1853 “te
441 1817 542 1852 ante
578 1816 623 1850 te
659 1815 872 1861 tanquam
919 1814 1022 1848 ante
1058 1807 1205 1855 alium,
1240 1814 1284 1847 et
1330 1807 1390 1847 sic
1436 1811 1593 1846 temet-

134 1889 280 1941 ipsum
328 1882 586 1938 plange;”3
622 1896 737 1930 narn,
785 1895 884 1921 cum
936 1894 1014 1921 nos
1067 1881 1147 1933 ipsi
1200 1880 1329 1920 nimis
1380 1893 1592 1927 amemus,

135 1966 286 2001 nostra
307 1959 440 1999 etiam
463 1957 622 2005 omnia,
642 1957 736 2009 ipsa
757 1968 933 2007 quoque
954 1954 1070 2002 vitia,
1090 1967 1211 1993 coeco
1229 1953 1424 2005 quodam
1447 1966 1595 1993 amore

136 2033 370 2085 diligimus,
394 2036 441 2071 at
472 2031 506 2070 si
539 2029 868 2069 considerentur
898 2028 941 2066 in
968 2027 1073 2075 aliis,
1096 2027 1192 2066 haec
1222 2027 1327 2079 ipsa,
1350 2040 1448 2078 quae
1482 2039 1596 2066 nunc

137 2104 402 2160 perplacent,
426 2102 730 2156 displicebunt.
793 2101 938 2140 Tanta
965 2101 1030 2139 vis
1062 2106 1128 2140 est
1159 2100 1321 2139 amoris
1352 2100 1418 2139 sui
1450 2100 1596 2152 ipsius.

141 2180 376 2233 Sapienter
417 2177 549 2230 igitur
591 2175 811 2228 Propheta
848 2174 1041 2222 Nathan,
1076 2173 1163 2225 qui,
1196 2179 1243 2213 ut
1276 2173 1421 2213 David
1451 2185 1599 2225 regem

136 2254 182 2294 in
217 2252 512 2305 cognitionem
548 2262 726 2289 suorum
760 2253 1042 2301 peccatorum
1075 2246 1324 2295 adduceret,
1349 2248 1392 2286 in
1423 2246 1601 2286 alterius

137 2340 338 2381 persona,
381 2325 463 2365 sub
506 2322 716 2377 parabola
767 2322 924 2371 divitis,
967 2334 1064 2361 eam
1107 2320 1167 2360 illi
1208 2320 1600 2361 demonstrandam

139 2401 328 2456 putavit,
362 2399 423 2439 ita
453 2403 502 2438 ut
530 2398 572 2437 in
605 2411 652 2437 se
681 2397 824 2449 ipsum
862 2409 941 2435 rex
969 2395 1234 2435 sententiam
1267 2395 1421 2435 ferret:
1444 2394 1603 2435 “Vivit

144 2471 402 2522 Dominus,”
427 2472 578 2524 inquit,
604 2470 849 2523 “quoniam
879 2469 992 2508 filius
1024 2468 1176 2509 mortis
1208 2473 1275 2508 est
1301 2468 1376 2518 vir,
1399 2467 1473 2520 qui
1503 2466 1606 2507 fecit

143 2546 287 2589 hoe.'’4
347 2547 407 2586 Et
430 2545 629 2586 Christus
660 2544 880 2584 Dominus
913 2542 1123 2596 parabola
1144 2542 1433 2595 agricolarum
1457 2542 1605 2589 utitur,

144 2622 219 2674 qui
263 2619 620 2672 “apprehensum
672 2618 826 2658 herum
875 2617 1098 2669 ejecerunt
1146 2622 1275 2657 extra
1324 2616 1509 2662 vineam,
1563 2619 1607 2654 et

141 2692 462 2744 occiderunt;’'
497 2698 556 2742 ut,
598 2693 704 2733 dum
734 2691 928 2744 Judae05‚
960 2691 1025 2731 sui
1058 2691 1225 2731 futuros
1257 2688 1512 2735 homicidas,
1545 2687 1607 2727 sic

147 2767 412 2822 interrogat:
464 2767 584 2820 Quid
633 2767 763 2807 faciet
803 2765 1004 2819 agricolis
1053 2764 1178 2813 suis,’'
1222 2763 1302 2816 ipsi
1351 2767 1500 2802 autem
1548 2760 1610 2801 ita

224 2859 236 2879 ³
263 2860 381 2892 MoraL
398 2860 419 2891 1.
441 2858 488 2891 16.
506 2869 533 2891 c.
550 2859 602 2891 28.
697 2857 710 2877 2
735 2858 819 2891 Psal.
837 2865 888 2898 33.
982 2856 996 2876 ³
1020 2857 1110 2887 Med.
1127 2865 1154 2887 c.
1172 2861 1201 2896 5.
1295 2852 1309 2872 ⁴
1323 2861 1353 2886 2.
1377 2853 1458 2893 Reg.
1479 2860 1526 2884 12.
