1903 3197
290 188 384 232 144
604 172 685 217 De
716 171 907 219 ratione
941 172 1133 218 vivendi
1165 171 1425 220 Socz'etatz's.

284 311 465 355 notata;
497 305 575 345 sed
610 305 841 358 requiritur
874 311 1087 358 praeterea
1121 306 1288 346 curatio
1322 319 1373 345 ac
1408 305 1629 346 medicina
1654 307 1752 348 viti-

284 394 422 429 orum,
467 393 567 432 quae
605 393 693 419 non
729 385 823 420 tam
865 380 908 419 in
950 381 1104 433 :egroti
1146 381 1477 432 amicorumque
1519 385 1752 432 potestate,

284 467 419 508 quam
462 454 505 493 in
548 466 682 493 manu
725 454 883 494 medici
926 454 1009 494 sita
1060 460 1134 494 est.
1205 453 1488 506 Relinquitur
1531 454 1664 506 igitur
1704 461 1754 496 ut

286 527 496 580 Superior
527 527 620 580 ipse
651 541 849 580 persaepe
883 529 1017 568 nostri
1043 528 1182 568 morbi
1211 528 1266 567 sit
1292 528 1502 576 conscius,
1528 529 1601 580 qui
1625 528 1752 569 nobis

283 607 435 655 aptam
474 606 518 641 et
553 607 928 654 peropportunam
966 603 1231 642 medicinam
1268 601 1488 642 adhibeat.
1554 602 1753 655 Ideoque

284 676 473 716 Basilius
515 682 796 728 peccatorum
831 676 1143 716 revelationem
1177 677 1227 716 iis
1259 676 1458 729 praecipit
1488 675 1750 725 faciendam,

288 751 363 803 qui
386 749 552 790 mederi
576 757 748 799 norunt,
771 751 1148 803 quemadmodum
1172 757 1215 791 et
1239 749 1520 791 morborum.1
1556 757 1610 801 30.
1638 750 1755 803 Quia

284 839 336 866 ea
359 839 458 878 quae
489 839 514 865 a
542 824 775 878 Superiore
810 826 1101 866 admonemur
1133 826 1273 878 magis
1306 825 1476 866 haerent
1511 825 1752 874 memoriae,

282 904 462 952 propter
512 900 800 939 reverentiam
854 900 1058 939 nimirum
1101 906 1144 940 et
1185 900 1506 948 verecundiam,
1552 905 1600 939 ut
1643 913 1753 952 quo-

283 973 478 1012 tidianus
503 986 605 1012 usus
629 972 767 1012 docet.
830 979 888 1022 40.
919 973 1035 1025 Quia
1058 987 1156 1013 cum
1181 972 1464 1024 intelligimus
1488 987 1576 1013 non
1600 974 1754 1013 deesse

283 1060 340 1086 ex
376 1046 559 1086 fratrum
598 1059 791 1095 numero,
826 1047 899 1098 qui
932 1046 988 1086 ad
1023 1046 1302 1098 Superiorem
1336 1060 1414 1086 nos
1448 1046 1628 1094 deferat,
1662 1047 1752 1086 imo

282 1120 446 1172 passim
470 1133 549 1159 nos
572 1119 733 1159 habere
756 1119 1058 1160 observatores
1075 1120 1176 1160 vitae
1202 1133 1462 1172 morumque
1486 1126 1751 1169 nostrorum,

280 1194 449 1233 cautius
471 1193 670 1241 vivimus,
694 1193 939 1246 damusque
963 1208 1142 1246 operam
1166 1199 1214 1233 ut
1237 1193 1342 1233 nihil
1375 1194 1417 1233 in
1451 1194 1580 1240 dictis
1604 1193 1750 1234 factis-

282 1281 367 1319 que
390 1267 549 1307 nostris
575 1267 643 1315 sit,
668 1268 785 1319 quod
816 1267 912 1319 jure
945 1268 1178 1320 quisquam
1201 1268 1448 1320 vituperare
1480 1267 1629 1320 possit,
1653 1281 1752 1320 quae

282 1341 427 1381 cautio
471 1341 576 1380 dum
620 1342 834 1381 rationem
878 1343 920 1381 in
964 1342 1107 1382 officio
1139 1342 1344 1390 eontinet,
1379 1342 1575 1382 studium
1616 1349 1752 1394 atque

282 1415 531 1455 institutum
557 1416 782 1467 ingenerat
805 1421 920 1455 recte
953 1422 1191 1468 sancteque
1213 1416 1399 1456 vivendi.
1465 1415 1751 1456 Consuetudo

283 1488 398 1527 enim
422 1489 553 1528 etiam
589 1502 675 1528 non
709 1489 947 1529 sentientes
980 1491 1036 1530 ad
1069 1496 1233 1530 rectam
1256 1490 1357 1530 vitae
1390 1490 1605 1530 rationem
1638 1503 1753 1529 erro·

281 1575 466 1614 rumque
519 1569 748 1614 expertem
802 1564 964 1602 sensim
1018 1563 1209 1613 adducit,
1264 1570 1311 1604 ut
1364 1563 1624 1603 Plutarchus
1677 1563 1750 1603 ait.

282 1634 565 1688 Quapropter
596 1636 817 1688 sapienter
848 1637 952 1676 olim
988 1637 1148 1677 Nasica
1180 1637 1340 1690 Scipio,
1377 1637 1533 1677 deletis
1565 1636 1752 1677 Cartha-

279 1710 534 1762 ginensibus
558 1715 601 1749 et
625 1710 666 1749 in
690 1711 944 1750 servitutem
975 1711 1161 1751 redactis
1184 1711 1390 1751 Achaeis:
1430 1711 1572 1759 Nunc,
1597 1710 1750 1762 inquit,

280 1784 536 1837 periculosa*
572 1798 639 1823 res
674 1790 834 1824 nostrae
870 1792 982 1834 sunt,
1017 1786 1119 1837 quia
1154 1799 1296 1837 neque
1332 1799 1444 1837 quos
1487 1791 1750 1832 metuamus,

282 1848 426 1910 neque
460 1871 569 1910 quos
606 1872 879 1898 revereamur
915 1859 1104 1911 reliquos
1138 1859 1264 1899 nobis
1296 1858 1491 1899 facimus.
1558 1858 1615 1898 Et
1648 1871 1754 1898 sane

282 1932 509 1972 verissima
552 1938 617 1971 est
660 1947 749 1972 vox
804 1932 875 1972 illa
925 1932 1104 1973 Senecae
1148 1934 1203 1972 ad
1247 1932 1496 1972 Lucilium:
1538 1931 1750 1984 Aliquem

281 2004 445 2045 habeat
496 2005 669 2045 animus
713 2011 898 2058 oportet,
942 2020 1073 2058 quem
1117 2011 1391 2055 revereatur3
1435 2011 1488 2054 et,
1533 2011 1581 2045 ut
1633 2004 1750 2044 idem

283 2080 416 2119 dicit:
455 2080 621 2131 Magna
648 2094 747 2132 pars
777 2087 1058 2133 peccatorum
1089 2080 1266 2129 tollitur,
1291 2080 1325 2119 si
1356 2079 1601 2132 peccaturis
1628 2078 1751 2118 testis

283 2154 470 2193 assistat.
536 2153 624 2193 Sed
649 2154 703 2193 de
725 2154 866 2205 priore
891 2153 1088 2201 utilitate,
1114 2167 1247 2205 quam
1281 2152 1570 2192 universalem
1601 2151 1752 2204 appel-

286 2227 497 2273 labamus,
523 2227 638 2267 satis.
1592 2279 1597 2284 .

371 2299 581 2352 Sequitur
638 2300 913 2352 particularis
972 2301 1146 2349 utilitas,
1206 2314 1305 2353 quae
1363 2305 1429 2339 est
1489 2298 1751 2339 humilitatis

281 2374 546 2426 disciplina,
609 2374 670 2413 sic
723 2375 839 2414 enim
892 2375 935 2413 in
989 2375 1316 2415 Constitutione
1368 2374 1555 2426 legimus
1582 2388 1589 2414 :
1652 2372 1751 2413 “Et

281 2448 501 2501 praecipue
538 2448 594 2488 ad
632 2448 843 2500 majorem
880 2449 1217 2489 submissionem
1251 2455 1294 2489 et
1325 2447 1620 2488 humilitatem
1653 2460 1753 2499 pro-

285 2521 462 2575 priam.''
546 2522 605 2562 Et
646 2537 745 2563 vere
787 2522 893 2562 nihil
936 2524 996 2563 ita
1047 2524 1218 2563 animos
1260 2530 1433 2563 nostros
1485 2522 1750 2575 spiritusque

283 2596 488 2645 demittit,
519 2603 565 2636 ut
603 2610 703 2636 cum
738 2597 843 2636 vitia
882 2604 1031 2637 nostra
1068 2611 1299 2650 moresque
1342 2598 1485 2637 minus
1529 2593 1751 2636 commodi

282 2670 422 2710 notati
456 2676 583 2710 sunt:
617 2670 719 2722 quia
755 2671 983 2723 turpitudo
1016 2672 1107 2711 vitii
1151 2671 1365 2724 pudorem
1408 2670 1575 2719 incutit,
1609 2668 1753 2721 pudor

280 2744 546 2785 modestiam
580 2749 713 2796 atque
745 2743 1041 2785 humilitatem
1065 2746 1185 2797 parit.
1253 2745 1316 2785 Ut
1339 2745 1467 2792 enirn,
1492 2757 1592 2784 cum
1619 2742 1754 2783 bene-

279 2818 395 2859 facta
429 2819 702 2871 virtutesque
737 2823 897 2859 nostrae
932 2819 1215 2868 celebrantur,
1253 2820 1460 2872 erigimur
1493 2825 1536 2859 et
1570 2817 1747 2858 altiores

822 2906 834 2927 ¹
860 2908 901 2939 In
927 2909 1007 2949 Reg.
1030 2909 1118 2940 brev.
1141 2917 1213 2949 229.
