1903 3197
322 187 402 234 De
421 187 813 249 castzjgatiom'bus
835 190 1121 251 confessario
1145 191 1415 253 detegendis.
1490 197 1588 254 467

127 318 358 359 firmetur.’'
419 319 572 372 Atque
613 319 709 360 haec
750 327 816 362 est
857 336 944 362 una
985 323 1106 374 ratio,
1144 338 1278 377 quam
1322 325 1591 368 Constitutio

126 392 264 441 affert,
304 407 379 433 cur
415 399 458 434 et
494 395 766 447 poenitentiae
803 395 1062 448 detegendae
1099 397 1185 437 sint
1220 412 1246 438 a
1283 399 1466 451 singulis
1507 414 1587 441 suo

126 465 415 516 Confessario,
438 473 481 508 et
514 467 814 508 Confessarius
847 470 940 521 ipse
972 470 1192 511 remittere
1215 471 1270 511 ad
1303 472 1583 525 Superiorem

129 538 300 588 debeat,
325 554 460 592 quum
495 541 538 580 in
571 541 842 593 poenitentiis
873 542 1056 583 transire
1092 543 1274 584 modum
1312 546 1589 587 animadver-

124 612 234 653 terit.
297 613 414 652 Nam
446 614 578 653 verba
609 614 683 654 illa
706 614 838 655 “haec
870 621 1018 655 autem
1047 617 1196 656 omnia
1228 630 1280 656 eo
1312 617 1432 665 fiunt,
1467 617 1587 668 etc.,’'

123 686 179 726 ad
217 691 450 739 utrumque
484 687 708 727 referenda
741 689 952 737 videntur,
989 695 1033 729 et
1066 689 1122 729 ad
1157 703 1268 738 eum,
1305 691 1378 743 qui
1414 691 1583 745 detegit

122 761 415 812 poenitentias,
449 766 493 800 et
523 761 580 801 ad
614 762 940 803 Confessarium
971 765 1040 804 cui
1073 764 1346 817 deteguntur.
1424 765 1584 807 Altera

119 846 223 873 vero
264 834 374 873 ratio
417 841 493 883 est,
532 840 579 875 ut
620 836 663 875 in
705 837 863 877 animis
903 838 1246 891 corporibusque
1282 839 1441 879 nostris
1483 839 1582 881 Deo

121 906 315 947 Domino
357 913 505 948 nostro
558 909 699 961 major
738 910 877 963 gloria
917 910 1163 961 deferatur;
1215 912 1298 952 hoc
1340 918 1417 962 est,
1450 918 1498 953 ut
1540 914 1583 954 in

119 979 357 1020 subeundis
379 987 535 1034 sponte
557 984 711 1035 poenis,
735 998 832 1036 quae
855 990 1087 1038 utramque
1113 984 1302 1026 hominis
1331 986 1580 1038 portionem

120 1055 355 1107 attingunt,
398 1061 619 1108 quaeratur
659 1071 832 1110 semper
872 1059 1099 1111 optimum.
1186 1060 1297 1099 Haec
1347 1066 1412 1100 est
1464 1061 1581 1102 enim

118 1127 258 1180 gloria
301 1129 409 1177 Deo,
453 1136 500 1169 ut
541 1130 584 1169 in
626 1131 730 1183 ipsis
770 1145 947 1185 quoque
994 1133 1122 1173 bonis
1163 1134 1394 1186 optimum,
1437 1140 1481 1174 et
1522 1148 1580 1175 ex

118 1201 290 1242 duobus
322 1203 447 1243 bonis
479 1203 633 1244 melius
675 1218 849 1258 semper
880 1206 1074 1259 eligatur.
1157 1208 1207 1247 V.
1241 1221 1278 1260 g.
1314 1208 1481 1248 bonum
1513 1215 1580 1250 est

117 1276 264 1315 animo
305 1290 383 1329 per
423 1278 691 1330 corporalem
733 1281 1040 1332 poenitentiam
1082 1295 1128 1321 se
1169 1281 1402 1322 demittere
1443 1289 1577 1336 atque

116 1348 354 1390 humiliare.
443 1351 524 1392 Est
575 1352 691 1392 enim
743 1353 786 1393 id
837 1355 1112 1407 poenitentiae
1164 1369 1303 1408 genus
1354 1356 1579 1398 humilitas

116 1423 350 1476 quaedam;
384 1437 486 1465 nam
518 1426 573 1465 de
604 1426 775 1476 Achab,
808 1429 882 1480 qui
909 1428 1126 1481 jejunavit
1158 1436 1201 1469 et
1234 1431 1406 1482 operuit
1437 1430 1578 1472 cilicio

115 1510 289 1537 carnem
321 1512 458 1548 suam,
481 1499 587 1539 dicit
621 1501 740 1540 Deus
765 1502 905 1554 “quia
936 1502 1191 1543 humiliatus
1224 1508 1290 1543 est
1323 1503 1408 1543 mei
1435 1516 1580 1555 causa,

116 1584 203 1611 non
235 1571 440 1612 inducam
473 1573 638 1614 malum
670 1575 713 1614 in
746 1575 900 1616 diebus
932 1575 1060 1628 ejus.”
1080 1575 1093 1599 ¹
1157 1577 1330 1617 Bonum
1355 1583 1420 1617 est
1443 1578 1578 1619 etiam

116 1644 153 1684 ei
191 1659 285 1685 sese
318 1660 396 1699 per
428 1647 726 1689 obedientiam
760 1648 1000 1699 humiliare,
1031 1657 1075 1691 et
1108 1650 1192 1691 hoc
1226 1651 1377 1704 utique
1412 1651 1581 1702 melius,

116 1723 159 1758 et
191 1718 331 1770 major
358 1719 497 1771 gloria
529 1721 636 1761 Deo.
703 1722 938 1775 Propterea
959 1724 1118 1764 dicitur
1141 1724 1276 1777 (Isaia
1297 1738 1330 1764 c.
1357 1723 1454 1776 58):
1493 1723 1581 1766 “Si

115 1790 423 1843 glorificaveris
457 1807 570 1844 eum,
603 1808 704 1835 cum
738 1809 825 1836 non
861 1796 967 1837 facis
1000 1797 1092 1838 vias
1126 1803 1234 1847 tuam,
1258 1803 1302 1838 et
1338 1811 1426 1838 non
1461 1798 1581 1838 inve-

1303 1870 1584 1912 Glorificatur

115 1938 248 1990 igitur
272 1938 405 1989 Deus,
430 1939 537 1980 dum
560 1954 646 1980 non
669 1942 893 1995 sequimur
919 1944 1012 1984 vias
1042 1949 1212 1985 nostras
1242 1949 1285 1984 et
1307 1943 1581 1985 voluntatem

115 2016 323 2061 nostram,
348 2012 637 2066 suscipiendis
658 2015 886 2057 voluntate
908 2022 1058 2058 nostra
1078 2017 1233 2071 poenis,
1257 2017 1334 2057 sed
1357 2018 1581 2071 sequImur

114 2085 442 2126 moderatorum
479 2094 727 2129 nostrorum
762 2089 945 2131 ductum
982 2105 1033 2132 ae
1068 2091 1354 2141 voluntatem,
1390 2105 1579 2144 quorum

111 2157 315 2199 voluntas
360 2159 520 2200 divinae
569 2168 645 2212 est,
699 2163 760 2203 uti
811 2165 1018 2215 diximus,
1064 2165 1303 2206 voluntatis
1355 2166 1578 2219 interpres.

116 2231 318 2284 Itemque
359 2233 524 2274 bonum
567 2241 633 2275 est
676 2237 824 2277 animo
872 2238 954 2278 sibi
995 2252 1151 2280 vacare
1191 2252 1269 2291 per
1309 2238 1580 2291 corporalem

114 2305 488 2358 exercitationem,
517 2308 783 2361 jejuniorum
817 2311 990 2361 scilicet,
1012 2313 1271 2365 vigiliarum,
1302 2319 1580 2354 caeterarum-

112 2391 197 2430 que
233 2378 486 2432 hujusmodi
523 2383 822 2436 asperitatum.
906 2386 1079 2426 Bonum
1117 2387 1252 2428 etiam
1289 2400 1367 2440 per
1402 2386 1581 2440 pietatis

111 2452 269 2503 studia,
291 2467 424 2507 quam
458 2458 762 2498 exercitationi
785 2460 998 2512 corporali
1028 2459 1219 2510 Paulus‚2
1241 2467 1289 2501 ut
1310 2461 1579 2510 dicebamus,

110 2526 262 2567 multis
279 2529 479 2580 partibus
496 2532 749 2584 anteponit3
783 2539 826 2573 et
843 2533 942 2574 ideo
960 2534 1126 2575 bonum
1143 2540 1245 2575 sunt
1262 2533 1394 2588 longe
1410 2533 1580 2584 melius,

110 2606 153 2639 et
185 2600 241 2640 ad
277 2601 471 2643 divinam
502 2603 687 2656 gloriam
720 2607 860 2660 magis
889 2614 1100 2661 spectant.
1165 2608 1339 2649 Bonum
1374 2608 1480 2649 item
1513 2612 1580 2649 est

110 2674 259 2714 animo
296 2675 378 2715 sibi
416 2677 498 2729 ipsi
528 2691 684 2719 vacare
715 2680 962 2731 dumtaxat,
1002 2688 1047 2723 et
1080 2683 1199 2735 quod
1236 2682 1318 2722 sibi
1356 2681 1462 2722 utile
1498 2684 1577 2731 est,

106 2747 149 2787 id
174 2749 308 2789 modo
330 2763 524 2802 quaerere
543 2765 551 2791 z
583 2758 628 2792 at
650 2753 791 2794 multo
813 2755 957 2809 majus
979 2756 1146 2797 bonum
1170 2762 1246 2806 est,
1271 2769 1358 2797 non
1381 2765 1578 2808 quaerere

107 2822 226 2874 quod
256 2823 339 2864 sibi
369 2830 542 2866 tantum
573 2826 679 2867 utile
702 2834 778 2878 est,
801 2829 877 2870 sed
908 2830 1027 2883 quod
1058 2829 1217 2881 multis,
1242 2836 1290 2871 ut
1318 2829 1426 2870 salvi
1455 2828 1579 2884 fiant,

116 1864 234 1904 nitur
267 1865 472 1906 voluntas
507 1873 595 1916 tua,
634 1873 682 1908 ut
717 1867 908 1922 loquaris
945 1869 1227 1910 se1⁴monem.”

501 2921 513 2943 1
539 2931 568 2965 3.
590 2923 673 2966 Reg.
693 2933 745 2958 21.
954 2927 967 2946 Β
995 2935 1020 2959 1.
1042 2927 1130 2961 Tim.
1150 2937 1181 2968 4.

282 2983 343 3015 EE
378 2985 402 3014 2
