1903 3197
528 176 608 221 De
641 181 767 222 recta
804 176 1073 224 intentione.
1440 195 1527 238 241

73 306 359 349 butionem.”1
434 307 579 361 Quem
617 307 761 348 locum
801 308 969 348 Doctor
1004 309 1184 360 quidam
1222 310 1532 364 interpretatur

74 394 161 421 non
184 382 239 421 de
262 381 406 422 futura
427 381 720 430 retributione,
743 380 819 421 sed
843 381 897 421 de
919 382 1138 433 praeterita
1156 397 1166 432 ;
1198 381 1280 423 hoc
1303 390 1369 424 est
1391 384 1446 424 de
1467 385 1530 434 iis,

73 467 172 507 quae
190 455 283 507 jam
306 454 365 494 illi
389 454 606 494 Dominus
630 453 898 503 retribuerat,
921 454 1297 506 quemadmodum
1320 456 1532 508 loquitur:

74 526 233 580 “Quid
275 528 510 568 retribuam
553 527 760 576 Domino,
802 541 881 580 pro
932 528 1135 568 omnibus
1182 542 1280 580 quae
1334 531 1531 571 retribuit

73 600 241 641 mihi.'’2
302 601 390 642 Ubi
427 600 695 647 “retribuit,''
719 614 806 640 non
840 606 905 641 est
936 602 1109 654 proprie
1142 601 1333 642 reddidit
1364 608 1407 643 et
1435 617 1532 656 gra-

71 674 178 714 tiam
221 674 377 724 retulit,
419 673 496 714 sed
538 680 604 714 est
645 675 801 714 iterum
843 675 1006 723 tribuit,
1044 681 1121 715 aut
1162 676 1323 728 saepius
1365 675 1527 725 tribuit,

70 754 250 800 propter
290 747 439 787 crebra
481 752 524 787 et
564 747 752 800 plurima
794 747 1033 798 beneficia3
1080 755 1127 789 ut
1174 749 1336 788 etiam:
1385 749 1527 789 “Noli

69 820 266 860 oblivisci
292 834 444 860 omnes
467 820 773 861 retributiones
800 819 1067 874 ejus,’'3quae
1090 836 1178 862 vox
1207 823 1529 875 praeteritorum

69 892 378 933 beneficiorum
416 893 706 946 frequentiam
741 895 961 947 exprimit.
1039 895 1151 936 Cum
1189 896 1320 948 igitur
1353 896 1529 936 eximiis

68 965 191 1005 Deus
231 967 485 1007 servitutem
528 973 723 1007 nostram
766 968 1048 1008 anteverterit
1099 968 1332 1018 benefieiis,
1386 970 1528 1023 ingra-

67 1039 223 1078 tissimi
257 1039 453 1091 profecto
484 1041 595 1080 servi
628 1040 775 1089 simus,
799 1041 832 1080 si
867 1041 1112 1082 mercedem
1146 1041 1339 1095 aliquam
1371 1048 1531 1096 praeter

69 1111 214 1151 Deum
258 1126 315 1152 ex
355 1113 562 1153 servitute
604 1119 751 1154 nostra
793 1120 1051 1167 spectemus.
1116 1115 1405 1168 Explicemus
1447 1115 1530 1156 hoc

65 1185 197 1224 simili
240 1185 397 1238 aliquo.
461 1187 550 1226 Fac
591 1200 686 1226 esse
728 1186 952 1227 hominem
996 1189 1037 1227 in
1080 1188 1398 1228 obscurissimis
1435 1203 1530 1229 cus-

67 1258 201 1298 todiae
224 1258 425 1308 tenebris,
448 1264 626 1311 captum
650 1259 787 1299 oculis
809 1261 1084 1313 auribusque,
1108 1261 1303 1301 vinctum
1328 1262 1531 1302 manibus

66 1336 200 1383 atque
217 1331 514 1383 compedibUS‚
535 1337 707 1371 mutum
725 1339 948 1385 praeterea,
965 1340 1008 1373 et
1026 1334 1177 1386 spiritu
1197 1334 1528 1386 quodammodo

65 1403 336 1444 destitutum.
404 1404 505 1455 Jam
541 1418 691 1457 quaero
726 1419 783 1444 ex
818 1411 873 1453 te,
909 1406 943 1445 si
979 1406 1109 1446 miser
1145 1406 1216 1446 ille
1250 1406 1528 1448 liberatorem

65 1476 257 1528 aliquem
290 1477 491 1527 inveniet,
525 1479 598 1530 qui
632 1478 687 1518 de
719 1479 901 1518 carceris
933 1480 1125 1519 tenebris
1162 1480 1205 1519 in
1242 1479 1527 1521 clarissimam

64 1550 168 1589 solis
200 1550 353 1599 lucem,
376 1550 568 1590 solutum
602 1565 652 1591 ac
684 1551 868 1592 liberum
890 1553 1084 1602 vinculis,
1109 1567 1209 1593 eum
1233 1553 1390 1594 educat
1412 1569 1421 1605 ;
1454 1554 1528 1606 qui

65 1622 398 1663 medicamentis
436 1624 701 1676 quibusdam
744 1625 958 1665 rationem
1001 1626 1199 1679 reperiat,
1238 1627 1527 1679 quemadmo-

64 1696 170 1735 dum
193 1701 237 1735 et
257 1696 446 1745 videndi,
464 1703 507 1737 et
529 1698 748 1747 audiendi,
767 1705 810 1738 et
833 1699 1041 1751 loquendi
1061 1699 1314 1740 facultatem
1333 1701 1526 1754 recipiat,

64 1769 139 1820 qui
167 1782 294 1821 paene
326 1775 547 1809 mortuum
571 1783 621 1809 ac
644 1771 883 1823 spirantem
911 1772 1075 1813 reficiat
1097 1786 1148 1812 ac
1171 1778 1359 1823 recreet;
1393 1787 1528 1826 quare

62 1841 255 1893 inquam,
293 1841 327 1881 si
365 1841 495 1894 hujus
537 1842 743 1883 liberator
779 1850 822 1884 et
858 1844 1024 1884 vindex
1061 1844 1165 1885 velit
1206 1844 1329 1885 illum
1371 1851 1528 1898 postea

63 1915 107 1954 in
150 1928 250 1954 suos
292 1914 480 1955 famulos
527 1921 743 1968 coaptare,
797 1917 934 1957 eritne
985 1923 1077 1958 tam
1130 1917 1311 1958 demens
1363 1919 1399 1959 is
1450 1921 1525 1972 qui

60 1988 270 2028 liberatus
312 1994 388 2036 est,
430 1995 479 2028 ut
524 2002 602 2041 pro
655 1989 869 2030 famulatu
922 2005 1000 2031 suo
1052 1991 1183 2032 aliam
1226 2006 1252 2032 a
1293 1991 1526 2035 liberatore

61 2061 307 2101 mercedem
361 2061 513 2114 exigat
565 2069 641 2102 aut
691 2064 932 2115 expectet?
1035 2064 1164 2105 Certe
1215 2071 1308 2106 tam
1361 2067 1526 2109 eximia

59 2134 303 2175 liberatoris
335 2135 400 2174 sui
433 2135 656 2184 beneficia,
681 2137 839 2188 quibus
872 2137 965 2189 ejus
997 2138 1252 2179 servitutem
1279 2141 1526 2193 antevertit,

60 2221 286 2260 nunquam
328 2208 520 2248 sinerent
554 2222 654 2249 eum
697 2208 891 2262 aliquam
928 2210 1060 2252 aliam
1095 2218 1331 2265 expectare
1363 2227 1528 2255 merce·

60 2282 173 2331 dem,
225 2286 383 2334 praeter
442 2282 579 2334 ipsius
638 2282 824 2323 vindicis
875 2283 1145 2326 charitatem.
1239 2285 1359 2339 Quid
1421 2300 1528 2341 ergo

59 2352 307 2394 faciendum
351 2354 477 2394 nobis
519 2361 595 2404 est,
639 2356 674 2396 si
719 2356 933 2397 eximium
976 2357 1083 2398 illud
1122 2358 1206 2398 Dei
1248 2358 1526 2412 beneficium,

59 2440 159 2467 cum
194 2442 252 2469 ex
285 2428 476 2469 tenebris
510 2428 632 2469 nihili
667 2430 710 2469 in
744 2429 857 2471 hanc
891 2431 1033 2472 lucem
1068 2445 1147 2473 nos
1182 2432 1330 2483 edidit,
1365 2435 1528 2476 nostris

59 2513 159 2540 cum
201 2501 358 2541 animis
405 2508 684 2555 reputemus;
735 2517 835 2543 cum
877 2517 957 2544 nos
998 2505 1065 2545 his
1116 2506 1326 2557 sensibus,
1365 2507 1525 2560 quibus

59 2574 327 2624 carebamus,
366 2575 573 2616 instruxit
609 2583 742 2629 atque
780 2577 982 2619 ornavit!
1047 2578 1148 2621 Hoc
1184 2580 1350 2633 spiritu,
1388 2594 1521 2633 quem

58 2647 271 2697 ducimus,
303 2648 486 2699 imbuit;
528 2649 609 2689 hac
646 2656 771 2690 tanta
813 2652 973 2691 mentis
1013 2654 1270 2705 praestantia
1310 2654 1522 2695 donavit!

60 2718 192 2772 Quod
226 2721 406 2773 quidem
442 2722 632 2774 primum
674 2737 725 2763 ac
767 2724 986 2778 singulare
1027 2725 1289 2766 beneficium
1331 2725 1521 2779 plurima

58 2792 264 2847 deinceps
329 2793 414 2834 alia
465 2795 660 2848 ingentia
710 2801 843 2850 atque
895 2797 1071 2851 egregia
1131 2804 1366 2839 consecuta
1419 2803 1522 2840 sunt

316 2881 328 2901 ²
353 2882 440 2915 Psal.
465 2883 534 2915 118.
684 2884 697 2903 2
722 2885 807 2918 Psal.
832 2892 902 2927 115.
1039 2885 1053 2905 ³
1077 2887 1162 2919 Psal.
1187 2895 1256 2919 102.

232 2942 263 2983 Q
