1903 3197
351 142 444 200 398
662 142 742 187 De
774 143 966 190 ratione
998 143 1190 190 vivendi
1223 144 1485 193 Socz‘etatz‘s.

346 279 480 326 atque
517 273 682 314 inutilis
719 275 995 316 subditorum
1038 290 1117 330 pro
1154 291 1199 317 se
1242 278 1346 331 ipsis
1389 278 1651 328 sollicitudo,
1686 285 1730 320 et
1770 281 1815 321 in

349 348 594 401 Superioris
650 361 809 389 munus
861 350 1085 400 invadunt,
1128 365 1228 391 eum
1279 365 1376 391 eam
1427 352 1509 405 ipsi
1560 353 1816 407 suscipiunt.

349 421 415 462 Ut
453 421 550 473 jure
603 422 653 462 iis
702 422 807 463 illud
853 424 1061 464 Bernardi
1112 425 1242 478 objici
1292 427 1457 479 possit:
1511 425 1637 479 “Qui
1683 429 1816 470 vestri

347 509 497 535 euram
535 496 660 536 nobis
693 497 947 547 tradidistis,
982 499 1088 550 quid
1122 512 1290 539 rursum
1329 500 1384 539 de
1413 499 1538 540 vobis
1567 515 1646 541 vos
1682 502 1817 543 intro-

347 571 521 610 mittitis
542 570 555 609 ?
573 569 593 585 '’

435 644 568 684 Dices
611 644 716 684 mihi
760 645 954 696 fortasse,
988 647 1209 700 segniores
1252 649 1643 701 deprehenduntur
1685 651 1816 692 inter-

346 719 452 758 dum
502 719 529 758 ii
577 719 650 772 qui
697 726 892 772 praesunt
944 721 986 760 in
1039 722 1355 774 prospiciendis
1405 737 1504 775 qua:
1558 724 1613 764 ad
1666 725 1818 765 subdi-

344 798 491 833 torum
514 807 672 845 corpus
704 799 916 846 spectant,
942 808 1021 834 nec
1050 809 1203 835 omnes
1233 797 1430 837 omnium
1463 798 1815 839 animadvertere

346 867 628 906 necessitates
689 873 885 919 possunt,
944 868 1032 908 sive
1093 870 1363 920 gravioribus
1425 872 1624 924 suspensi
1687 873 1813 922 curis,

345 941 436 980 sive
478 939 779 979 universorum
825 941 1206 982 administratione
1255 943 1446 983 distenti.
1530 945 1812 998 Respondeo,

342 1019 577 1066 propterea
613 1013 961 1054 Constitutiones
1000 1015 1158 1067 jubent
1191 1029 1264 1056 eas
1297 1030 1321 1056 a
1354 1018 1541 1058 subditis
1573 1019 1816 1069 admoneri,

343 1087 378 1125 si
402 1087 580 1139 quando
609 1087 963 1127 animadversum
996 1088 1124 1129 fuerit
1153 1089 1318 1142 aliquid
1352 1104 1446 1130 esse
1474 1091 1717 1132 valetudini
1746 1093 1814 1133 vel

346 1161 650 1209 necessarium,
685 1160 753 1200 vel
797 1162 992 1202 noxium.
1085 1162 1434 1204 Sollicitudinem
1479 1171 1628 1205 tamen
1672 1166 1813 1218 ipsam

345 1240 549 1282 removet,
584 1248 694 1286 quze,
728 1236 761 1274 si
800 1249 825 1274 a
862 1235 1049 1276 subditis
1087 1237 1358 1289 suscipiatur,
1409 1251 1495 1278 non
1540 1239 1701 1280 idcirco
1740 1254 1815 1280 eas

344 1308 639 1360 promptiores
690 1307 882 1348 effecerit
934 1309 989 1348 ad
1043 1309 1361 1361 indulgendum
1416 1325 1503 1351 non
1558 1313 1814 1353 necessariis

346 1381 592 1421 commodis
625 1381 927 1431 subditorum;
962 1383 1050 1422 imo
1082 1397 1185 1423 vero
1217 1384 1440 1424 tardiores
1506 1385 1618 1426 Cum
1651 1392 1815 1435 contra,

347 1455 420 1506 qui
459 1455 501 1494 in
539 1456 730 1507 corporis
768 1470 870 1496 cura
908 1456 1122 1496 minorem
1161 1457 1215 1497 de
1253 1472 1298 1497 se
1333 1459 1439 1511 ipsis
1470 1458 1812 1500 sollicitudinem

345 1534 513 1581 gerunt,
557 1542 707 1568 eorum
750 1531 1027 1582 potissimam
1077 1531 1314 1583 jubeantur
1362 1532 1524 1573 habere
1566 1535 1814 1583 rationem;

345 1601 445 1642 talis
468 1608 534 1642 est
557 1603 748 1642 Ministri
772 1603 920 1656 regula
944 1618 980 1645 n.
1009 1613 1043 1655 5.
1108 1604 1373 1655 Secundum,
1400 1613 1464 1647 est
1488 1608 1621 1647 etiam
1649 1608 1815 1648 inutilis

346 1676 594 1716 sollicitudo
616 1676 721 1725 haec,
747 1679 849 1729 quia
875 1677 944 1717 vel
971 1679 1027 1718 ad
1050 1680 1186 1718 vitam
1214 1681 1540 1732 prorogandam
1569 1682 1813 1734 suscipitur,

346 1750 413 1790 vel
452 1751 507 1790 ad
545 1750 820 1803 voluptatem
858 1757 902 1791 et
934 1752 1240 1803 jucundiorem
1278 1754 1380 1793 vitae
1418 1753 1619 1803 fructum,
1653 1755 1720 1795 vel
1759 1756 1814 1796 ad

347 1825 615 1864 necessarias
640 1826 752 1864 vires
785 1827 997 1878 corporis;
1032 1840 1295 1880 quocunque
1319 1829 1462 1876 modo,
1488 1835 1531 1868 et
1554 1842 1817 1881 quacunque

347 1898 402 1939 de
435 1913 566 1939 causa
598 1899 870 1952 suscipiatur,
901 1900 1064 1941 inutilis
1097 1908 1173 1941 est.
1237 1902 1354 1942 Nam
1387 1903 1676 1955 prorogandae
1713 1904 1817 1944 vitae

348 1986 479 2013 causa
515 1973 678 2012 inutilis
721 1980 798 2022 est,
837 1974 939 2025 quia
982 1975 1209 2015 constituti
1252 1982 1353 2015 sunt
1395 1990 1420 2015 a
1463 1976 1561 2016 Deo
1602 1977 1814 2029 cujusque

347 2048 449 2087 vita>¹
481 2047 668 2096 termini,
699 2047 772 2099 qui
806 2048 1015 2100 praeteriri
1044 2061 1130 2088 non
1164 2055 1374 2101 possunt3
1409 2063 1550 2102 neque
1573 2050 1688 2090 enim
1712 2050 1816 2103 quia

346 2120 687 2161 sollicitudinem
716 2122 838 2160 Deus
871 2121 1074 2174 praevidit
1101 2128 1308 2171 nostram,
1333 2123 1492 2164 idcirco
1514 2124 1814 2176 productiores

347 2208 440 2234 esse
482 2195 620 2234 voluit
661 2195 873 2234 terminos
914 2195 1016 2235 vitae
1050 2202 1220 2236 nostrae.
1289 2196 1442 2236 Multis
1484 2198 1600 2237 enim
1638 2198 1693 2238 de
1735 2212 1814 2239 sua

345 2268 435 2307 vita
467 2281 518 2308 ae
555 2267 695 2307 salute
730 2268 926 2308 sollicitis
964 2269 1057 2320 ejus
1091 2275 1240 2309 tamen
1281 2272 1494 2311 terminos
1535 2278 1730 2312 coarctat
1763 2286 1814 2313 ac

344 2341 574 2391 contrahit,
609 2355 863 2394 quanquam
908 2356 962 2382 ne
1005 2344 1203 2396 optanda
1235 2345 1413 2396 quidem
1446 2347 1698 2397 prorogatio
1730 2346 1814 2386 ista

345 2415 555 2468 longioris
587 2415 701 2463 vitm,
736 2429 835 2455 cum
870 2430 987 2469 szepe
1014 2416 1112 2469 plus
1139 2417 1364 2470 culparum
1397 2432 1529 2471 quam
1557 2420 1811 2460 meritorum

345 2489 508 2529 afferat.
594 2488 690 2528 Nec
744 2489 976 2543 explorata
1028 2491 1155 2531 nobis
1198 2493 1254 2532 sit
1296 2492 1459 2533 Divina
1499 2492 1713 2542 voluntas,
1757 2507 1812 2534 an

346 2568 525 2615 praestet
557 2562 820 2603 diuturnitas
852 2564 964 2614 vitae,
989 2578 1122 2617 quam
1155 2565 1355 2606 brevitas.

432 2636 690 2690 Voluptatis
732 2643 880 2677 autem
925 2639 1066 2690 gratia
1103 2645 1179 2679 aut
1220 2641 1531 2681 commodioris
1573 2641 1676 2682 vitae
1711 2654 1813 2682 usus

348 2711 480 2751 etiam
514 2711 656 2751 inanis
691 2716 757 2751 est
787 2711 869 2751 ista
898 2711 1159 2763 sollicitudo,
1190 2714 1292 2766 quia
1324 2714 1538 2766 religiosae
1569 2715 1672 2754 vitae
1703 2714 1814 2755 ratIO

346 2790 441 2825 tota
468 2797 576 2824 crux
605 2791 670 2825 est
702 2799 752 2825 ac
780 2785 1074 2836 mortificatio,
1099 2787 1155 2827 ab
1181 2788 1391 2841 omnique
1417 2788 1559 2829 aliena
1585 2788 1813 2841 voluptate

346 2857 439 2899 sola
478 2859 741 2899 necessitate
777 2865 995 2901 contenta.
1074 2859 1242 2910 “Scit‚’'
1276 2862 1429 2915 inquit,
1464 2863 1632 2904 “Pater
1670 2867 1815 2904 vester
