1903 3197
396 169 475 214 De
507 168 740 214 medicina
776 185 870 214 non
904 168 1186 230 accipienda,
1214 172 1289 213 etc.
1478 181 1575 225 499

199 306 254 350 30.
299 299 416 351 Quia
460 298 724 339 adhibendis
764 299 924 339 crebris
965 299 1192 339 medicinis
1241 303 1285 339 et
1326 298 1594 352 pharmacis-

111 372 246 412 nimia
278 372 470 424 corporis
503 371 736 411 solicitudo
766 377 953 412 notatur.
1017 372 1226 424 Legimus
1259 377 1406 411 autem
1439 371 1495 411 de
1525 372 1576 411 iis

111 445 343 498 praecipue,
376 446 462 497 qui,
495 458 593 484 cum
632 444 805 496 gravior
838 457 925 484 non
962 451 1087 496 urget
1129 445 1377 493 necessitas,
1408 444 1463 484 ad
1502 456 1576 484 eas

108 518 346 571 capiendas
396 518 699 571 propensiores
750 531 845 557 esse
895 517 1065 558 solent:
1117 518 1191 569 qui
1233 518 1424 569 quidem,
1466 517 1573 558 dum

110 592 294 632 nimium
368 593 576 646 prodesse
639 592 879 632 valetudini
950 591 1114 641 volunt,
1181 591 1327 643 potius
1399 591 1570 632 obsunt.

111 664 410 707 Conturbatur
462 666 579 706 enim
632 679 790 719 corpus
837 672 970 718 atque
1025 664 1284 705 convellitur
1342 663 1572 703 medicatis

108 739 442 792 purgationibus
483 740 656 788 ventris,
710 745 758 780 ut
807 740 869 780 ait
920 737 1184 779 Plutarchus.
1267 736 1373 776 Alvi
1421 725 1570 776 autem

106 812 475 860 conturbationes,
528 812 602 852 ubi
653 813 986 853 medicamentis
1046 815 1385 863 corrumpuntur
1437 815 1570 861 atque

106 884 328 937 liquantur
378 885 482 925 certi
533 885 750 936 humores,
796 886 895 939 plus
946 885 1116 926 addunt
1165 883 1388 937 superflui,
1433 895 1568 935 quam

104 958 317 998 adimunt.
373 959 468 999 “Et
490 959 600 999 sicut
624 959 803 1000 Graecus
831 960 1087 1012 gravissime
1113 964 1285 1007 erraret,
1301 958 1375 1010 qui
1404 956 1570 997 Graecae

106 1030 150 1069 in
181 1031 287 1070 urbe
328 1031 467 1071 turbae
500 1032 829 1072 multitudinem
864 1032 1048 1072 moleste
1082 1032 1234 1079 ferens,
1269 1030 1495 1070 Arabibus
1527 1036 1571 1070 et

106 1102 283 1155 Scythis
313 1105 520 1144 convenis
550 1105 701 1144 urbem
735 1105 961 1158 impleret:
994 1106 1055 1145 ita
1084 1104 1283 1145 nonnulli
1315 1103 1569 1155 longissime

103 1188 129 1215 a
162 1182 280 1216 recta
311 1177 478 1217 ratione
510 1178 704 1226 absunt,”
729 1179 986 1219 Plutarchus
1020 1179 1171 1230 inquit,
1198 1177 1300 1229 “qui
1334 1176 1569 1227 ejiciendo·

103 1262 198 1288 rum
222 1263 245 1289 e
267 1263 448 1302 corpore
470 1250 809 1291 redundantium
832 1251 1065 1291 humorum
1088 1263 1219 1291 causa
1234 1250 1307 1302 qui
1333 1248 1568 1289 familiares

102 1323 273 1374 corpori
299 1329 401 1362 sunt
423 1329 467 1362 et
488 1324 697 1372 consueti,
722 1325 765 1363 in
794 1338 951 1377 corpus
980 1324 1179 1375 injiciunt
1201 1336 1354 1363 coccos
1380 1321 1565 1374 gnidios,

101 1395 445 1444 cardamomum,
482 1396 655 1448 aliaque
697 1397 1020 1448 medicamenta
1058 1411 1083 1437 a
1118 1397 1332 1448 temperie
1374 1394 1567 1447 corporis

100 1466 303 1507 aliena.”1
381 1468 489 1508 Ideo
530 1470 704 1521 sapiens
747 1469 1038 1522 Philosophus
1080 1474 1229 1509 censet
1270 1468 1363 1507 sine
1405 1480 1567 1519 magna

99 1540 359 1581 necessitate
416 1541 740 1583 medicamenta
796 1543 992 1595 usurpari
1051 1556 1138 1582 non
1190 1546 1427 1593 oportere;
1488 1540 1565 1580 sed

101 1613 328 1654 moderata
370 1619 413 1654 et
454 1620 700 1667 temperata
740 1616 880 1656 victus
923 1615 1090 1655 ratione
1132 1627 1289 1667 corpus
1332 1614 1393 1652 ita
1445 1624 1562 1652 com-

99 1699 265 1737 parare,
303 1692 351 1727 ut
391 1687 506 1728 ultro
547 1689 604 1728 sit
645 1689 701 1728 ad
747 1689 1056 1729 evacuationes
1098 1694 1213 1728 recte
1255 1686 1561 1738 compositum.

101 1758 160 1798 Et
186 1759 364 1811 quidem
398 1760 515 1812 ipsos
536 1762 738 1801 videmus
770 1762 973 1810 medicos,
999 1762 1072 1813 qui
1105 1767 1196 1801 tam
1231 1759 1430 1800 liberales
1463 1765 1565 1799 sunt

98 1832 142 1871 in
183 1833 516 1884 praescribendis
559 1835 793 1886 unicuique
840 1835 1080 1883 medicinis,
1117 1834 1198 1873 sibi
1246 1832 1328 1885 ipsi
1375 1831 1563 1884 filiisque

96 1918 148 1946 ac
185 1905 438 1946 domesticis
474 1907 602 1947 valde
637 1921 826 1960 parcere,
868 1921 948 1948 nec
984 1907 1065 1947 nisi
1104 1906 1260 1946 ultima
1303 1905 1565 1945 necessitate

97 1983 274 2018 coactos
316 1992 389 2019 eas
431 1980 638 2032 accipere.
719 1980 824 2030 Jure
865 1980 996 2032 igitur
1029 1985 1150 2020 vetat
1192 1978 1365 2031 Regula
1411 1990 1562 2029 quem-

98 2064 230 2103 quam
273 2052 482 2092 adhibere
523 2053 789 2093 medicinam
832 2054 1077 2106 Superioris
1120 2053 1298 2105 injussu,
1336 2056 1385 2090 ut
1427 2049 1561 2090 facili·

96 2129 236 2165 tatem
271 2127 465 2166 retardet
497 2126 756 2179 aliquorum,
779 2127 854 2179 qui
888 2127 1072 2166 nimium
1105 2127 1160 2166 de
1192 2124 1384 2178 corporis
1421 2124 1563 2165 salute

97 2197 265 2247 soliciti,
300 2199 540 2240 medicinas
577 2199 826 2253 frequenter
856 2205 1113 2253 exposcunt.
1179 2199 1311 2251 Quod
1348 2198 1383 2237 si
1421 2197 1562 2238 omni-

96 2270 177 2311 bus
218 2271 263 2311 id
304 2273 473 2312 consilii
514 2287 540 2313 a
577 2273 848 2326 sapientibus
889 2274 1028 2323 datur,
1068 2279 1117 2313 ut
1153 2285 1287 2326 quam
1331 2271 1559 2320 rarissime,

97 2357 178 2384 nec
218 2345 300 2385 nisi
343 2352 525 2398 urgente
567 2347 830 2387 necessitate
875 2347 1116 2387 medicinas
1153 2347 1384 2398 attingant,
1419 2344 1559 2385 multo

96 2418 236 2471 magis
272 2418 357 2459 hoc
393 2420 624 2460 consilium
657 2420 714 2460 ad
747 2420 973 2473 religiosos
1004 2426 1186 2473 spectat,
1216 2420 1291 2472 qui
1323 2432 1423 2459 cum
1459 2430 1559 2470 pro-

97 2490 301 2531 fiteantur
334 2506 380 2532 se
417 2493 752 2534 commodorum
785 2507 835 2535 ac
867 2493 1120 2534 deliciarum
1153 2493 1362 2541 inimicos,
1394 2491 1559 2531 amicos

95 2569 243 2602 autem
290 2565 426 2605 crucis
466 2566 657 2619 vitaeque
697 2581 875 2620 asperae,
913 2573 1041 2620 turpe
1086 2567 1151 2616 sit,
1191 2567 1225 2606 si
1267 2565 1556 2606 delicatorum

96 2636 368 2678 saecularium
420 2652 540 2680 more
594 2641 829 2692 quotannis
878 2640 1015 2681 velint
1065 2640 1242 2680 tuendae
1293 2636 1558 2679 valetudinis

96 2723 226 2750 causa
262 2712 546 2763 purgationes
583 2726 815 2766 corporum
852 2714 1090 2764 adhibere;
1138 2719 1182 2753 et
1214 2713 1287 2765 qui
1325 2724 1424 2764 spes
1455 2722 1557 2749 suas

96 2796 248 2824 omnes
280 2783 423 2825 locare
455 2792 499 2826 et
530 2786 663 2838 figere
699 2787 743 2826 in
781 2787 880 2827 Deo
913 2787 1086 2836 debent,
1115 2785 1407 2839 promptiores
1438 2795 1560 2836 repe-

620 2880 634 2923 ?
658 2882 712 2915 De
734 2884 857 2916 tuenda
878 2883 1022 2915 valetud.

323 2943 388 2975 GG
419 2946 444 2975 2
