1903 3197
659 182 740 227 De
775 181 819 228 C
815 182 1020 229 astz’tate.
1479 197 1504 241 3
1515 196 1536 226 2
1545 196 1573 239 9

111 321 285 355 secutus
311 315 367 355 ad
398 313 612 367 templum
647 319 774 353 satan
806 313 917 353 vidit
950 314 994 352 in
1027 327 1107 353 suo
1141 313 1300 354 throno
1331 313 1572 362 sedentem,

112 388 200 428 suis
237 388 447 440 stipatum
484 386 745 427 satellitibus
787 400 837 425 ac
879 386 1099 432 ministris,
1143 387 1260 438 apud
1303 400 1433 438 quem
1471 399 1572 426 cum

111 462 166 502 de
189 474 452 514 unoquoque
474 460 578 513 quid
606 460 766 511 egisset
787 459 997 499 curiosius
1024 459 1321 511 inquireretur,
1347 459 1572 512 multique,

113 535 187 588 qui
224 535 441 587 jactarent
481 547 527 573 se
568 533 611 573 in
652 533 889 585 perniciem
932 532 1160 572 hominum
1204 532 1343 572 multa
1384 533 1572 581 molitos,

111 613 398 660 auctoresque
438 607 570 647 fuisse
618 605 932 646 discordiarum
975 612 1020 645 et
1070 606 1268 654 caedium,
1317 606 1574 657 gravissime

110 681 426 734 plecterentur;
463 680 519 720 ad
550 686 798 720 extremum
828 679 1019 719 surrexit
1040 678 1222 731 quidam
1244 679 1318 730 qui
1342 692 1388 717 se
1410 677 1574 718 diceret

110 754 403 807 quadraginta
449 754 566 806 ipsos
619 767 758 793 annos
809 753 1064 793 insidiatum
1116 751 1318 792 monachi
1370 751 1573 798 castitati,

108 828 186 867 vix
229 827 408 867 tandem
456 827 704 875 extorsisse,
749 832 797 866 ut
848 826 1054 878 proxima
1107 831 1235 865 nocte
1285 824 1574 864 antecedente

109 913 207 940 cum
231 906 374 940 scorto
396 913 487 939 rem
509 898 718 949 haberet;
755 899 878 951 cujus
911 905 1003 939 tam
1026 899 1149 938 ardui
1173 898 1374 938 facinoris
1403 897 1573 950 magni-

108 974 306 1015 tudinem
362 973 567 1026 Princeps
620 973 874 1013 daemonum
927 972 1169 1012 admiratus
1220 972 1466 1011 detractum
1519 970 1574 1011 de

109 1053 282 1087 suomet
313 1048 456 1100 capite
490 1047 696 1087 diadema
727 1047 875 1086 vertici
908 1046 1002 1098 ejus
1034 1046 1255 1098 imposuit,
1289 1052 1333 1085 et
1363 1059 1441 1084 suo
1471 1058 1571 1084 eum

110 1121 340 1161 collocavit
381 1121 424 1159 in
472 1120 638 1160 throno.
722 1120 855 1160 Tanti
898 1126 964 1159 est
1010 1119 1127 1172 apud
1179 1120 1404 1159 daemones
1446 1131 1576 1171 posse

111 1194 347 1246 aliquando
377 1195 420 1233 in
443 1193 555 1234 hanc
584 1194 795 1241 fraudem,
819 1199 952 1246 atque
975 1194 1016 1232 in
1040 1193 1152 1233 hanc
1182 1193 1327 1233 labem
1350 1192 1574 1245 perfectis-

110 1268 268 1307 simum
303 1281 523 1319 quemque
558 1267 642 1306 Dei
677 1281 848 1307 servum
884 1267 1118 1319 impellere.

486 1481 757 1507 DIFFICULTAS
789 1482 977 1508 PROPTER
1009 1482 1202 1508 INSIDIAS.

196 1566 357 1615 Tertio,
410 1565 597 1605 difficilis
649 1566 781 1605 etiam
846 1566 1041 1605 redditur
1103 1566 1243 1606 carnis
1295 1565 1577 1618 libidinisque

109 1639 302 1688 victoria,
336 1639 438 1691 quia
471 1640 650 1679 castitas
687 1638 836 1678 multis
872 1645 995 1691 patet
1037 1639 1216 1687 insidiis,
1253 1639 1356 1678 dolo
1392 1639 1576 1679 circum-

110 1713 281 1753 venitur
301 1726 309 1762 ;
342 1726 442 1752 caro
465 1718 611 1752 autem
635 1726 733 1752 cum
756 1718 937 1765 putatur
966 1714 1186 1753 exstincta
1209 1719 1252 1753 et
1276 1713 1370 1764 jam
1394 1713 1573 1761 domita,

111 1791 206 1826 tum
239 1786 434 1825 maxime
466 1800 544 1826 nos
582 1792 821 1838 oppugnat.
884 1786 1139 1826 “Somnum
1176 1786 1329 1839 vulpes
1366 1786 1576 1826 simulant

111 1866 160 1900 ut
201 1873 327 1900 ovem
370 1859 556 1908 fallant,’'
608 1859 828 1900 Climacus
871 1860 942 1909 ait,
987 1859 1202 1900 “daemon
1238 1874 1340 1899 vero
1383 1860 1578 1912 corporis

114 1934 370 1987 pudicitiam
403 1933 539 1985 fingit,
565 1939 612 1972 ut
643 1933 835 1972 animam
866 1932 1086 1985 perimat.’'
1141 1933 1209 1973 Ne
1238 1934 1390 1973 credas
1420 1934 1462 1972 in
1485 1934 1576 1974 vita

112 2012 189 2047 tua
226 2007 319 2047 luto
356 2007 497 2046 carnis
530 2013 628 2052 tuae.
662 2020 804 2058 neque
840 2006 918 2046 tibi
951 2007 1033 2059 ipsi
1068 2008 1248 2046 omnino
1280 2007 1401 2055 fidas,
1436 2007 1577 2047 donec

114 2080 289 2121 Christo
342 2080 536 2120 Domino
592 2080 768 2119 obviam
825 2093 991 2132 pergas.
1086 2080 1247 2121 Scribit
1288 2081 1330 2119 in
1377 2080 1576 2120 Homilia

112 2154 304 2207 quadarn
338 2154 384 2193 B.
410 2154 640 2203 Macarius,
670 2167 972 2206 saepenumero
1007 2160 1201 2206 repertos
1234 2168 1327 2194 esse
1357 2155 1574 2206 quosdam

112 2241 136 2267 e
186 2227 390 2267 fratribus
439 2233 563 2267 tanta
610 2227 752 2280 gratia
809 2228 1037 2280 perfectos,
1075 2234 1124 2268 ut
1174 2228 1390 2268 affirmare
1442 2229 1575 2268 aude-

111 2307 218 2349 rent,
253 2302 446 2354 quinque
489 2308 564 2341 aut
605 2315 685 2341 sex
722 2314 936 2341 annorum
974 2302 1128 2354 spatio,
1162 2315 1339 2342 omnem
1383 2301 1574 2341 libidinis

111 2375 399 2427 cupiditatem
452 2374 631 2414 omnino
683 2375 919 2423 exaruisse,
961 2388 1060 2426 quae
1117 2374 1400 2414 nihilominus
1448 2374 1578 2415 vehe-

114 2449 304 2487 mentius
336 2448 516 2488 incitata
548 2462 622 2487 eos
654 2449 828 2488 torserit
860 2454 993 2500 atque
1025 2449 1284 2489 accenderit.

202 2521 253 2560 In
285 2528 496 2574 perpetua
523 2522 587 2561 sui
621 2522 756 2574 ipsius
788 2523 988 2562 custodia
1019 2522 1178 2562 dicitur
1208 2522 1340 2563 fuisse
1374 2522 1579 2576 Paphnu-

113 2594 210 2642 tius,
249 2600 460 2648 tantaque
502 2595 664 2635 multos
705 2610 782 2648 per
823 2610 960 2636 annos
1002 2596 1272 2636 continentia
1313 2597 1478 2636 vixisse
1527 2603 1575 2636 ut

115 2668 390 2709 existimaret
430 2682 477 2708 se
512 2683 537 2709 a
580 2669 772 2709 libidinis
815 2670 1056 2722 cupiditate
1093 2670 1186 2722 jam
1229 2676 1385 2718 tutum,
1420 2677 1467 2710 ut
1501 2670 1576 2722 qui

96 2743 280 2791 ,cunctis
302 2741 554 2781 daemonum
577 2743 981 2795 oppugnationibus
1004 2744 1271 2796 superiorem
1294 2757 1339 2782 se
1363 2756 1456 2782 esse
1478 2756 1576 2782 sen-

112 2815 223 2854 tiret.
289 2813 377 2855 Sed
407 2828 518 2863 cum,
543 2815 586 2854 in
608 2815 799 2856 adventu
833 2816 1026 2865 fratrum,
1049 2823 1176 2869 parat
1197 2815 1376 2868 aliquod
1406 2815 1576 2855 obsonii

111 2887 229 2940 quod
262 2888 312 2928 iis
344 2893 551 2940 opponat,
575 2889 721 2929 nescio
752 2903 840 2942 quo
872 2903 974 2930 casu
1008 2903 1188 2929 manum
1220 2889 1373 2938 adurit,
1398 2903 1484 2942 qua
1516 2902 1575 2929 ex
