1903 3197
344 177 367 223 5
381 167 439 224 76
671 163 751 209 De
785 164 974 211 ratione
1008 164 1203 210 vivendi
1235 164 1497 212 societatis.

339 295 509 349 pudore
540 295 734 348 cooperti
774 302 885 336 sunt.
950 296 1080 337 Nunc
1116 297 1323 337 venistis:
1366 304 1410 338 et
1448 298 1581 338 modo
1612 299 1812 340 videntes

340 369 521 423 plagam
545 382 690 408 meam
714 369 918 409 timetis.’‘

431 442 553 482 Nihil
591 442 722 495 igitur
754 457 811 482 ex
846 442 1013 483 solatiis
1048 450 1140 484 erat
1175 444 1379 494 externis,
1403 445 1521 497 quod
1560 445 1654 496 ejus
1687 447 1812 499 aegri-

340 517 540 556 tudinem
579 516 810 568 mitigaret.
879 516 950 556 Ac
987 531 1041 556 ne
1078 531 1135 557 ex
1174 518 1449 557 interioribus
1487 518 1679 570 quidem,
1711 533 1811 572 quae

340 590 425 630 tria
457 603 551 629 esse
583 596 795 642 poterant.
867 590 1087 630 Primum:
1130 591 1398 631 conscientia
1430 597 1548 632 recte
1580 592 1813 642 factorum,

342 669 385 704 et
427 664 518 704 vita
568 669 783 713 anteacta,
828 678 926 716 quae
979 678 1113 717 quam
1164 665 1396 705 laudabilis
1446 664 1573 706 fuerit
1624 667 1813 719 ipsemet

341 737 712 790 locupletissimus
749 739 874 778 testis
905 744 981 786 est,
1012 752 1045 778 c.
1072 750 1137 788 31.
1202 739 1291 780 Sed
1325 739 1427 779 hinc
1458 740 1606 792 potius
1635 741 1811 793 aegritu-

341 811 455 851 dinis
484 811 548 851 vis
577 817 773 863 augetur,
801 824 900 850 cum
936 811 1093 863 injuria
1122 826 1168 851 se
1197 813 1415 865 quispiam
1442 814 1563 853 videt
1592 813 1737 866 affligi,
1762 821 1811 854 ut

346 884 691 936 Chrysostomus
720 885 780 924 ait
801 898 809 924 :
842 890 995 924 contra
1015 898 1117 925 vero
1139 886 1204 925 vis
1235 885 1398 926 doloris
1420 887 1688 938 obtunditur,
1712 901 1812 928 cum

343 958 379 997 is
418 957 490 1009 qui
529 971 683 1009 poenas
721 957 811 1005 luit,
847 957 965 1009 juste
1007 971 1054 997 se
1095 958 1294 998 mulctari
1336 961 1586 1013 cognoscit„
1644 961 1810 1001 Verum

343 1031 439 1070 haec
472 1031 617 1079 etiam,
652 1037 700 1071 ut
734 1030 1079 1083 Chrysostomus
1101 1033 1253 1084 inquit,
1278 1032 1338 1072 illi
1370 1039 1521 1086 erepta
1542 1040 1635 1074 erat
1661 1048 1813 1075 conso-

345 1103 463 1144 latio.
549 1104 592 1143 Is
644 1105 772 1153 enim,
827 1105 949 1157 cujus
999 1105 1090 1145 vita
1141 1106 1338 1158 qualibet
1382 1107 1542 1147 virtute
1593 1107 1816 1149 cumulata

346 1177 553 1227 enitebat,
576 1178 782 1218 sustinuit
805 1192 865 1226 ea,
891 1193 990 1231 quae
1020 1179 1398 1220 facinorosissimis
1427 1180 1646 1221 debentur
1673 1181 1816 1222 homi-

346 1251 484 1291 nibus.
563 1251 731 1291 Idcirco
774 1266 865 1304 cap.
909 1253 967 1292 16.
1004 1266 1104 1292 cum
1147 1254 1296 1304 multa,
1333 1254 1494 1307 quibus
1535 1261 1816 1307 premeretur,

348 1325 465 1365 mala
487 1332 903 1375 commemorasset;
933 1329 953 1346 “
972 1327 1121 1376 ercj'
1145 1328 1296 1380 inquit,
1316 1331 1507 1380 “passus
1530 1342 1625 1368 sum
1649 1329 1818 1381 absque

347 1400 580 1452 iniquitate
615 1413 771 1439 manus
808 1414 930 1449 meze,
964 1414 1064 1441 cum
1102 1400 1312 1441 haberem
1351 1402 1538 1442 mundas
1574 1403 1630 1442 ad
1669 1403 1817 1442 Deum

348 1473 536 1525 preces.''
601 1473 746 1512 Prima
769 1473 900 1525 igitur
921 1473 1164 1514 consolatio
1187 1475 1374 1524 interior,
1400 1489 1486 1527 qua
1515 1476 1589 1527 qui
1612 1475 1819 1528 plectitur

349 1560 396 1586 56
429 1552 657 1593 sustentat,
683 1548 788 1586 dum
818 1547 914 1599 jure
943 1547 1074 1600 plecti
1104 1562 1150 1587 se
1182 1550 1325 1596 sentit,
1351 1548 1492 1589 abfuit
1517 1549 1609 1588 viro
1638 1555 1817 1600 sancto,

349 1633 449 1660 cum
489 1626 615 1659 extra
652 1634 829 1660 omnem
868 1621 1042 1673 culpam
1081 1627 1195 1661 esset
1224 1622 1335 1662 tanti
1374 1622 1575 1675 supplicii
1608 1623 1817 1675 dignam:

351 1707 401 1733 ac
438 1699 671 1745 propterea
704 1700 841 1746 optat,
878 1700 925 1733 ut
962 1709 1039 1734 sua
1083 1696 1390 1747 appendantur
1431 1701 1624 1748 peccata,
1659 1696 1819 1748 quibus

352 1766 461 1806 iram
496 1767 706 1806 meruisse
728 1768 885 1808 videat.
965 1767 1119 1808 “Nam
1154 1770 1277 1821 quasi
1311 1782 1441 1809 arena
1474 1768 1642 1818 maris,”
1666 1770 1818 1822 inquit,

353 1839 457 1879 “hae
512 1841 687 1892 gravior
739 1847 999 1893 appareret,
1047 1842 1163 1882 unde
1205 1843 1337 1882 verba
1384 1856 1482 1882 mea
1524 1842 1674 1883 dolore
1720 1849 1822 1883 sunt

351 1912 540 1966 plena.Ul

439 1986 596 2027 Altera
628 1988 872 2028 consoiatio
905 1988 1084 2028 interior
1116 1989 1227 2029 solet
1254 2002 1347 2029 esse
1379 2003 1479 2042 spes
1512 1990 1821 2042 recuperandae

351 2059 641 2110 valetudinis;
677 2067 722 2100 at
754 2061 866 2101 hanc
895 2062 981 2114 Job
1013 2068 1139 2102 tanto
1172 2076 1407 2115 oppressus
1440 2063 1593 2103 morbo
1626 2063 1822 2103 funditus

352 2133 614 2185 desperarat.
681 2134 998 2187 “Desperavi‚’'
1032 2136 1186 2188 inquit,
1220 2140 1535 2188 “nequaquam
1579 2136 1690 2177 ultra
1728 2137 1820 2188 jam

351 2207 525 2246 vivam:
559 2221 688 2259 parce
721 2208 838 2257 mihi,
874 2209 980 2248 nihil
1019 2210 1136 2249 enim
1170 2216 1271 2249 sunt
1307 2210 1400 2249 dies
1437 2208 1584 2258 mei,''²
1624 2216 1668 2249 et
1705 2210 1820 2258 alibi,

354 2280 583 2332 “Spiritus
626 2295 748 2321 meus
791 2283 1101 2331 attenuabitur,
1145 2283 1238 2322 dies
1281 2284 1365 2322 mei
1413 2283 1735 2331 breviabuntur,
1779 2289 1823 2323 et

353 2352 495 2392 solum
539 2354 644 2393 mihi
687 2361 885 2406 superest
928 2354 1238 2407 sepulcrum,’'3
1267 2361 1311 2395 et
1339 2356 1609 2397 “Destruxit
1641 2370 1712 2396 me
1744 2370 1822 2396 un-

353 2425 486 2477 dique
530 2426 711 2478 (scilicet
763 2428 915 2477 Deus),
959 2434 1002 2468 et
1043 2442 1186 2480 pereO,
1230 2435 1274 2468 et
1315 2429 1439 2481 quasi
1482 2429 1642 2469 evulsae
1680 2429 1822 2470 arbori

354 2499 536 2539 abstulit
573 2514 696 2552 spem
736 2500 942 2540 mea1n.'’4
1025 2502 1143 2541 Hinc
1187 2501 1273 2541 {11ae
1311 2502 1497 2555 querelae
1541 2516 1591 2543 ac
1633 2503 1823 2543 lacrimae

353 2573 515 2625 partim
554 2574 593 2612 vi
629 2573 792 2613 doloris
835 2588 1068 2627 expressae,
1104 2576 1265 2627 partim
1305 2576 1611 2628 desperatione
1648 2576 1823 2617 salutis:

355 2647 529 2687 “Versa
563 2655 628 2688 est
661 2650 703 2687 in
740 2649 906 2689 luctum
939 2649 1105 2689 cithara
1143 2663 1252 2700 mea,
1283 2656 1326 2690 et
1355 2646 1568 2702 organum
1599 2664 1747 2690 meum
1780 2651 1823 2690 in

353 2734 507 2760 vocem
546 2721 779 2762 fientium.''
844 2722 963 2773 Quid
996 2724 1112 2763 enim
1146 2724 1182 2762 ei
1220 2724 1370 2776 gaudii
1404 2738 1498 2764 esse
1532 2729 1717 2777 poterat,
1748 2724 1822 2776 qui

349 2794 443 2846 jam
476 2795 662 2836 salutem
697 2797 949 2848 desperarat
982 2803 1025 2837 et
1047 2797 1216 2838 vitam?

616 2874 626 2893 1
653 2876 689 2907 C.
708 2877 758 2926 6..
875 2875 887 2894 2
912 2876 948 2908 C.
969 2883 997 2916 7.
1134 2876 1147 2896 ³
1172 2877 1210 2910 C.
1232 2884 1278 2917 17.
1416 2877 1430 2896 ⁴
1454 2877 1490 2909 C.
1512 2885 1560 2918 19.
