1903 3197
522 218 601 263 De
632 217 814 279 agenda
852 217 1025 279 ubique
1056 219 1168 265 vita.
1519 221 1581 275 69

118 351 272 404 decipi,
303 356 346 391 et
377 350 435 391 ob
457 350 599 390 brevis
631 350 810 390 honoris
842 349 1122 390 dulcedinem
1155 350 1265 390 velle
1293 350 1459 391 honore
1488 364 1585 403 per-

117 432 252 480 petuo
283 425 453 478 privari.
530 423 882 464 Constitutiones
914 437 1015 463 vero
1050 429 1210 463 nostrae
1242 423 1398 475 jubent
1430 437 1510 464 nos
1541 425 1584 464 in

118 500 169 539 iis
193 498 444 539 muneribus
464 499 623 538 versari
653 498 870 547 libentius,
895 498 937 537 in
966 497 1124 549 quibus
1153 498 1373 549 praecipue
1396 497 1584 538 charitas

119 580 162 614 et
204 572 427 613 humilitas
469 578 709 621 exercetur,
753 584 840 612 non
884 571 956 611 ubi
999 570 1097 623 plus
1140 576 1207 610 est
1249 570 1493 622 splendoris
1534 585 1584 611 ac

117 646 279 700 gloriae.
352 647 454 686 Non
492 652 557 686 est
599 647 731 698 igitur
772 645 891 698 quod
936 644 1023 685 ulla
1065 645 1258 684 muneris
1296 649 1372 684 aut
1408 644 1585 684 honoris

119 721 302 761 ambitio
337 719 464 760 sedes
501 726 670 760 mutare
704 720 771 760 vel
809 725 958 760 tenere
1001 733 1080 759 nos
1117 724 1260 770 cogat,
1297 731 1411 766 nam,
1444 723 1492 757 ut
1525 718 1586 757 ait

119 794 161 836 S.
194 793 431 847 Ephraem,1
473 794 556 834 hoc
599 800 665 834 est
707 794 897 834 dedecus
934 793 1045 834 velle
1083 792 1242 845 fugere.
1308 792 1581 831 Postremum

116 868 250 909 etiam
273 868 392 920 quod
425 875 491 908 est
513 869 629 908 inani
652 874 728 908 aut
751 868 833 908 levi
858 881 1035 907 munere
1058 866 1316 920 perturbari,
1340 865 1585 905 ambitione

116 955 204 983 non
233 949 369 991 vacat,
394 943 555 983 idcirco
588 956 675 983 non
708 943 1025 996 perturbamur,
1054 955 1153 982 cum
1187 954 1468 993 nequaquam
1504 954 1583 992 pro

116 1016 325 1056 facultate
367 1022 410 1056 et
445 1016 608 1056 viribus
650 1030 926 1069 occupamur,
965 1016 1068 1068 quia
1111 1015 1280 1055 actuosi
1335 1020 1378 1054 et
1419 1015 1583 1055 strenui

117 1090 253 1130 videri
285 1090 499 1137 volumus,
533 1104 618 1130 non
652 1090 824 1130 desides
857 1096 989 1143 atque
1023 1091 1193 1130 inertes.

208 1163 296 1204 Sed
328 1163 397 1204 hic
425 1164 571 1216 potius
604 1163 774 1204 fuerant
805 1163 990 1216 agendae
1021 1164 1173 1216 gratiae
1207 1164 1319 1211 Deo,
1351 1163 1471 1216 quod
1504 1163 1581 1202 otii

117 1236 284 1288 aliquid
336 1237 391 1276 ad
434 1251 480 1276 εθ
521 1236 753 1277 fruendum
796 1243 840 1277 et
881 1237 1273 1289 contemplandum
1318 1236 1450 1283 dedit,
1494 1249 1581 1275 non

118 1316 265 1351 autem
289 1315 356 1350 tot
378 1323 577 1350 curarum
608 1310 889 1351 multitudine
919 1311 1170 1363 implicavit,
1194 1323 1379 1363 quarum
1406 1309 1584 1362 pulvere

118 1383 401 1424 foedaremur:
419 1384 578 1437 “Saepe
596 1385 712 1424 enim
732 1384 974 1425 misericors
994 1383 1153 1432 Deus,''
1171 1384 1409 1436 Gregorius
1432 1383 1585 1435 inquit,

119 1460 243 1510 “quo
275 1471 376 1498 suos
398 1465 546 1498 tenere
575 1458 728 1511 diligit,
753 1473 805 1499 eo
828 1458 995 1498 solicite
1027 1458 1082 1498 ab
1111 1458 1307 1498 externis
1340 1457 1584 1497 actionibus

118 1530 409 1572 abscondit.’'2
481 1532 598 1572 Nam
642 1539 685 1573 et
726 1532 985 1586 plerumque
1026 1531 1342 1585 paterfamilias
1385 1531 1440 1571 ad
1484 1544 1583 1571 eum

117 1605 313 1647 laborem
344 1621 490 1647 servos
522 1621 623 1648 suos
655 1608 815 1660 dirigit,
839 1622 863 1647 a
896 1621 983 1660 quo
1016 1606 1164 1647 utilius
1197 1606 1311 1646 filios
1343 1605 1585 1658 suspendit,

117 1685 160 1720 et
209 1680 310 1721 inde
351 1680 427 1720 filii
470 1681 561 1721 sine
602 1682 838 1722 vexatione
875 1681 1020 1722 decori
1073 1686 1184 1729 sunt,
1229 1679 1346 1720 unde
1388 1679 1497 1720 servi
1541 1679 1583 1718 in

118 1754 295 1807 pulvere
328 1755 560 1796 foedantur.
625 1756 766 1809 quue
799 1757 861 1796 ait
898 1763 1014 1796 recte
1048 1756 1142 1809 ipsa
1176 1755 1280 1795 olim
1313 1753 1584 1794 tabernaculi

119 1830 441 1869 constructione
493 1830 797 1882 significatum,
850 1831 905 1870 ad
960 1828 1175 1882 Moysen3
1222 1830 1387 1881 quippe
1440 1828 1588 1867 divina

120 1915 226 1941 voce
256 1902 507 1955 praecipitur
537 1908 586 1942 ut
618 1903 674 1942 ad
712 1903 903 1956 tegenda
936 1903 1116 1944 interius
1147 1907 1301 1942 sancta
1333 1906 1584 1941 sanctorum

121 1988 178 2015 ex
210 1976 354 2028 bysso,
377 1989 507 2017 cocco
537 1982 669 2028 atque
698 1976 938 2029 hyacintho
960 1976 1055 2016 vela
1085 1981 1305 2023 texantur,
1328 1974 1588 2027 jussumque

120 2054 187 2088 θεῖ
210 2054 257 2088 ut
279 2048 335 2088 ad
357 2050 679 2101 protegendum
706 2049 1038 2090 tabernaculum
1064 2049 1162 2090 vela
1189 2048 1358 2089 cilicina
1385 2053 1428 2087 et
1450 2046 1587 2100 pelles

120 2122 391 2171 extenderet,
416 2136 513 2174 quae
537 2122 743 2162 nimirum
766 2123 833 2163 vel
861 2124 1043 2176 pluvias,
1065 2123 1134 2163 vel
1156 2128 1322 2171 ventos,
1346 2121 1414 2161 vel
1437 2120 1588 2174 pulve-

120 2209 210 2236 rem
233 2195 479 2236 tolerarent.
544 2196 697 2237 Cilicia
719 2204 867 2237 autem
891 2203 934 2238 et
956 2197 1103 2250 pelles,
1128 2210 1226 2249 quae
1249 2193 1585 2236 tabernaculum

120 2275 367 2322 protegunt,
392 2270 452 2310 ait
474 2284 570 2310 esse
590 2271 796 2324 praelatos
828 2277 872 2312 et
900 2271 1155 2324 superioreS,
1180 2270 1254 2323 qui
1285 2269 1479 2310 externis
1509 2282 1589 2308 ex-

120 2350 343 2396 ponuntur
371 2345 556 2384 incuriis.
620 2345 807 2398 Byssum
841 2352 1002 2394 autem,
1027 2358 1206 2385 coccum
1230 2350 1274 2385 et
1296 2341 1586 2396 hyacinthum

120 2418 318 2458 subditos
342 2432 448 2468 esse,
471 2418 545 2471 qui
577 2418 726 2468 latent,
751 2419 825 2472 qui
848 2420 954 2460 dum
977 2426 1104 2460 caute
1128 2420 1171 2459 in
1195 2417 1478 2459 tabernaculo
1505 2417 1587 2457 sub

121 2492 271 2532 ciliciis
308 2499 351 2532 et
386 2491 576 2545 pellibus
607 2493 947 2542 absconduntur,
986 2507 1064 2533 sua
1100 2494 1271 2546 integra
1305 2490 1587 2545 pulchritudo

122 2571 326 2605 servatur.
390 2563 521 2618 Quod
545 2566 723 2619 quidem
746 2567 873 2607 valde
896 2566 1025 2607 solari
1056 2581 1131 2607 eos
1153 2566 1298 2615 debet,
1322 2565 1396 2618 qui
1418 2568 1584 2617 parent,

124 2639 285 2690 quique
307 2653 386 2679 nec
407 2640 616 2693 speciosis
638 2654 718 2681 nec
739 2642 934 2694 operosis
956 2640 1212 2681 muneribus
1234 2644 1513 2692 occupantur.

212 2712 462 2753 Secundum
506 2727 608 2754 vero
659 2715 777 2767 quod
830 2721 896 2754 θεῖ
946 2714 1071 2755 labor
1123 2714 1312 2754 muneris
1363 2718 1406 2752 et
1457 2709 1586 2750 officii

123 2784 305 2825 fortasse
367 2786 591 2827 molestior
641 2801 720 2828 nec
771 2795 921 2829 tamen
984 2788 1264 2842 splendidior,
1315 2785 1475 2838 partim
1527 2796 1584 2823 ex

327 2889 337 2908 ¹
365 2892 488 2923 Paraen.
506 2891 558 2931 26,
574 2897 597 2924 t.
614 2901 644 2924 2.
788 2892 801 2911 2
824 2894 899 2925 Lib.
918 2900 969 2934 25,
988 2894 1072 2925 Mor.
1091 2905 1116 2925 c.
1137 2893 1184 2931 16,
1202 2893 1235 2922 in
1245 2892 1312 2932 Job
1328 2898 1378 2929 34.

750 2943 764 2963 ³
784 2945 891 2977 Exod.
909 2951 960 2985 25.
