1903 3197
153 163 233 210 De
253 161 460 209 ordinat.
490 177 596 222 quae
615 176 673 206 ex
693 160 921 221 cujusque
929 159 1201 222 prudentia
1212 159 1397 221 pende&
1457 172 1556 218 479

172 296 290 348 Ergo
314 294 511 335 Societas
534 292 836 340 aedificationis
862 293 1013 344 gratia,
1038 293 1137 332 licet
1159 291 1233 332 illa
1254 292 1441 345 quidem
1467 305 1553 332 non

82 369 230 409 omnia
263 368 529 408 salsamenta
565 366 760 407 funditus
792 371 979 418 respuat,
1014 366 1149 405 nimia
1183 372 1335 406 tamen
1372 372 1416 406 et
1450 379 1551 418 quae

82 443 215 483 solius
237 448 338 482 sunt
359 441 597 495 voluptatis
623 440 881 493 plerumque
908 439 1054 491 rejicit.
1109 440 1177 479 Ita
1200 446 1243 479 et
1266 439 1549 480 aedificationi

79 516 210 557 simul
231 516 418 556 consulit
440 516 482 555 in
505 514 768 568 apparandis
791 512 942 566 epulis,
967 518 1010 552 et
1031 512 1284 552 valetudini.

83 721 109 775 ξ
132 731 294 763 2.—DE
326 728 674 761 ORDINATIONE
711 728 825 768 QUAE
859 728 924 758 EX
957 726 1211 768 CUJUSQUE
1249 725 1544 756 PRUDENTIA

717 785 923 816 PENDET.

173 877 403 917 Hactenus
444 876 499 916 de
540 875 740 916 ordinata
780 875 920 915 victus
970 874 1149 921 ratione,
1193 886 1291 925 quae
1345 886 1402 912 ex
1455 872 1551 925 ipsa

82 949 290 1003 religione
323 956 456 1002 atque
493 964 550 989 ex
585 949 910 989 moderatorum
947 946 1328 988 administratione
1370 945 1544 998 pendet.

84 1024 297 1064 Dicamus
348 1024 554 1076 deinceps
596 1023 650 1062 de
702 1036 763 1072 ea,
806 1036 903 1074 qua:
947 1035 1003 1061 ex
1055 1020 1267 1072 cujusque
1318 1019 1551 1072 prudentia

80 1098 255 1151 pendet,
294 1104 337 1139 et
378 1098 421 1137 in
462 1110 728 1150 unoquoque
769 1096 1046 1136 subditorum
1084 1096 1170 1134 sita
1207 1100 1303 1134 est:
1346 1095 1438 1133 sive
1480 1093 1551 1134 hic

81 1185 257 1224 quoque
308 1171 527 1211 reficiendi
582 1177 783 1223 tempora
834 1175 1033 1222 spectare
1084 1168 1201 1217 velis,
1254 1168 1345 1207 sive
1408 1168 1548 1220 ipsam

81 1245 302 1285 reficiendi
365 1245 590 1285 rationem.
668 1245 720 1284 In
773 1250 957 1296 utroque
1019 1243 1137 1282 enim
1201 1242 1405 1282 salutaris
1467 1240 1584 1290 hic,-

83 1333 215 1372 quem
249 1320 454 1367 diximus,
486 1324 683 1359 versatur
713 1318 832 1358 ordo.

169 1393 302 1446 Quod
344 1393 476 1445 igitur
515 1392 571 1432 ad
613 1392 823 1445 temporis
864 1396 1037 1443 spectat
1079 1390 1294 1436 ordinem,
1339 1388 1548 1441 praeclare

81 1466 320 1507 consulitur
374 1465 626 1513 valetudini,
684 1465 720 1505 si
781 1478 861 1504 nec
918 1469 1049 1516 potus
1111 1476 1190 1502 nec
1245 1462 1367 1501 cibus
1421 1468 1551 1502 extra

81 1542 327 1581 communis
375 1539 622 1580 refectionis
671 1544 875 1591 tempora
924 1537 1135 1590 capiatur.
1220 1536 1417 1588 Ideoque
1475 1535 1549 1574 lex

82 1622 148 1657 est
202 1630 289 1657 una
341 1617 397 1656 de
454 1615 863 1663 Constitutionibus,
924 1619 973 1654 ut
1037 1612 1303 1653 valetudinis
1371 1611 1548 1652 tuendae

80 1691 221 1743 gratia
267 1703 396 1730 nemo
444 1695 570 1729 extra
617 1695 827 1729 consueta
867 1694 1068 1740 tempora
1117 1687 1255 1735 bibat,
1299 1699 1379 1726 nec
1421 1691 1549 1726 extra

82 1763 265 1805 domum
297 1764 444 1804 cibum
478 1769 623 1803 sumat
654 1763 820 1814 absque
852 1761 1062 1801 facultate
1096 1758 1373 1813 Superioris.¹
1436 1758 1548 1812 Quae

82 1844 130 1878 ut
200 1837 395 1890 pluribus
449 1836 705 1889 explicetur,
757 1834 962 1888 prohibet
1026 1834 1158 1887 priori
1226 1833 1323 1873 loco
1380 1838 1548 1886 potum,

81 1911 185 1964 quia
226 1917 520 1964 praeterquam
574 1910 692 1962 quod
739 1908 960 1949 honestati
1005 1922 1054 1948 ac
1098 1907 1307 1959 religioni,
1351 1913 1399 1946 ut
1442 1919 1550 1946 mox

84 1986 290 2035 dicemus,
333 1984 705 2025 extraordinarius
747 1990 888 2037 potus,
932 1983 1022 2023 sive
1063 1983 1119 2022 sit
1157 1996 1283 2034 aquae
1325 1982 1415 2021 sive
1450 1981 1551 2030 vini,

83 2059 349 2108 adversatur,
401 2059 528 2099 obest
578 2058 711 2098 etiam
764 2057 960 2097 maxime
1010 2056 1285 2105 valetudini;
1348 2056 1454 2095 dum
1507 2061 1551 2095 et

83 2146 201 2186 saepe
224 2132 461 2185 impeditur
491 2132 663 2185 prandii
695 2145 888 2171 coenaeve
914 2130 1152 2178 concoctio,
1176 2135 1219 2169 et
1241 2129 1549 2181 supervacanei

84 2212 297 2259 augenter
324 2205 539 2246 humores.
604 2205 773 2245 Idcirco
804 2204 1008 2245 Clemens
1038 2204 1081 2243 in
1113 2202 1432 2254 Paedagogico:
1465 2199 1549 2240 “Si

83 2279 214 2329 sitis‚''
252 2280 403 2332 inquit,
444 2279 717 2327 “accesserit,
750 2285 924 2319 curetur
963 2277 1058 2317 haec
1100 2276 1274 2316 affectio
1312 2287 1427 2326 aqua
1464 2286 1551 2313 non

85 2354 248 2395 multa:
280 2368 423 2407 neque
445 2354 561 2394 enim
584 2367 699 2406 aqua
731 2353 914 2392 nimium
943 2351 1121 2405 profuse
1143 2349 1313 2402 impleri
1336 2348 1551 2395 convenit,

85 2442 140 2469 ne
162 2430 371 2469 obruatur
393 2425 774 2468 nutrimentum.’'2
835 2427 933 2466 Imo
963 2425 1080 2466 idem
1100 2424 1321 2477 juventuti
1351 2421 1551 2475 praecipit

84 2503 128 2542 in
170 2503 274 2555 ipsis
311 2516 488 2555 quoque
524 2501 704 2555 prandis
740 2499 994 2554 potionibus
1036 2499 1267 2547 abstinere,
1304 2510 1419 2550 pane
1455 2495 1550 2536 solo

83 2582 286 2629 gustato:
340 2576 442 2617 “Ut
494 2573 728 2624 ebibatur,''
781 2574 932 2627 inquit,
985 2575 1171 2613 “eorum
1223 2582 1547 2624 supervacanea

83 2650 336 2700 humiditas,
359 2649 580 2690 aridorum
603 2662 678 2689 esu
700 2648 836 2689 veluti
866 2647 1060 2700 quadam
1089 2645 1275 2699 spongia
1297 2640 1552 2684 exhausta.’'

85 2722 265 2776 Quanto
294 2723 426 2776 igitur
455 2723 596 2775 magis
624 2721 935 2763 abstinendum
958 2727 1024 2761 est
1054 2726 1161 2773 potu
1193 2724 1321 2759 extra
1342 2710 1553 2756 consueta

80 2803 284 2852 tempora
333 2790 655 2852 prandiorum?
746 2794 1031 2848 Quamquam
1082 2793 1258 2833 fuerunt
1308 2788 1549 2844 aliquando

429 2893 442 2914 ²
466 2895 547 2936 Reg.
572 2894 620 2928 16.
921 2891 935 2937 9
959 2892 1049 2925 Paed.
1068 2890 1090 2924 1.
1110 2899 1140 2925 2.
1161 2900 1189 2924 c.
1209 2898 1239 2923 2.
