1903 3197
459 129 755 191 AEdz’ficatz'o
791 132 849 177 ab
886 133 1090 193 agredi&
1129 138 1204 179 etc.
1469 146 1563 193 559

90 261 210 301 tione
241 261 475 313 capiamus.
539 261 642 301 Non
680 262 810 311 enim,
835 264 938 314 quia
974 264 1057 303 Dei
1089 264 1255 303 donum
1290 264 1332 303 in
1366 270 1560 304 nostram

89 334 383 374 convertimus
433 335 681 387 perniciem,
736 335 896 376 idcirco
948 337 1111 376 desinit
1164 351 1258 377 esse
1310 339 1429 389 quod
1483 344 1558 379 est.

91 407 300 447 Immittit
352 409 474 448 Deus
532 408 747 456 morbum,
802 415 850 448 ut
901 410 1122 459 virtutem,
1176 424 1310 462 quam
1369 418 1559 460 coronet,

89 494 306 531 exerceas,
329 483 546 534 patienter
576 481 799 521 humiliter
831 483 901 534 pie
933 484 1020 522 vim
1055 484 1199 523 morbi
1233 483 1412 524 ferendo
1441 499 1447 524 :
1481 486 1557 525 sed

87 559 133 594 tu
172 561 393 595 certamen
430 555 595 602 abnuis,
634 561 681 594 tu
724 555 977 607 palfestram
1018 555 1297 608 subterfugis,
1333 558 1449 597 unde
1486 558 1558 598 alii

87 627 167 666 sibi
191 641 397 667 coronam
420 633 590 675 texunt,
610 634 653 667 et
676 629 719 667 in
742 627 955 680 languore
977 630 1170 681 corporis
1195 629 1377 681 langues
1396 631 1554 670 animo.

88 699 207 752 Quid
232 701 387 739 mirum
422 714 524 752 ergo
556 701 591 740 si
624 701 708 741 Dei
741 701 1000 742 beneficium
1035 715 1122 742 non
1148 703 1363 754 agnosciS,
1387 709 1430 742 et
1453 702 1557 742 lucri

85 779 262 826 tempus
293 772 349 813 de
381 774 583 814 manibus
616 774 702 814 labi
739 775 932 827 pateris?
995 776 1135 816 Recte
1170 775 1303 828 igitur
1342 775 1557 828 Chrysos-

85 852 232 886 tomus
263 846 484 895 admonet,
513 853 561 887 ut
593 847 635 886 in
671 848 775 900 ipsis
810 862 987 901 quoque
1022 849 1188 889 morbis
1222 863 1471 902 pugnemus
1506 864 1557 890 ac

84 919 353 969 dimicemus,
382 934 524 973 neque
556 934 750 973 unquam
783 935 905 962 arma
929 923 983 962 de
1011 922 1216 962 manibus
1246 922 1553 975 deponamus.1

86 992 242 1033 “Dum
278 993 320 1032 in
353 993 512 1042 terris,”
546 994 697 1046 inquit,
732 999 754 1014 “
769 996 983 1047 degimus,
1018 1009 1242 1048 nunquam
1282 996 1556 1048 respiremus,

85 1066 163 1106 sed
197 1079 370 1119 semper
404 1067 446 1106 in
480 1067 770 1120 pugillatione
793 1082 1043 1109 versemur:
1083 1069 1280 1109 maxime
1315 1084 1417 1109 vero
1455 1083 1554 1109 cum

87 1140 227 1180 morbi
288 1140 538 1181 calamitate
595 1147 828 1191 tentamur,
889 1144 1067 1194 quando
1126 1143 1298 1183 dolores
1357 1143 1554 1182 animum

84 1213 330 1265 pervellunt
371 1214 575 1266 undique,
619 1215 797 1267 qnando
849 1217 1066 1256 cruciatus
1114 1216 1329 1265 obsident,
1374 1216 1553 1268 quando

84 1286 285 1327 diabolus
308 1287 518 1337 imminet,
542 1289 597 1328 ad
621 1288 787 1340 aliquid
812 1290 866 1328 de
891 1289 988 1329 Deo
1012 1289 1283 1341 loquendum
1306 1289 1539 1342 asperius.''

172 1359 267 1399 Nec
307 1373 410 1399 vero
453 1361 555 1412 quia
596 1366 773 1401 satanas
816 1362 1020 1401 imbecilli
1065 1362 1258 1415 corporis
1301 1362 1553 1403 occasiones

85 1438 337 1485 aucupatur,
376 1433 437 1472 ita
479 1439 527 1473 ut
560 1434 675 1473 viros
717 1434 850 1474 etiam
894 1440 1069 1474 sanctos
1112 1435 1154 1473 in
1198 1435 1551 1487 desperationem

85 1519 214 1558 agere
249 1505 463 1556 moliatur,
488 1506 649 1547 idcirco
681 1508 779 1560 plus
811 1508 974 1548 habere
1008 1508 1170 1561 poterit
1199 1508 1242 1547 in
1273 1521 1352 1548 nos
1383 1509 1551 1558 virium,

86 1592 218 1631 quam
258 1580 295 1619 ei
337 1580 583 1632 permiserit
618 1580 751 1621 Deus.
830 1581 993 1621 Fidelis
1036 1581 1152 1621 enim
1197 1582 1320 1621 Deus
1364 1587 1440 1629 cst,
1481 1583 1555 1633 qui

86 1665 174 1693 non
217 1653 442 1705 permittet
484 1667 564 1693 nos
606 1654 765 1694 tentari
809 1668 940 1707 supra
978 1654 1021 1693 id
1064 1654 1182 1707 quod
1225 1668 1469 1707 possumus,
1505 1662 1553 1694 ut

85 1725 304 1778 possimus
355 1726 596 1766 sustinere:
649 1728 892 1779 praesertim
946 1728 1066 1779 quod
1119 1728 1162 1767 in
1214 1728 1308 1780 ipsa
1359 1728 1554 1781 corporis

87 1799 386 1839 imbecillitate
419 1813 505 1840 non
538 1799 710 1840 lacertis
742 1814 792 1840 ac
819 1800 992 1849 viribus,
1017 1800 1093 1840 sed
1125 1800 1373 1841 humilitate
1395 1814 1445 1840 ac
1468 1800 1555 1841 fide

86 1879 237 1913 contra
271 1872 496 1913 diabolum
530 1873 820 1926 pugnandum
858 1879 933 1914 est.
998 1874 1309 1914 Decumbebat
1342 1888 1399 1914 ex
1431 1876 1553 1928 gravi

85 1947 239 1986 morbo
290 1947 466 1986 tertium
510 1946 603 1998 jam
652 1960 846 1987 mensem
893 1948 1031 1988 abbas
1080 1948 1209 1988 Cilex
1261 1947 1555 1998 Alexander‚2

83 2019 321 2072 paucisque
354 2025 455 2059 ante
488 2019 654 2069 diebus,
688 2034 822 2072 quam
856 2034 878 2060 e
910 2022 1000 2061 vita
1033 2022 1253 2074 migraret,
1287 2021 1553 2061 audiebatur

80 2092 148 2132 his
189 2106 326 2133 senex
368 2093 593 2133 diabolum
636 2094 857 2146 increpare
900 2094 1119 2146 querelis:
1173 2094 1283 2135 “Ad
1321 2108 1550 2148 vesperam

83 2166 250 2215 venisti,
290 2167 445 2215 miser;
492 2166 575 2207 hoc
617 2180 828 2219 magnum
871 2181 958 2208 non
997 2174 1089 2218 est,
1138 2168 1346 2220 quoniam
1389 2168 1550 2208 lectulo

83 2239 310 2280 devinctus
352 2254 461 2290 sum,
497 2247 540 2280 et
582 2241 746 2281 moveri
785 2241 882 2281 loco
925 2255 1011 2281 non
1048 2255 1239 2294 possum.
1307 2241 1553 2282 Ostendisti

85 2313 325 2353 miserrime
347 2313 647 2354 imbecillitam
670 2319 816 2354 tuam:
849 2328 964 2363 nam,
985 2316 1019 2355 si
1043 2315 1148 2367 quid
1171 2315 1355 2355 haberes
1374 2315 1553 2361 roboris,

87 2399 167 2426 nec
214 2392 262 2426 tu
305 2388 626 2440 quinquaginta
681 2394 757 2428 aut
804 2389 1039 2441 sexaginta
1077 2389 1203 2429 annis
1245 2395 1346 2429 ante
1388 2390 1443 2429 ad
1488 2402 1558 2428 me

84 2459 305 2509 venisses;
355 2466 398 2500 et
436 2474 518 2513 ego
560 2474 637 2514 per
677 2461 1000 2502 confortantem
1045 2462 1267 2503 Christum
1311 2468 1434 2503 tuam
1473 2462 1552 2502 tibi

85 2532 433 2573 imbecillitatem
477 2534 779 2585 ostendissem,
816 2535 1162 2588 dejecissemque
1200 2537 1391 2589 rugitum
1428 2542 1552 2575 tuum

85 2609 129 2644 et
179 2605 396 2645 tumidam
449 2607 578 2646 istam
630 2608 854 2648 cervicem.
932 2610 1061 2649 Nunc
1112 2615 1260 2650 autem
1314 2623 1402 2649 non
1454 2621 1553 2647 mea

84 2678 360 2718 imbecillitas
396 2686 473 2729 est,
507 2680 584 2720 sed
623 2681 852 2722 infirmitas
886 2684 1091 2736 corporis,
1127 2697 1225 2735 quae
1261 2695 1331 2722 me
1365 2681 1552 2734 premit:

86 2751 186 2792 Deo
228 2757 379 2792 tamen
423 2766 506 2806 ago
549 2755 724 2806 gratias,
760 2757 815 2796 ad
860 2770 991 2808 quem
1029 2770 1136 2795 mox
1175 2756 1298 2804 abeo,
1337 2754 1456 2807 quod
1499 2754 1554 2794 de

252 2840 262 2860 ¹
290 2843 330 2873 In
349 2843 483 2884 Olymp.
507 2844 580 2875 Cat.
601 2854 649 2884 gr.
947 2844 959 2863 ²
986 2846 1025 2875 In
1044 2846 1130 2876 Prat.
1153 2845 1230 2886 spir.
1252 2855 1277 2876 c.
1305 2844 1374 2876 182.
