1903 3197
313 148 393 193 De
424 147 770 194 ministrorum
805 164 920 209 erga
953 152 1155 209 (egrotos
1189 162 1323 193 cura.
1457 157 1480 202 5
1493 158 1517 202 3
1532 158 1546 187 1

78 278 290 331 quaedam
329 279 580 320 morborum
623 292 796 331 genera,
834 293 1019 337 quorum
1057 273 1281 320 fastidium
1318 291 1406 318 non
1445 277 1551 317 satis

85 351 288 402 fe1·imus;
321 366 574 405 quanquam
605 353 647 392 in
678 352 883 392 omnibus
907 352 995 392 fere
1024 353 1186 392 morbis
1216 357 1372 391 natura
1403 357 1551 391 nostra

85 432 278 468 nauseat.
362 426 557 479 Ideoque
593 426 806 479 patientia
837 440 887 466 ac
918 425 1149 466 tolerentia
1180 440 1291 478 opus
1323 431 1389 465 est
1421 425 1463 464 in
1496 438 1548 464 ea

79 500 332 551 superanda
382 514 432 540 ac
473 500 710 540 vincenda:
764 505 812 539 ut
857 500 1133 539 consuevisse
1184 499 1371 552 legimus
1413 499 1455 539 P.
1490 498 1545 537 N.

85 573 323 626 Ignatium,
375 586 472 613 cum
527 573 792 613 ministraret
843 571 1048 625 [egrotis.1
1129 572 1284 612 “Nam
1337 586 1436 612 cum
1487 573 1544 612 ad

76 647 322 698 quemdam
353 646 526 686 adesset
557 647 677 698 gravi
715 653 759 686 et
789 646 1046 698 contagioso
1079 645 1221 685 ulcere
1253 645 1541 693 laborantem,

84 726 127 761 et
160 720 433 760 ministrandi
466 733 607 770 causa,
630 727 678 760 ut
709 720 769 769 fit,
798 720 1135 760 decumbentem
1169 718 1354 758 subinde
1386 723 1544 758 attrec-

83 799 229 842 tasset,
249 795 293 834 in
315 794 507 834 discessu
532 800 674 834 metus
699 794 922 846 Ignatium
945 794 1089 844 subiit,
1109 807 1161 833 ne
1185 807 1242 833 ex
1266 806 1317 833 eo
1340 798 1544 833 contactu

79 868 267 908 dextera
317 867 612 921 pestilentiam
663 868 985 908 contraxisset:
1052 881 1150 920 quae
1201 867 1393 920 suspicio
1444 880 1545 907 cum

82 941 318 982 solicitaret
353 941 578 981 hominem
612 942 925 991 vehementius,
963 955 1151 994 eumque
1193 940 1248 981 ab
1290 939 1542 991 hujusmodi

76 1015 304 1055 *charitatis
333 1015 476 1055 officio
506 1015 548 1054 in
578 1021 802 1068 posterum
832 1022 1060 1065 avocaret;
1094 1014 1164 1055 ille
1191 1014 1368 1067 cognita
1391 1013 1542 1053 fraude

81 1088 312 1129 confestim
346 1089 387 1128 in
419 1089 704 1141 semetipsum
737 1089 911 1137 exarsit,
939 1089 1235 1141 dextramque
1267 1089 1310 1128 in
1343 1102 1392 1128 os
1424 1088 1544 1128 iden-

80 1162 217 1202 tidem
255 1162 447 1202 inserens
484 1163 696 1215 increpuit
730 1163 869 1203 ultro:
919 1162 1029 1216 ‘Qui
1068 1162 1122 1202 de
1159 1176 1245 1202 una
1285 1175 1415 1202 manu
1450 1167 1542 1202 tam

76 1236 241 1276 anxius
283 1249 339 1285 es,
377 1236 481 1287 quid
525 1237 727 1276 universo
768 1250 948 1289 corpore
990 1235 1188 1277 facies?’'
1271 1235 1423 1288 Atque
1463 1234 1546 1281 hac

78 1310 335 1350 fortitudine
372 1316 415 1349 et
451 1315 713 1361 praesentem
751 1310 919 1363 depulit
961 1316 1138 1359 metum,
1183 1316 1226 1350 et
1277 1309 1332 1349 ad
1387 1309 1543 1349 eadem

79 1397 209 1436 porro
227 1383 489 1436 exequenda
511 1383 686 1435 pietatis
709 1397 842 1436 opera
864 1397 957 1423 sese
975 1389 1181 1436 vegetum
1205 1390 1339 1435 atque
1360 1382 1543 1422 hilarem

79 1455 317 1509 praestitit.''
388 1455 505 1496 Nam
544 1456 650 1508 quid
689 1456 743 1496 de
782 1455 1047 1497 Xaverii2in
1080 1456 1258 1496 ferenda
1291 1455 1545 1496 morborum

79 1543 241 1571 nausea
270 1529 524 1570 fortitudine
553 1530 728 1571 dicam?
806 1529 951 1583 Quem
984 1531 1144 1570 scimus
1172 1530 1414 1579 itentidem,
1438 1530 1543 1570 dum

79 1604 296 1644 ministrat
333 1603 520 1656 aegrotis,
553 1603 828 1644 abhorrentis
861 1611 1029 1645 naturae
1060 1605 1214 1644 vicisse
1247 1603 1450 1644 fastidia:
1499 1610 1547 1644 ut

75 1691 177 1718 cum
200 1677 381 1718 ulcerosi
413 1678 579 1717 saniem
612 1678 746 1717 semel
777 1684 910 1730 atque
939 1679 1096 1718 iterum
1118 1678 1316 1718 Venetiis
1339 1678 1545 1730 exsugit;

78 1751 167 1791 imo
199 1757 242 1791 et
276 1751 380 1803 ipsis
411 1751 680 1790 ministrasse
713 1751 904 1804 leprosis,
929 1765 1028 1791 cum
1060 1753 1102 1791 in
1139 1752 1266 1791 India
1289 1757 1542 1791 versaretur.

77 1823 209 1877 Quod
262 1824 367 1864 item
419 1823 561 1864 facere
613 1823 790 1864 solitum
845 1825 890 1864 B.
928 1825 1144 1877 Joannem
1199 1823 1544 1874 Colombinum,3

76 1898 272 1951 aliosque
304 1902 478 1938 sanctos
507 1898 633 1945 viros,
659 1903 706 1938 ut
737 1898 1056 1938 Bernardinum
1085 1899 1338 1947 Senensem,
1363 1898 1545 1950 ejusque

77 1972 216 2011 civem
255 1970 550 2020 Catharinam,
588 1985 686 2023 quae
729 1972 825 2025 ipsa
866 1986 1043 2025 quoque
1084 1972 1276 2013 ulcerum
1320 1971 1545 2012 lambebat

77 2046 255 2093 saniem,
281 2051 329 2085 ut
358 2050 524 2084 naturae
554 2051 781 2097 superaret
810 2045 1045 2095 horrorem,
1070 2047 1292 2086 memoriae
1320 2046 1544 2098 proditum

78 2124 153 2159 est.
218 2119 333 2159 Item
370 2118 426 2157 de
464 2118 702 2159 catharina
743 2118 962 2159 Genuensi
1004 2120 1047 2159 in
1090 2120 1182 2172 ejus
1219 2120 1308 2160 vita
1347 2119 1542 2172 legimus.

77 2192 148 2232 Ac
200 2192 246 2232 B.
286 2192 417 2233 etiam
462 2192 647 2232 Basilius
699 2206 839 2245 aegros
881 2207 932 2233 ac
973 2193 1094 2233 tetris
1153 2193 1315 2234 morbis
1363 2193 1545 2234 affectos

80 2266 325 2307 exosculari
361 2266 512 2307 solitus
549 2266 719 2316 dicitur,
743 2274 790 2307 ut
824 2268 991 2308 caeteris
1026 2268 1241 2321 praeberet
1276 2267 1544 2321 exemplum,

77 2354 130 2380 ne
161 2354 375 2393 pauperes
407 2353 636 2393 aegrosque
669 2339 927 2391 fastidirent,
956 2341 1033 2381 sed
1067 2355 1218 2382 eorum
1252 2341 1396 2382 ulcera
1428 2355 1544 2381 mor-

79 2414 247 2466 bosque
278 2420 488 2464 curarent,
512 2421 560 2454 ut
591 2415 635 2453 in
670 2414 883 2455 Monodia
915 2416 1063 2456 scribit
1086 2415 1324 2469 Gregorius
1355 2415 1546 2456 Nazian-

81 2487 241 2528 zenus.4
308 2488 368 2528 Et
410 2488 455 2528 B.
486 2488 743 2529 Franciscus
785 2489 1007 2542 leprosum
1049 2490 1459 2543 pestilentissimum
1503 2496 1546 2530 et

80 2563 295 2615 gravitate
316 2563 462 2602 odoris
484 2562 801 2603 intolerabilem
824 2563 912 2604 suis
935 2563 1028 2617 ipse
1051 2564 1254 2604 manibus
1276 2564 1390 2604 lavit.

166 2635 279 2687 Quae
311 2636 535 2689 patientiae
568 2637 775 2690 exempla
810 2638 837 2677 ii
870 2637 953 2678 sibi
982 2643 1233 2691 proponant
1263 2643 1365 2678 ante
1394 2636 1545 2677 oculos

82 2722 259 2750 necesse
310 2715 386 2760 est,
438 2710 512 2763 qui
565 2710 815 2751 ministrant
865 2712 1052 2765 aegrotis,
1100 2725 1154 2751 ne
1205 2725 1293 2763 qua
1344 2710 1547 2751 molestIa

217 2813 229 2834 1
253 2815 347 2846 Maff.
368 2815 388 2847 l.
411 2824 440 2856 3.
461 2826 488 2862 cf
508 2824 539 2855 4.
681 2815 694 2834 ²
719 2817 760 2848 In
782 2818 840 2849 vit.
860 2818 881 2849 l.
906 2826 932 2850 1.
954 2828 981 2849 c.
1003 2825 1034 2857 9.
1176 2816 1189 2836 ³
1214 2817 1252 2848 L.
1273 2825 1304 2849 2,
1323 2827 1349 2848 c.
1372 2824 1401 2848 2.

492 2865 506 2885 ⁴
529 2866 575 2899 Et
598 2871 659 2899 act.
682 2877 720 2899 ac
743 2868 801 2900 vit.
823 2879 908 2910 spec.
929 2869 962 2900 d.
984 2875 1013 2909 7.
1036 2879 1064 2901 c.
1084 2876 1136 2900 22.

254 2928 348 2958 112
