1903 3197
668 165 749 211 De
784 165 829 211 C
825 167 1026 212 astz‘tate.
1484 166 1542 223 36
1555 177 1571 207 1

118 310 248 350 supra
270 284 475 337 diximus.
558 297 617 336 Et
640 296 876 349 Ephraem:
909 295 1170 350 “Oportet,''
1199 296 1350 348 inquit,
1376 295 1465 335 “de
1487 300 1577 335 tur-

117 370 245 423 pibus
268 371 394 410 rebus
416 370 728 423 cogitationem
753 371 929 410 assidua
951 371 1035 410 Dei
1059 370 1360 410 recordatione
1382 368 1562 409 amoliri.

205 444 520 497 Reprimuntur
569 449 717 483 autem
768 443 811 483 hi
856 443 1126 483 traducenda
1176 442 1261 482 alio
1308 442 1574 495 cogitatione

114 522 248 570 atque
285 523 442 567 mente,
478 517 731 570 priusquam
774 518 940 570 species
981 517 1069 557 ulla
1111 516 1246 556 menti
1289 517 1368 569 ipsi
1407 530 1464 555 ex
1505 516 1572 556 his

115 591 308 631 motibus
340 590 622 644 imprimatur.
686 591 951 644 Quanquam
984 596 1144 639 autem,
1168 596 1216 630 ut
1247 590 1308 629 ait
1342 589 1572 638 Climacus,

114 665 365 705 excitantur
394 663 437 704 hi
470 670 615 705 motus
647 667 767 706 omni
800 666 916 706 dicto
949 671 1082 718 atque
1118 664 1432 718 imaginatione
1464 663 1573 704 cele-

112 737 210 787 rius,
256 738 509 791 nullamque
559 738 642 780 hoc
692 739 845 793 spiritu
898 739 1147 779 celeriorem
1201 737 1572 789 occultioremque

111 812 291 852 inveniri
324 826 453 866 posse
484 818 696 861 testatur;
729 819 878 854 tamen
899 813 1138 853 videndum
1171 818 1236 852 est
1266 811 1330 865 (ut
1362 812 1572 852 admonet

111 885 435 938 Bonaventura)
469 900 524 927 ne
556 887 674 939 quod
712 886 909 928 naturale
940 893 1016 935 est,
1047 887 1253 927 vitiosum
1290 886 1376 926 fiat.
1441 885 1571 938 Saepe

110 959 227 1000 enim
269 959 461 1000 libidinis
503 967 649 1001 motus
691 961 911 1002 naturales
952 960 1131 1014 quidem
1174 966 1286 1010 sunt,
1319 960 1395 1000 sed
1427 959 1571 1000 vitiosi

110 1045 218 1074 mox
247 1032 369 1082 fiunt,
393 1047 492 1074 cum
513 1034 761 1075 voluntaria
782 1035 987 1087 quaedam
1010 1034 1243 1074 delectatio
1266 1033 1572 1085 subsequitur3

109 1113 187 1149 aut
207 1107 364 1148 vitiosa
395 1109 593 1148 oriuntur
624 1123 681 1148 ex
714 1123 855 1159 causa,
879 1115 927 1149 ut
956 1123 1013 1149 ex
1046 1114 1237 1161 aspectu,
1268 1107 1571 1155 collocutione,

108 1194 432 1234 congressuque
472 1181 712 1239 hominum,
755 1197 941 1235 quorum
992 1183 1226 1236 praesentia
1277 1181 1570 1222 delectatione

109 1255 301 1307 quadam
339 1268 489 1295 sensus
522 1256 713 1295 afficitur.
780 1256 845 1297 Ut
876 1256 931 1296 de
966 1256 1032 1296 his
1064 1262 1240 1296 sanctus
1275 1256 1398 1296 Isaac
1432 1255 1568 1308 Syrus

108 1328 267 1382 quibus
298 1329 360 1369 ait
391 1329 586 1369 maxime
619 1330 782 1369 mederi
814 1331 1071 1370 distantiam
1104 1344 1247 1370 rerum
1279 1329 1443 1369 scilicet
1469 1343 1568 1381 quae

107 1408 320 1451 amantur,
355 1402 572 1455 fugiendis
604 1404 929 1444 occasionibus:
963 1404 1116 1443 “Nam
1149 1403 1358 1444 distantia
1390 1401 1567 1452 1·erum,’'

107 1476 258 1528 inquit,
292 1477 724 1529 “concupiscentiam
768 1477 811 1516 in
848 1477 1056 1517 membris
1098 1476 1344 1526 mortificat,
1382 1482 1425 1516 et
1462 1474 1571 1515 obli-

105 1549 280 1590 vionem
303 1564 353 1590 ac
374 1550 665 1603 perditionem
689 1557 894 1603 operatur
915 1552 958 1591 in
982 1549 1143 1604 ipsis.''l
1204 1550 1281 1590 Ab
1310 1550 1394 1590 hoc
1422 1563 1571 1590 amore

106 1624 238 1677 igitur
268 1624 546 1677 potissimum
579 1625 816 1665 avertenda
848 1639 971 1665 mens
1003 1631 1080 1675 est,
1103 1638 1342 1678 eorumque
1372 1624 1570 1664 recorda-

104 1697 225 1738 tione
247 1712 357 1750 quos
380 1712 507 1739 sensu
531 1699 725 1751 quodam
748 1712 975 1749 amamu53
1008 1698 1113 1738 nihil
1136 1700 1252 1739 enim
1279 1705 1371 1739 tam
1401 1698 1570 1738 excitat

105 1777 252 1812 motus
290 1771 385 1812 illos
427 1786 560 1824 quam
598 1772 727 1813 ardor
767 1774 939 1823 amoris,
973 1787 1072 1812 cum
1115 1788 1172 1813 ex
1213 1773 1435 1826 spiritibus
1473 1772 1567 1824 qui-

105 1845 306 1894 busdam,
339 1860 395 1885 ex
428 1845 558 1885 corde
596 1847 888 1895 manantibus
925 1848 1175 1887 excitantur
1203 1847 1364 1887 amoris
1402 1846 1565 1886 ardore.

106 1918 304 1971 Ideoque
336 1919 531 1958 oblivisci
565 1933 643 1959 nos
675 1925 849 1972 oportet
872 1934 1032 1969 eorum,
1057 1935 1166 1973 quos
1198 1934 1326 1960 sensu
1359 1920 1566 1972 quodam,

105 1998 153 2033 ut
211 1993 316 2041 dixi,
372 1997 415 2032 et
465 1992 741 2033 mollitudine
792 1994 1015 2034 tenerioris
1067 1994 1226 2034 amoris
1278 2008 1488 2043 amamus,
1532 1993 1567 2034 si

103 2065 305 2106 volumus
335 2066 564 2105 nobiscum
595 2067 709 2119 ipsis,
734 2066 816 2107 hoc
846 2074 921 2116 est,
945 2082 1045 2107 cum
1075 2082 1204 2108 carne
1233 2074 1382 2108 nostra
1410 2081 1565 2121 pacem

100 2138 288 2180 habere:
323 2139 725 2193 “Concupiscentia
757 2147 918 2190 autem,
951 2148 998 2181 ut
1040 2143 1101 2181 ait
1133 2141 1422 2194 Augustinus,
1459 2141 1566 2182 alte-

102 2219 222 2253 rutro
254 2213 497 2253 delectatur
528 2214 693 2262 ardore,
732 2214 833 2255 licet
870 2215 989 2255 nulla
1024 2215 1202 2256 violatio
1239 2216 1432 2269 corporis
1464 2229 1566 2255 con-

102 2292 319 2339 sequatur,
356 2287 476 2327 nulla
513 2287 718 2329 macula.”
802 2288 1072 2341 Congressus
1108 2296 1257 2330 autern
1299 2296 1342 2330 et
1384 2289 1566 2329 furtivus

103 2366 306 2413 aspectus
343 2361 482 2401 multo
524 2362 664 2414 magis
706 2361 900 2414 fugiendi
942 2369 1054 2413 sunt,
1097 2369 1144 2403 ut
1186 2363 1240 2403 de
1282 2376 1566 2416 personarum

102 2435 432 2486 opportunitate
454 2435 635 2475 vitanda
657 2435 766 2476 infra
788 2437 993 2477 dicemus.
1058 2438 1146 2479 Sed
1177 2438 1231 2478 de
1259 2436 1343 2477 hoc
1372 2438 1564 2477 secundo

100 2507 390 2559 periculorum
442 2522 611 2561 genere,
665 2510 808 2563 deque
860 2511 953 2564 ejus
1004 2512 1171 2552 vitandi
1227 2511 1564 2564 declinandique

101 2581 280 2631 ratione,
313 2582 428 2621 satis.

188 2660 245 2704 30.
268 2653 472 2694 Alterum
492 2661 627 2696 restat
648 2658 940 2710 periculorum
963 2673 1111 2712 genus,
1135 2659 1252 2711 quod
1276 2673 1333 2699 ex
1355 2663 1564 2711 opportu-

104 2727 315 2767 nitatibus
339 2727 432 2777 loci,
454 2730 676 2782 tempori5‚
695 2737 738 2770 et
760 2733 957 2771 maxime
978 2746 1263 2785 personarum
1287 2733 1419 2771 creari
1443 2731 1564 2771 solet.

103 2798 264 2852 Quoad
306 2803 683 2854 opportunitatem
725 2803 809 2844 loci
862 2806 1063 2858 pertinet,
1107 2805 1297 2845 solitudo
1348 2805 1568 2858 praecipue

522 2889 533 2909 ¹
559 2891 596 2923 L.
618 2892 660 2923 de
685 2893 876 2935 Contempt.
897 2894 1014 2925 mundi
1038 2905 1065 2925 c.
1087 2901 1138 2934 37.
