1903 3197
525 151 593 198 In
626 151 847 213 Regulas
880 151 1144 199 Modestiae.
1480 163 1574 213 593

96 290 277 326 ventum
301 285 391 333 erit,
416 290 571 338 agetur
598 285 654 325 de
686 285 909 325 modestia
939 291 982 325 et
1011 285 1334 338 compositione
1360 290 1574 335 motuum,

97 366 410 412 gestorumque
432 359 636 412 corporiS,
658 358 792 410 juxta
827 359 1067 399 secundam
1098 365 1141 399 et
1171 360 1407 412 septimam
1435 373 1575 412 usque

97 434 154 474 ad
177 439 389 483 octavam,
414 440 457 474 et
483 433 616 485 juxta
637 433 872 473 decimam.
936 434 1149 483 Tertium,
1174 435 1254 474 erit
1275 434 1331 474 de
1353 433 1574 474 modestia

98 509 143 548 in
175 508 385 548 comitatu
423 508 648 556 servanda,
680 507 816 559 juxta
855 507 1178 548 duodecimam.
1243 507 1474 560 Quartum,
1517 508 1574 548 de

100 583 317 623 modestia
339 588 382 622 et
404 581 724 634 compositione
745 581 946 630 vestium,
967 581 1102 633 juxta
1134 579 1330 635 regulam
1354 588 1569 622 octavam.

100 655 329 709 Quintum,
368 656 423 696 de
459 655 594 696 modo
630 661 674 695 et
710 656 878 695 ratione
912 655 1134 708 loquendi,
1165 656 1299 708 juxta
1333 656 1573 696 decimam-

96 731 282 771 tertiam.
347 730 416 770 De
437 729 504 770 his
526 730 719 783 quinque
742 743 876 783 quam
900 730 1157 770 brevissime
1181 737 1246 770 est
1269 730 1517 771 dicendum.

218 987 279 1023 IN
331 987 564 1023 PRIMAM
615 987 687 1023 ET
736 987 1096 1024 UNDECIMAM
1149 986 1446 1024 REGULAM.

285 1091 350 1121 DE
383 1090 648 1121 MODESTIAE
680 1090 956 1121 PRAECEPTIS
989 1091 1043 1121 IN
1079 1090 1393 1122 UNIVERSUM.

102 1181 229 1221 DUAE
262 1186 364 1220 sunt
396 1180 569 1233 regulae,
594 1195 693 1234 quae
715 1182 913 1221 universe
943 1182 998 1221 de
1031 1181 1249 1221 modestia
1281 1181 1571 1235 praecipiunt;

101 1256 242 1308 prima
272 1261 316 1294 et
342 1254 583 1296 undecima.
648 1254 851 1308 Quatuor
872 1261 1021 1296 autem
1044 1256 1334 1308 przecipiunt:
1366 1257 1571 1309 primum,

101 1334 150 1369 ut
191 1329 233 1368 in
275 1329 479 1369 omnibus
521 1330 714 1369 externis
755 1330 1002 1370 actionibus
1054 1336 1266 1383 appareat
1318 1331 1570 1381 modestia;

101 1402 354 1451 secundum,
380 1409 427 1442 ut
458 1410 670 1456 appareat
701 1404 957 1454 humilitas;
990 1405 1179 1451 tertium,
1204 1411 1251 1444 ut
1282 1404 1396 1445 hanc
1430 1412 1573 1446 matu-

103 1478 207 1517 ritas
258 1477 491 1517 comitetur
542 1478 744 1530 religiosa
770 1491 778 1527 ;
841 1484 1060 1531 quartum,
1113 1485 1159 1518 ut
1216 1492 1370 1519 omnes
1421 1486 1572 1532 gestus

103 1557 338 1604 motusque
374 1552 567 1604 corporis
605 1552 821 1604 ejusmodi
860 1553 957 1601 sint,
997 1559 1045 1592 ut
1082 1552 1200 1606 apud
1239 1566 1394 1593 omnes
1437 1553 1574 1594 aedifi-

103 1625 322 1666 cationem
364 1626 546 1678 pariant.
632 1626 745 1666 Haec
787 1633 976 1679 quatuor
1017 1627 1090 1679 qui
1143 1627 1348 1676 custodit,
1387 1628 1422 1667 is
1474 1641 1576 1669 vere

105 1700 332 1740 modestus
364 1700 576 1740 dicendus
610 1706 687 1741 est.

198 1780 260 1813 11¹¹.
297 1774 498 1827 Inquam,
523 1775 825 1814 “modestiam
841 1774 861 1788 ’'
893 1775 1128 1827 requirunt.
1164 1775 1400 1815 Modestiae
1423 1782 1573 1817 autem

105 1848 281 1889 nomine
309 1848 379 1889 hic
411 1849 624 1901 accipitur
654 1849 915 1902 compositio
947 1856 1147 1889 motuum
1171 1863 1222 1889 ac
1243 1856 1460 1901 gestuum,
1485 1864 1573 1891 non

105 1929 152 1962 ut
175 1927 241 1962 est
276 1936 415 1975 genus
438 1923 676 1974 quoddam,
700 1923 926 1975 quomodo
959 1923 1169 1975 accipitur
1200 1923 1243 1963 in
1277 1924 1571 1977 inscriptione.

105 1997 235 2045 Nam,
260 2003 307 2036 ut
339 2011 397 2036 ex
427 2007 462 2036 2.
488 2008 524 2036 2.
548 2010 586 2050 q.
618 1997 704 2037 161.
729 1997 910 2050 planum
934 1997 993 2046 fit,
1017 1998 1235 2037 modestia
1264 2004 1309 2038 et
1331 2005 1397 2038 est
1417 2012 1572 2052 genus,

104 2077 148 2111 et
179 2072 372 2124 species3
406 2077 454 2111 ut
484 2078 634 2112 autem
668 2077 733 2111 est
763 2085 914 2124 genus,
941 2071 1138 2111 continet
1170 2078 1359 2125 quatuor
1389 2074 1569 2126 species,

102 2146 409 2194 humilitatem,
448 2146 503 2186 de
536 2160 625 2199 qua
654 2159 788 2196 mox;
823 2146 1159 2195 studiositatem,
1183 2160 1282 2198 quae
1317 2147 1572 2188 moderatur

102 2220 347 2273 appetitum
380 2220 686 2273 cognoscendi,
721 2227 766 2260 et
796 2221 950 2260 vitium
985 2220 1247 2260 curiositatis
1281 2227 1487 2271 removet,
1521 2227 1571 2262 ut

102 2294 232 2334 docet
265 2294 382 2334 idem
416 2305 450 2334 2.
485 2305 522 2335 2.
552 2308 591 2347 q.
620 2294 708 2334 166.
733 2308 768 2334 a.
799 2305 833 2334 2.
865 2301 908 2335 et
943 2294 1032 2335 160.
1068 2305 1132 2344 2.;
1166 2293 1431 2335 modestiam
1469 2309 1569 2348 quae

102 2368 302 2408 consistit
332 2369 375 2408 in
407 2368 701 2409 exterioribus
732 2369 926 2409 motibus
955 2369 1161 2422 corporiS‚
1183 2382 1282 2422 quae
1304 2370 1569 2423 compositio

105 2441 191 2481 dici
226 2448 399 2495 potest;
431 2449 476 2483 et
512 2442 777 2484 modestiam
815 2457 913 2496 quae
951 2443 995 2483 in
1036 2443 1155 2483 cultu
1193 2444 1396 2496 corporis,
1434 2450 1570 2497 atque

104 2516 320 2556 exteriore
355 2523 569 2570 apparatu
611 2518 757 2570 posita
797 2523 872 2557 est.
948 2518 1068 2570 Ergo
1109 2517 1193 2558 hoc
1235 2517 1430 2558 secundo
1470 2517 1568 2559 loco

104 2589 366 2630 modestiam
397 2604 495 2631 eam
526 2590 776 2643 significant
816 2591 989 2645 regulae,
1026 2605 1127 2645 quae
1163 2592 1207 2631 in
1244 2590 1565 2645 compositione

103 2663 296 2715 quadam
321 2678 373 2705 ac
403 2665 560 2705 decore
586 2665 852 2706 exteriorum
884 2666 1107 2707 actionum
1137 2665 1334 2706 maxime
1364 2665 1564 2706 cernitur.

100 2737 152 2778 Si
203 2737 332 2778 detur
380 2739 513 2792 igitur
563 2753 708 2793 opera,
760 2746 809 2781 ut
859 2740 1122 2794 compositio
1172 2739 1379 2793 quaedam
1430 2734 1583 2792 atque

102 2811 320 2865 elegantia
352 2813 396 2853 in
430 2814 624 2854 externis
655 2813 826 2856 eluceat
862 2814 1119 2864 actionibus,
1155 2827 1319 2868 magna
1349 2827 1408 2854 ex
1439 2817 1567 2867 parte

99 2886 328 2930 modestiae
362 2888 538 2930 laudem
573 2888 700 2930 nobis
730 2889 1015 2931 vindicamus.
1079 2889 1140 2932 Et
1179 2888 1263 2931 hoc
1295 2888 1402 2930 satis
1435 2890 1564 2939 esset,

275 2963 354 2995 MM
