1903 3197
353 183 452 230 606
681 180 763 227 De
794 181 985 227 ratione
1017 181 1211 228 vivendi
1245 182 1506 231 Socz'etatzk.

358 315 395 356 si
432 313 695 368 contingat‚'’
730 314 882 367 inquit,
916 315 1116 369 “alloqui
1153 330 1253 357 cum
1292 317 1642 359 adolescentibus
1680 324 1822 369 aetate,

358 394 403 430 et
435 395 639 442 aspectus
672 395 904 429 venustate
937 389 1203 441 florentibus,
1238 391 1410 431 custodi
1445 392 1595 432 oculos
1629 398 1740 443 tuos,
1769 408 1825 435 ne

358 464 714 516 concupiscentia
743 470 935 504 mentem
958 471 1081 505 tuam
1104 466 1371 506 conturbet.’‘
1435 467 1495 507 Et
1516 466 1825 520 Augustinus,1

360 537 528 579 “Oculi
560 536 726 587 vestri,’'
759 539 911 591 inquit,
944 542 1024 579 “et
1060 541 1094 580 si
1127 540 1349 592 jaciuntur
1381 541 1425 580 in
1456 541 1649 594 aliquam
1682 542 1825 583 foemi-

358 627 526 661 narum,
551 612 742 666 figantur
762 614 806 653 in
830 613 1029 654 nullam.'’
1093 615 1153 655 Et
1183 615 1322 668 Epist.
1351 626 1440 667 109.
1465 616 1521 655 ad
1553 616 1823 658 Monachos:

356 686 524 728 “Oculi
558 688 693 727 nostri
726 688 806 727 etsi
834 688 1056 740 jaciuntur
1086 690 1129 729 in
1160 689 1363 742 aliquem,
1395 689 1586 743 figantur
1614 691 1657 731 in
1686 691 1824 731 nemi-

359 761 496 813 nem,''
520 768 576 802 to.
603 773 636 802 2.

614 937 679 967 DE
712 936 1021 977 DEJICIENDIS
1054 937 1107 968 IN
1141 938 1348 969 TERRAM
1381 939 1570 973 OCULIS.

446 1018 548 1058 Duo
580 1017 649 1058 hic
683 1018 948 1070 disputanda
979 1018 1207 1059 videntur:
1246 1019 1452 1068 Primum,
1486 1035 1562 1060 cur
1592 1021 1818 1075 religiosos

359 1093 514 1133 deceat
551 1092 701 1132 oculos
738 1092 897 1132 habere
934 1093 1157 1133 demissos.
1223 1093 1488 1143 Secundum,
1521 1095 1679 1148 quibus
1711 1110 1823 1149 prae-

359 1168 487 1221 cipue
509 1166 615 1208 locis
637 1167 890 1207 continendi
913 1168 1000 1207 sint
1022 1167 1133 1208 oculi
1158 1181 1212 1208 ne
1232 1174 1456 1221 vagentur.

448 1299 630 1353 QUOAD
655 1308 855 1340 PRIMUM
874 1314 881 1340 :
917 1299 1009 1340 Sex
1031 1301 1309 1353 potissimum
1328 1302 1383 1341 de
1400 1302 1540 1341 causis
1562 1301 1822 1344 demittendi

358 1381 461 1416 sunt
493 1375 615 1415 oculi.
669 1374 837 1423 Primo,
871 1388 1001 1414 causa
1033 1375 1274 1423 modestiae,
1309 1381 1357 1415 ut
1388 1376 1554 1416 dictum
1587 1383 1678 1418 est:
1720 1378 1824 1430 quia

359 1449 555 1489 maxime
588 1449 652 1488 vis
694 1448 923 1488 modestiae
966 1448 1008 1488 in
1051 1448 1187 1489 oculis
1226 1450 1427 1499 cernitur,
1465 1456 1509 1490 et
1551 1456 1598 1490 ut
1639 1451 1824 1504 quisque

357 1524 481 1564 novit
523 1523 719 1562 maxime
760 1523 984 1562 continere
1025 1523 1174 1563 oculos
1211 1538 1265 1564 ne
1296 1530 1519 1577 vagentur,
1553 1525 1614 1565 ita
1650 1526 1825 1566 modes-

356 1598 553 1639 tissimus
584 1597 816 1649 judicatur.
881 1596 1046 1637 Contra
1073 1611 1185 1646 vero,
1222 1597 1322 1638 licet
1356 1598 1399 1637 in
1431 1599 1599 1639 caeteris
1632 1600 1825 1640 motibus

358 1672 551 1726 corporis
581 1671 762 1711 modum
785 1677 943 1720 teneat,
966 1672 1115 1712 oculos
1137 1678 1286 1712 tamen
1319 1673 1535 1712 moderari
1568 1687 1656 1713 non
1688 1675 1824 1724 novit,

359 1747 568 1788 continuo
605 1746 688 1786 hac
725 1759 869 1785 carere
906 1745 1035 1786 laude
1072 1746 1376 1787 existimatur:
1420 1752 1543 1787 tanta
1578 1747 1642 1787 vis
1680 1753 1746 1788 est
1780 1749 1825 1788 in

359 1821 506 1862 oculis.
576 1821 709 1860 Ratio
747 1819 875 1872 hujus
913 1826 1004 1869 est3
1053 1821 1156 1872 quia
1193 1834 1292 1860 cum
1334 1820 1485 1860 oculus
1526 1821 1726 1862 obtineat
1767 1836 1826 1862 ex

359 1896 565 1937 omnibus
597 1894 795 1934 sensibus
827 1895 1133 1947 principatum,
1158 1895 1295 1935 immo
1326 1894 1649 1948 pulchritudine
1671 1910 1826 1937 omnes

359 1976 506 2024 partes
542 1969 734 2022 corporis
768 1969 898 2022 longe
932 1975 1132 2022 superet3
1177 1970 1288 2010 sicut
1324 1970 1358 2009 si
1393 1970 1498 2023 quid
1533 1970 1694 2011 habeat
1718 1971 1824 2021 vitii,

358 2045 557 2085 maxime
580 2044 622 2083 in
647 2057 699 2084 eo
722 2044 921 2091 cernitur,
947 2044 1008 2084 ita
1029 2043 1063 2083 si
1087 2057 1173 2096 qua
1195 2045 1252 2084 sit
1274 2044 1316 2083 in
1339 2058 1391 2084 eo
1413 2044 1560 2093 virtus,
1584 2044 1826 2085 luculenter

358 2125 567 2173 apparet:
602 2132 705 2158 nam
739 2125 781 2158 ct
812 2118 949 2158 virtus
982 2125 1025 2158 et
1050 2119 1205 2158 vitium
1237 2118 1280 2158 in
1312 2118 1595 2159 nobilissimis
1625 2119 1826 2172 partibus

359 2194 500 2235 multo
524 2194 674 2246 magis,
699 2207 832 2245 quarn
863 2193 905 2232 in
932 2193 1126 2233 obscuris
1152 2193 1523 2234 animadvertitur.
1588 2193 1826 2247 Propterea

358 2268 572 2318 Christus,
597 2268 753 2308 Matth.
777 2268 830 2308 6:
863 2267 947 2308 “Si
980 2267 1130 2308 oculus
1152 2274 1252 2308 tuus
1290 2268 1417 2308 fuerit
1455 2267 1656 2321 simplex,
1678 2274 1824 2309 totum

357 2357 516 2396 corpus
567 2349 691 2382 tuum
745 2342 936 2382 lucidum
989 2342 1098 2393 erit;
1157 2343 1192 2382 si
1234 2348 1382 2382 autem
1440 2356 1629 2395 nequam
1683 2342 1823 2392 fuerit,

356 2423 501 2458 totum
540 2431 697 2470 corpus
733 2423 857 2456 tuum
889 2416 1170 2456 tenebrosum
1203 2415 1344 2456 erit:'’
1383 2417 1484 2469 quia
1522 2417 1824 2458 denominatIO

356 2492 494 2532 totius
536 2492 728 2544 corporis
780 2492 944 2544 pendet
986 2490 1042 2530 ab
1093 2489 1230 2539 oculo,
1275 2497 1323 2531 ut
1374 2490 1645 2531 nobilissimo
1689 2491 1826 2532 totius

358 2566 551 2619 corporis
589 2565 817 2616 membro;
858 2570 1090 2618 propterea
1121 2565 1279 2604 dicitur
1318 2563 1454 2604 homo
1495 2570 1626 2615 totus,
1669 2579 1823 2615 caecus,

359 2654 448 2681 non
478 2640 646 2681 habens
676 2640 825 2680 oculos
854 2653 1003 2680 caecos.
1075 2638 1147 2679 Sic
1179 2639 1221 2679 in
1255 2653 1300 2679 re
1331 2645 1480 2679 nostra
1511 2639 1569 2679 ab
1600 2639 1825 2681 oculorum

361 2717 580 2757 modestia
603 2730 744 2757 caecus
766 2716 901 2755 homo
928 2714 1277 2755 modestissimus
1299 2713 1554 2768 appellatur.

445 2790 662 2839 Secundo,
706 2789 917 2831 custodiae
969 2803 1109 2829 causa.
1193 2787 1311 2841 Quia
1362 2787 1508 2828 nullus
1559 2801 1711 2829 sensus
1762 2790 1825 2830 ita

359 2866 520 2908 noxius
553 2872 618 2908 est
650 2866 808 2907 animae
838 2870 881 2906 et
909 2863 1188 2919 periculosus,
1212 2863 1293 2903 nisi
1320 2862 1601 2916 custodiatur,
1625 2868 1673 2905 ut
1693 2863 1820 2904 visus.

922 2944 936 2965 ³
959 2947 1000 2978 In
1018 2946 1099 2987 Reg.
1117 2953 1146 2987 3.
1164 2949 1208 2979 to.
1228 2954 1255 2978 1.
