1903 3197
397 172 501 220 .De
532 172 689 218 nimia
723 172 936 232 corporis
968 171 1298 219 sollicitudine.
1495 187 1592 231 409

130 306 356 355 videatur;
398 318 548 346 eorum
590 304 705 344 enim
743 303 949 355 juvamur
994 304 1201 357 exemplo
1253 310 1296 344 et
1344 305 1591 346 excitamur

131 380 188 419 ad
224 379 365 419 simile
405 379 575 419 virtutis
616 377 822 424 studium,
865 390 965 416 cum
1004 390 1154 417 eorum
1197 378 1240 417 in
1281 379 1447 418 orando
1483 379 1591 432 vigi-

130 452 326 501 lantiam,
364 439 408 493 in
445 452 592 505 quiete
632 450 865 499 silentium,
904 450 946 489 in
988 449 1176 502 legendo
1213 451 1505 501 sedulitatem,
1549 452 1592 491 in

130 527 219 566 suis
248 539 350 579 erga
381 540 461 566 nos
492 525 643 566 officiis
675 523 945 572 charitatem,
969 524 1012 563 in
1045 524 1164 564 omni
1199 524 1387 577 denique
1421 526 1592 566 actione

132 600 394 640 modestiam
445 605 548 639 ante
609 597 757 637 oculos
812 598 1084 649 propositam
1138 611 1312 649 semper
1366 597 1589 638 habemus.

134 673 293 713 Melius
325 673 458 713 etiam
490 672 540 711 iis
570 671 919 723 inspectantibus
949 670 1152 722 religiosa
1184 670 1424 724 disciplina,
1458 685 1589 723 quam

131 760 230 786 cum
272 746 351 786 soli
389 745 600 797 degimus,
625 744 878 793 custoditur,
916 744 989 784 ubi
1027 745 1142 784 enim
1179 750 1315 784 testes
1352 751 1396 784 et
1431 745 1592 793 arbitri,

129 820 188 859 ibi
240 819 399 859 arctior
448 818 705 871 disciplina;
767 817 958 858 solitudo
1014 831 1115 858 vero
1169 831 1288 870 saepe
1342 818 1590 858 libertatem

129 893 310 932 minime
366 898 706 932 consentaneam
761 891 972 943 religiosae
1026 892 1231 943 gravitati
1284 892 1449 932 suadet.
1533 892 1593 931 Et

129 965 224 1005 haec
274 965 456 1005 forsitan
508 979 639 1005 causa
680 971 756 1012 est,
804 978 879 1004 cur
930 965 1092 1005 Beatus
1144 966 1277 1005 ctiam
1330 965 1594 1005 Benedictus

129 1038 356 1079 monachis
405 1040 495 1079 suis
545 1039 792 1078 dormiendi
853 1038 998 1078 locum
1049 1038 1265 1087 omnibus,
1317 1040 1352 1078 si
1404 1039 1448 1078 id
1500 1039 1591 1079 fieri

128 1113 276 1165 possit,
308 1112 413 1153 velit
449 1126 543 1153 csse
585 1125 895 1161 communem;
952 1113 1018 1152 sin
1060 1113 1204 1152 minus
1245 1112 1402 1152 saltem
1445 1112 1590 1165 plures

128 1186 171 1225 in
208 1199 295 1225 uno
337 1186 581 1238 eodemque
622 1185 833 1235 cubiculo,
872 1192 915 1225 et
956 1185 1133 1238 quidem
1177 1186 1419 1226 senioribus
1461 1187 1592 1226 inter-

128 1259 294 1298 mixtos
335 1265 466 1298 noctu
509 1259 740 1311 quiescere.
822 1258 868 1298 A
905 1272 993 1310 quo
1036 1258 1152 1298 haud
1191 1260 1323 1299 dubie
1365 1266 1591 1300 mutuatus

128 1332 299 1372 videtur
351 1332 561 1384 Ignatius,
611 1332 684 1384 qui
736 1333 780 1371 in
836 1331 1236 1372 Constitutionibus
1296 1333 1495 1385 praecipit
1546 1340 1594 1374 ut

126 1406 368 1458 praesertim
411 1405 563 1445 novitii
605 1405 648 1444 in
691 1419 777 1445 uno
830 1405 1075 1457 eodemque
1121 1406 1321 1446 cubiculo
1362 1407 1474 1446 terni
1516 1414 1592 1447 aut

128 1481 327 1532 quaterni
358 1479 552 1532 juniores
583 1492 683 1518 cum
716 1479 953 1519 maturiore
984 1479 1132 1531 aliquo
1165 1480 1374 1532 permixti
1407 1480 1591 1533 degant;

127 1553 327 1605 quamvis
353 1566 440 1593 non
462 1558 581 1592 vetet
613 1552 832 1592 interdum
866 1558 910 1592 et
940 1553 1128 1592 novitios
1161 1560 1410 1605 separatum
1433 1553 1595 1594 habere

128 1626 388 1676 cubiculum,
419 1639 498 1679 pro
532 1639 816 1678 personarum
847 1626 1051 1666 videlicet
1082 1632 1176 1666 tum
1211 1627 1474 1677 conditione,
1497 1633 1591 1667 tum

128 1700 256 1740 bono.
323 1700 411 1742 Sed
455 1699 717 1739 assuefactio
759 1706 803 1740 et
838 1699 1110 1740 consuetudo
1147 1700 1420 1740 contubernii
1458 1701 1593 1742 socie-

127 1780 266 1813 tatem
317 1773 524 1813 leviorem
567 1773 683 1823 facit,
724 1779 819 1813 tum
871 1774 1004 1814 etiam
1056 1787 1180 1813 amor
1227 1775 1500 1828 paupertatis
1551 1781 1594 1815 et

128 1848 417 1896 humilitatis;
479 1847 749 1900 paupertatis
793 1847 983 1899 quidem,
1021 1848 1123 1899 quia
1165 1848 1271 1887 nihil
1305 1849 1385 1888 sibi
1421 1855 1596 1901 arrogat

130 1922 366 1974 proprium,
410 1934 465 1960 ne
506 1921 651 1960 locum
694 1920 885 1973 quidem,
927 1920 1004 1960 sed
1046 1921 1194 1960 omnia
1243 1935 1342 1962 cum
1391 1921 1594 1962 omnibus

128 1995 222 2035 vult
266 2009 359 2035 esse
401 1995 663 2035 communia.
757 1994 1049 2047 Quapropter,
1093 2000 1136 2034 et
1184 1995 1226 2034 in
1269 1995 1419 2048 regula
1470 1996 1595 2036 Beati

130 2069 350 2110 Francisci
404 2069 464 2108 ita
507 2068 694 2108 dicitur:
747 2068 959 2108 “Fratres
1009 2067 1115 2107 nihil
1167 2068 1247 2108 sibi
1299 2070 1595 2122 approprient,

130 2156 209 2183 nec
245 2144 439 2191 domum,
477 2155 556 2182 nec
592 2141 750 2192 locum,
785 2154 864 2181 nec
899 2141 1092 2194 aliquam
1128 2141 1254 2182 rem.'’
1320 2142 1597 2183 Humilitatis

130 2222 291 2265 autem,
334 2216 436 2269 quia
477 2229 577 2256 vere
618 2215 795 2255 humilis
835 2215 904 2256 vel
946 2215 1133 2255 cubiculi
1177 2215 1338 2268 angulo
1384 2230 1430 2255 se
1471 2222 1598 2268 putat

131 2290 376 2342 indignum,
422 2304 591 2330 memor
631 2289 807 2329 humilis
851 2289 1103 2337 salvatoris,
1147 2291 1222 2342 qui
1265 2304 1352 2330 non
1406 2290 1600 2331 habebat

128 2363 201 2403 ubi
234 2363 464 2404 reclinaret
496 2369 628 2416 caput
659 2377 797 2403 suum.

215 2436 372 2478 Altera
393 2451 495 2478 vero
518 2451 649 2477 causa
671 2451 747 2477 cur
769 2437 843 2489 qui
874 2436 929 2476 de
958 2450 1004 2476 se
1034 2437 1115 2489 ipsi
1140 2437 1269 2477 nimis
1291 2437 1462 2478 solliciti
1485 2444 1597 2486 sunt,

130 2510 314 2550 cubiculi
343 2512 715 2563 permutationem
738 2517 965 2563 expetunt,
990 2517 1055 2551 est
1077 2512 1180 2563 quia
1211 2511 1402 2551 hibernis
1425 2519 1594 2564 tempo-

130 2583 248 2622 ribus
286 2584 495 2636 srigidius,
534 2584 601 2624 vel
638 2585 799 2624 aestivis
836 2585 1036 2624 videatur
1072 2585 1304 2625 ardentius.
1370 2585 1459 2626 Sed
1496 2585 1598 2625 huic

130 2656 412 2697 sollicitudini
467 2658 700 2710 dupliciter
760 2672 1046 2699 occurremus,
1146 2665 1194 2699 10.
1253 2659 1299 2699 Si
1350 2659 1596 2698 memineri-

129 2743 225 2769 mus
267 2744 416 2770 eorum
461 2731 701 2781 modestiae,
735 2733 808 2784 qui
851 2733 894 2772 in
937 2732 1093 2772 eodem
1132 2738 1234 2772 ante
1280 2746 1359 2772 nos
1391 2732 1595 2772 cubiculo

127 2804 286 2844 versati
318 2810 432 2854 sunt,
465 2804 663 2856 ejusdem
696 2805 806 2846 forte
837 2806 1101 2846 valetudinis
1132 2820 1183 2845 ac
1215 2806 1489 2854 conditionis,
1516 2819 1596 2846 nec

129 2884 278 2918 tamen
329 2877 385 2918 de
436 2892 487 2918 eo
534 2879 748 2919 mutando
798 2893 1066 2933 magnopere
1106 2878 1368 2919 laborarunt.
1453 2885 1509 2919 20.
1548 2879 1595 2920 Si
