1903 3197
529 206 596 252 In
629 206 845 268 Regulczs
878 206 1141 253 Modeslz'ae.
1474 210 1564 266 671

109 344 250 379 vester
289 339 500 392 spirituali
541 340 683 393 gratia
725 340 917 389 refertus,
954 346 997 381 et
1035 340 1304 394 Evangelico
1340 340 1430 380 sale
1466 354 1569 380 con-

107 412 260 452 ditus.'’
323 412 382 452 Et
415 406 619 454 Clemens
650 413 994 462 Alexandrinus,
1018 415 1091 455 ubi
1120 415 1252 455 verba
1284 415 1417 454 risum
1451 415 1570 454 exci-

106 488 248 526 tantia
289 487 519 539 vituperat,
564 487 626 528 ita
675 493 825 528 tamen
877 489 1050 529 subdit:
1097 489 1315 530 “Urbane
1365 502 1480 541 ergo,
1526 495 1571 529 et

106 559 251 613 lepide
296 560 563 614 loquendum
607 568 682 611 est,
725 577 812 602 non
854 563 964 603 risus
1007 562 1286 603 movendus.”
1364 563 1482 616 Quin
1525 568 1569 603 et

109 633 150 675 S.
180 635 336 675 Thom.
371 646 406 675 2.
446 647 481 675 2.
514 650 551 689 q.
592 636 681 676 168.
717 651 773 677 ar.
810 649 846 688 4.
886 637 1013 678 ludos
1055 643 1098 678 et
1135 638 1237 690 joca
1278 639 1333 678 ab
1374 638 1570 678 humano

106 722 342 761 congressu
377 723 464 749 non
499 717 703 751 removet.
766 711 919 764 “Quia
953 718 1104 752 contra
1138 711 1389 758 rationem,''
1417 712 1570 764 inquit,

107 785 219 830 “est,
254 789 301 823 ut
338 784 432 824 aliis
469 798 564 825 sese
599 785 756 838 aliquis
793 800 1026 826 onerosum
1064 785 1284 833 exhibeat,
1318 786 1424 825 dum
1461 785 1569 825 nihil

106 857 288 898 exhibet
319 858 614 899 delectabile.’'
678 860 767 900 Ubi
800 867 843 900 et
875 860 980 900 illud
1015 859 1194 901 Senecae
1228 861 1333 900 citat
1353 876 1360 900 1
1384 859 1493 900 “Sic
1525 865 1573 899 te

105 944 230 983 geras
271 933 500 985 sapienter,
539 939 588 973 ut
624 933 767 974 nullus
809 940 853 975 te
893 934 1055 974 habeat
1096 941 1308 987 tanquam
1352 947 1567 987 asperum,

105 1019 184 1045 nec
207 1013 461 1047 contemnat
483 1008 607 1061 quasi
628 1007 795 1049 vilem.’'
849 1009 900 1048 In
924 1023 1011 1062 quo
1034 1015 1183 1049 tamen
1212 1009 1307 1061 ipso
1328 1008 1567 1048 videndum

105 1086 182 1128 est,
212 1082 317 1134 quid
351 1083 573 1123 communi
609 1083 837 1123 hominum
864 1084 979 1133 vitae,
1007 1084 1111 1136 quid
1151 1083 1364 1137 religiosae
1402 1083 1573 1136 profes-

107 1156 218 1196 sioni
251 1158 494 1197 conveniat.

194 1231 423 1271 Postremo
475 1232 744 1272 attendenda
795 1239 861 1273 est
912 1234 955 1273 in
1011 1233 1223 1285 qualitate
1275 1233 1468 1280 Bonitas,
1523 1238 1572 1273 ut

108 1305 353 1353 commoda,
383 1311 427 1346 et
458 1306 574 1346 bona
606 1307 693 1346 sint
718 1307 860 1354 verba,
885 1321 982 1360 quse
1015 1314 1180 1347 exeunt
1213 1322 1270 1347 ex
1304 1321 1378 1347 ore
1410 1313 1571 1348 nostro.

109 1379 234 1419 Bona
271 1385 397 1420 erunt
428 1381 630 1433 primum,
664 1382 698 1420 si
731 1382 894 1421 nemini
927 1388 1126 1429 noceant,
1159 1382 1192 1421 si
1231 1381 1446 1434 proximis
1483 1395 1572 1421 non

108 1453 398 1506 obloquimur,
441 1455 475 1494 si
517 1455 573 1495 de
614 1455 790 1495 alterius
832 1456 950 1495 fama
991 1456 1098 1495 nihil
1141 1455 1421 1496 detrahimus.
1498 1456 1572 1496 Ex

108 1529 312 1568 omnibus
334 1528 449 1568 enim
472 1529 614 1568 verbis
647 1529 766 1569 nulla
795 1535 896 1569 sunt
919 1544 1017 1582 quae
1047 1530 1187 1582 magis
1217 1535 1414 1576 noceant,
1439 1543 1571 1582 quam

108 1615 207 1654 quae
264 1601 500 1642 detrahunt
556 1603 612 1643 de
668 1603 811 1643 aliena
867 1605 1198 1644 existimatione
1254 1610 1386 1656 atque
1443 1603 1571 1644 fama.

109 1676 284 1716 Deinde
326 1676 444 1716 bona
485 1684 620 1725 erunt,
664 1678 698 1717 si
740 1678 796 1717 ad
839 1678 1086 1726 utilitatem,
1124 1677 1191 1717 vel
1234 1677 1572 1718 aedificationem

108 1750 380 1790 audientium
413 1751 749 1792 accommodata
781 1752 877 1799 sint,
911 1753 1030 1792 omni
1063 1752 1286 1792 otiositate
1318 1758 1497 1792 remota.

199 1824 287 1865 Sed
329 1831 377 1864 ut
418 1826 537 1878 prius
580 1826 634 1866 de
676 1826 962 1866 Detractione
1005 1825 1231 1875 dicamus,1
1264 1827 1347 1866 tria
1382 1827 1574 1867 videnda

111 1899 239 1939 nobis
271 1905 406 1939 erunt.
486 1906 537 1939 10.
573 1900 719 1953 Quam
753 1902 906 1953 ingens
938 1901 1102 1941 malum
1137 1915 1187 1940 ea
1220 1902 1285 1941 sit.
1350 1907 1406 1941 20.
1441 1901 1574 1954 Quae-

111 1988 214 2014 nam
261 1973 460 2014 adeam
501 1975 728 2015 vitandam
770 1975 954 2015 valeant.
1040 1982 1094 2026 30.
1144 1976 1345 2029 Agemus
1388 1976 1443 2016 de
1484 1990 1572 2016 non

110 2049 351 2097 audiendiS,
396 2062 474 2089 nec
520 2049 756 2089 referendis
808 2050 1152 2090 detractionibus
1203 2050 1400 2090 aliorum.
1484 2050 1573 2091 Sed

111 2124 215 2177 quid
249 2123 322 2163 illa
352 2124 419 2171 sit,
444 2123 560 2176 prius
592 2124 780 2164 breviter
811 2125 1105 2164 indicandum.
1170 2124 1399 2164 Detractio
1431 2125 1573 2177 igitur,

110 2204 158 2238 ut
195 2198 378 2238 Navarri
417 2197 730 2247 definitionem,
765 2212 864 2251 quae
900 2199 1097 2252 pluribus
1134 2199 1276 2238 verbis
1313 2198 1572 2246 continetur,

110 2273 324 2321 omittam,
368 2272 474 2312 nihil
521 2279 586 2312 est
627 2273 744 2313 aliud
792 2288 848 2313 ex
901 2274 1118 2313 sententia
1161 2274 1214 2313 D.
1249 2273 1448 2321 Thomae,
1492 2274 1574 2314 nisi

111 2346 281 2387 occulta
298 2347 504 2399 quaedam
527 2347 681 2387 alienae
703 2347 833 2387 famae
856 2348 1111 2400 denigratio.
1175 2347 1329 2400 anue
1351 2361 1376 2387 a
1399 2361 1574 2387 susurro

111 2420 198 2461 fine
233 2421 525 2474 distinguitur,
561 2422 678 2474 quod
722 2422 764 2461 in
802 2436 976 2462 susurro
1018 2422 1222 2462 amicitiae
1264 2422 1494 2474 separatio,
1530 2422 1573 2461 in

111 2495 382 2535 detractione
402 2509 505 2535 vero
537 2496 691 2536 alienae
723 2496 853 2536 famae
883 2496 1065 2544 macula,
1091 2502 1223 2548 atque
1252 2502 1358 2536 nota
1387 2496 1574 2548 spectari

112 2570 260 2610 soleat.
335 2569 487 2610 Unum
529 2576 677 2610 tamen
719 2584 798 2623 pro
840 2569 976 2610 altero
1019 2584 1136 2623 saepe
1178 2571 1374 2618 sumitur,
1410 2576 1454 2609 et
1495 2583 1574 2622 pro

112 2644 268 2684 eodem
306 2657 386 2684 nos
422 2658 540 2696 saepe
576 2658 809 2684 sumemus.
883 2644 1085 2697 Quatuor
1116 2651 1264 2685 autem
1302 2644 1445 2684 modis
1483 2643 1572 2683 fieri

112 2718 428 2759 detractionem
472 2717 513 2758 S.
550 2718 747 2758 Thomas
789 2718 947 2759 docet:
998 2719 1065 2759 vel
1117 2732 1195 2772 per
1245 2718 1573 2771 impositionem

111 2791 219 2840 falsi,
247 2791 315 2832 vel
352 2805 430 2845 per
460 2791 847 2845 amplificationem
880 2791 995 2842 mali,
1023 2793 1092 2832 vel
1128 2806 1205 2846 per
1241 2791 1399 2832 occulti
1436 2792 1575 2832 mani-

112 2867 404 2916 festationem,
427 2866 495 2907 vel
528 2866 717 2918 denique
749 2880 827 2920 per
848 2866 1208 2919 depravationem
1242 2866 1496 2907 intentionis
1526 2879 1577 2906 ac

596 2954 609 2975 ²
633 2957 687 2988 De
711 2956 912 2989 detractione
935 2957 1077 2990 vitanda.
