1903 3197
198 156 278 202 De
299 155 505 202 ordinat.
528 171 636 216 quae
656 171 713 200 ex
733 156 960 216 cujusque
969 155 1241 216 prudenlz'a
1254 156 1440 217 pendet.
1493 157 1555 214 48
1565 167 1587 214 5

130 287 187 328 de
208 287 310 327 solis
332 287 562 340 Apostolis
591 287 773 326 dicitur:
798 289 819 305 “
835 286 937 327 Non
966 287 1094 335 enim,
1117 287 1229 327 sicut
1249 300 1326 327 vos
1349 287 1589 337 aestimatis,

129 360 173 400 hi
206 361 310 400 ebrii
344 366 456 409 sunt,
488 373 587 400 cum
624 360 680 399 sit
712 359 818 399 hora
850 360 935 400 diei
969 359 1172 401 tertia:‘'1
1203 367 1355 401 contra
1387 361 1590 401 decorem

128 434 292 486 quippe
312 434 543 474 videbatur
563 432 766 474 vescendi
793 438 968 485 tempus
994 434 1242 486 anticipare.
1308 435 1367 474 Et
1394 433 1590 486 Aposto-

128 506 269 547 lorum
302 505 518 559 Principi,2
540 520 639 546 eum
672 506 860 546 esurivet
885 512 928 545 et
956 512 1133 558 gustare
1154 506 1294 553 vellet,
1318 506 1426 547 hora
1457 512 1586 547 sexta

129 593 281 620 mensa
321 586 509 634 paratur,
552 579 716 619 scilicet
757 584 872 619 stata
914 585 958 619 et
999 579 1204 632 legitima.
1283 581 1342 619 Et
1383 581 1438 619 de
1479 580 1590 619 bene

129 659 301 694 morato
332 654 511 693 domino
544 653 727 692 dicitur:
761 652 922 692 “Misit
953 665 1124 693 servum
1157 665 1284 691 suum
1316 652 1423 692 hora
1453 665 1590 692 coenae

128 725 270 767 dicere
292 726 495 775 invitatis,
519 731 567 765 ut
588 723 839 766 venirent.''·⁹’

216 799 618 852 Intemperantibus
649 812 762 847 vero,
788 804 832 839 et
853 799 927 851 qui
960 798 1124 838 nullam
1149 799 1192 838 in
1224 798 1468 838 reficiendis
1499 811 1590 838 cor-

125 873 304 926 poribus
340 873 428 912 suis
471 872 748 925 disciplinam
785 872 1049 921 custodiunt,
1082 872 1237 912 acriter
1277 886 1411 912 sacrae
1453 872 1589 912 literae

124 947 473 995 comminantur;
503 952 551 986 ut
573 947 690 998 apud
715 945 1028 986 Ecclesiastem
1047 959 1054 986 :
1078 945 1193 986 “Vae
1216 946 1296 986 tibi
1319 952 1443 995 terra,
1467 946 1589 999 cujus

124 1020 343 1072 principes
395 1033 524 1059 mane
576 1017 888 1069 comedunt;’'4
958 1019 1041 1059 hoc
1088 1025 1165 1068 est,
1215 1026 1263 1059 ut
1310 1020 1372 1059 ait
1421 1019 1589 1068 Glossa,

125 1093 371 1134 inordinate
412 1099 456 1133 et
492 1098 595 1132 ante
631 1098 832 1145 tempus:
879 1098 1031 1132 contra
1071 1106 1174 1133 vero
1212 1093 1389 1133 beatam
1426 1099 1588 1134 terram

124 1166 345 1219 praedicat‚
369 1166 492 1218 cujus
515 1165 732 1218 principes
752 1171 985 1206 vescuntur
1006 1167 1050 1206 in
1072 1171 1272 1219 tempore
1293 1181 1381 1207 suo.
1439 1167 1512 1208 Sic
1534 1167 1590 1208 de

125 1240 280 1280 iisdem
323 1238 719 1291 intemperantibus
761 1239 919 1278 dicitur
950 1239 1066 1291 apud
1111 1240 1302 1280 Isaiam:
1356 1241 1471 1280 “Vae
1514 1241 1588 1293 qui

125 1313 386 1365 consurgitis
423 1325 552 1352 mane
584 1312 640 1351 ad
676 1312 932 1352 ebrietatem
965 1314 1233 1361 sectandam,
1268 1320 1310 1353 et
1343 1314 1589 1366 potandum

124 1400 261 1439 usque
292 1386 348 1426 ad
379 1399 619 1439 vesperam,
642 1392 689 1425 ut
720 1387 823 1426 vino
854 1385 1134 1426 aestuetis:”5
1165 1388 1239 1439 qui
1277 1387 1396 1427 locus
1434 1388 1591 1428 intelli-

122 1460 292 1514 gendus
325 1465 390 1500 est
424 1460 478 1500 de
510 1460 571 1508 iis,
596 1459 669 1511 qui
706 1460 866 1511 saepius
901 1460 945 1499 in
976 1460 1069 1500 dies
1102 1460 1157 1499 ad
1192 1460 1343 1513 epulas
1375 1462 1590 1512 redeunt;

122 1548 265 1587 neque
296 1534 412 1575 enim
440 1533 674 1586 prandium
696 1533 763 1572 vel
788 1547 913 1573 coena
935 1539 1078 1573 totum
1101 1534 1218 1573 diem
1242 1535 1408 1574 durant.
1465 1535 1525 1575 Et
1546 1536 1589 1576 in

124 1609 392 1650 Proverbiis:
417 1607 645 1661 “Quando
678 1607 895 1659 evigilabo
926 1614 969 1648 et
991 1621 1161 1648 rursum
1183 1609 1284 1648 vina
1316 1609 1529 1661 reperiam
1545 1609 1591 1649 ”?

123 1684 167 1722 in
218 1695 406 1735 persona
460 1679 829 1734 intemperantis.G
908 1680 1123 1732 Jonathas
1170 1695 1345 1734 quoque
1395 1689 1590 1735 paternae

124 1755 421 1796 maledictioni
463 1755 684 1794 obnoxius
726 1754 894 1806 legitur,
926 1755 1029 1806 quia
1066 1756 1353 1795 constitutum
1392 1762 1435 1795 et
1471 1770 1589 1796 com-

126 1841 257 1868 mune
298 1827 456 1868 edendi
494 1833 669 1879 tempus
712 1828 755 1866 in
793 1827 1013 1880 gustando
1051 1827 1181 1867 melle
1219 1830 1510 1879 anteverterit,
1545 1836 1593 1871 ut

124 1900 329 1941 observat
362 1898 633 1952 Gregorius.T
694 1899 848 1952 Atque
881 1900 977 1940 haec
1007 1901 1124 1954 prior
1154 1915 1295 1950 causa,
1330 1915 1405 1942 cur
1435 1903 1592 1944 intem-

124 1974 318 2027 pestivus
350 1973 471 2013 cibus
503 1973 600 2026 lege
626 1979 806 2013 vetetur.

212 2047 387 2087 Deinde
407 2060 510 2086 vero
533 2047 665 2086 etiam
690 2047 858 2086 ratione
881 2047 1093 2087 decentiae
1114 2052 1310 2097 vetatu1·;
1343 2049 1446 2101 quia
1467 2049 1594 2091 decet

126 2120 378 2173 religiosum
428 2119 653 2160 hominem
696 2120 784 2159 suis
825 2120 1168 2172 appetitionibus
1215 2134 1469 2174 repugnare,
1506 2136 1594 2165 non

126 2194 321 2247 obsequi,
345 2200 393 2234 ut
419 2207 551 2246 supra
579 2193 875 2245 significatum
902 2199 978 2243 est,
1003 2206 1145 2246 neque
1174 2194 1346 2246 quoties
1372 2196 1594 2248 objectum

128 2274 194 2309 est
216 2268 383 2320 aliquid
415 2281 549 2307 suave
581 2267 788 2319 gustatui,
811 2267 961 2307 statim
994 2267 1192 2320 arripere,
1214 2274 1348 2320 atque
1370 2269 1412 2308 in
1443 2275 1596 2311 ventre

125 2341 304 2390 auferre,
328 2355 415 2382 non
438 2341 688 2394 expectatis
709 2340 913 2380 vescendi
936 2340 1142 2394 legitimis
1164 2342 1410 2382 intervallis.
1447 2342 1596 2396 Quare

124 2415 446 2464 Bonaventura,
467 2418 487 2434 “
505 2414 634 2455 Ultra
664 2413 810 2463 duas,’'
834 2414 987 2466 inquit,
1011 2415 1161 2454 “vices
1191 2416 1235 2455 in
1264 2416 1334 2455 die
1361 2430 1594 2469 puerorum

125 2502 201 2529 seu
232 2489 454 2541 pecudum
489 2502 616 2528 more
647 2488 890 2538 comedere,
927 2487 1149 2540 religionis
1179 2490 1518 2542 temperantiam
1553 2497 1597 2532 et

126 2562 329 2603 decorem
345 2562 571 2602 evidenter
585 2562 789 2602 offendit:
813 2576 912 2614 quae
930 2576 1037 2615 rogo
1055 2562 1216 2615 religio,
1233 2577 1331 2616 quae
1349 2569 1596 2617 paupertas,

125 2636 162 2675 si
204 2648 312 2675 mox
357 2641 404 2675 ut
458 2636 606 2685 esuris,
649 2649 758 2676 mox
800 2642 848 2676 ut
895 2635 999 2685 sitis,
1041 2635 1178 2676 volito
1227 2637 1415 2690 pareas?
1466 2637 1599 2678 saties

127 2709 388 2762 appetitum,
411 2722 491 2748 nec
520 2722 621 2749 eum
652 2722 790 2761 usque
812 2710 868 2750 ad
897 2715 1061 2750 statam
1091 2709 1244 2750 horam
1267 2710 1378 2750 scias
1400 2722 1598 2764 compes-

252 2822 265 2842 1
290 2824 367 2855 Act.
388 2831 418 2855 2.
579 2821 592 2841 2
616 2824 691 2855 Act.
717 2832 765 2855 10.
924 2822 937 2842 ²
961 2825 1041 2856 Luc.
1061 2833 1108 2864 14.
1266 2824 1280 2843 ⁴
1304 2825 1386 2866 Cap.
1411 2833 1460 2858 10.

325 2873 338 2893 ⁵
365 2875 409 2905 Is.
430 2882 460 2914 9.
576 2873 589 2892 θ
614 2875 696 2915 Cap.
716 2882 767 2915 23.
883 2874 897 2895 ⁷
921 2876 960 2907 In
978 2875 1171 2915 Moralibus,
1191 2875 1212 2907 l.
1233 2884 1284 2916 30.
1302 2886 1329 2908 c.
1350 2882 1401 2916 27.
