1903 3197
527 157 595 202 In
630 156 848 217 Regulas
882 154 1142 202 Modestia&
1479 157 1541 202 68
1549 170 1572 215 5

114 291 270 331 foetore
301 291 388 331 sint
419 291 597 343 plenae.”
659 290 719 330 Et
741 291 784 330 in
807 289 1139 342 Apophthegm.
1166 289 1200 328 8.
1223 305 1230 328 :
1254 291 1275 307 “
1290 288 1337 330 Si
1360 289 1457 342 quis
1478 302 1575 329 ver-

113 365 171 406 ba
217 366 475 418 pronuntiat
523 365 704 413 inutilia,
742 365 892 404 audire
935 363 1035 413 noli,
1079 377 1134 403 ne
1182 363 1338 415 perdat
1379 363 1574 403 animam

115 438 296 480 tuam.”1
359 440 495 489 Idem,
519 439 592 481 Or.
617 451 668 490 3:
701 439 848 491 “Quae
880 438 985 478 foris
1015 438 1244 485 audiveris,
1273 451 1324 477 ea
1356 443 1576 477 revertens

114 528 170 554 ne
191 513 417 555 dixeris.''2
453 515 772 561 Bonaventura,
788 514 843 553 de
866 512 995 553 Infor.
1017 512 1126 552 Nov.
1144 525 1275 564 supra
1294 528 1301 551 :
1321 515 1341 531 “
1357 512 1576 551 Rumores

116 589 305 639 nescias;
333 590 435 641 quia
456 589 702 641 inquietant
719 602 794 628 cor
815 594 858 627 et
880 592 1075 627 mentem
1098 585 1358 633 distrahunt,
1378 592 1421 625 et
1443 586 1576 626 devo-

114 663 282 703 tionem
305 663 580 711 exhauriunt,
605 669 647 702 et
669 668 845 715 tempus
877 662 970 701 sine
998 660 1186 701 utilitate
1208 666 1474 700 consumunt
1493 676 1500 699 :
1532 665 1577 700 et

116 751 214 790 quae
237 738 360 786 scias,
384 751 471 778 non
502 738 651 777 omnia
680 736 915 777 effundas.'’
980 735 1069 777 Ubi
1092 740 1281 787 quatuor
1308 735 1378 774 hic
1409 735 1579 774 Doctor

117 818 346 852 enumerat
368 811 484 852 mala
504 812 606 852 vani
628 812 844 864 otiosique
866 810 1089 851 sermonis.
1148 810 1207 849 Et
1230 809 1273 848 in
1297 809 1404 861 Reg.
1430 808 1581 849 Novit.

116 900 149 926 c.
191 895 224 937 5.
262 886 324 926 ait
366 900 460 927 esse
500 899 718 927 venenum
763 885 1034 926 mortiferum
1077 885 1321 924 animarum
1364 883 1484 936 loqui
1526 883 1583 923 de

118 960 277 1009 seculo,
311 961 379 1001 vel
421 961 476 1001 de
516 961 652 1001 bellis,
716 961 805 1002 Sed
848 960 902 1000 de
943 959 1025 999 hoc
1066 959 1192 1011 plura
1233 958 1418 998 fortasse
1459 957 1579 1007 alias,

119 1050 219 1076 cum
269 1036 490 1089 propriam
535 1036 591 1076 de
637 1035 927 1076 collocutione
978 1033 1190 1087 spirituali
1233 1032 1579 1085 disputationem

120 1111 358 1164 separatim
390 1111 679 1151 instituemus.
742 1109 970 1150 Accedam
1004 1108 1097 1161 jam
1130 1109 1186 1148 ad
1224 1107 1421 1155 formam,
1451 1108 1583 1147 ratio-

121 1199 311 1238 nemque
341 1184 560 1238 loquendi.

387 1392 453 1423 DE
485 1392 718 1431 RATIONE,
752 1392 813 1422 ET
846 1391 1018 1422 FORMA
1050 1390 1321 1430 LOQUENDI.

213 1481 422 1535 Sequitur
450 1482 581 1535 igitur
609 1482 797 1530 tertium,
822 1482 941 1534 quod
971 1482 1013 1521 in
1043 1482 1257 1521 sermonis
1283 1481 1441 1521 decore
1463 1494 1585 1533 spec-

123 1557 309 1597 tandum
341 1556 567 1597 videatur:
603 1557 646 1596 id
680 1563 827 1597 autem
861 1561 927 1596 est
958 1556 1079 1604 ratio,
1113 1562 1156 1595 et
1188 1555 1327 1594 forma
1364 1554 1585 1607 loquendi,

125 1644 224 1683 quae
258 1631 436 1683 quidem
471 1637 547 1671 aut
580 1632 623 1670 in
657 1631 863 1680 moribus,
890 1635 966 1671 aut
1000 1630 1042 1669 in
1074 1643 1182 1670 voce
1215 1629 1359 1682 posita
1392 1635 1467 1669 est.
1532 1629 1585 1669 In

126 1705 322 1745 moribus
344 1706 522 1758 quidem
546 1719 626 1745 sex
649 1705 867 1758 praecipue
889 1703 1084 1744 cavenda
1105 1709 1216 1744 sunt.

218 1785 270 1819 10.
301 1778 371 1819 Ne
402 1780 515 1819 inter
542 1779 811 1831 loquendum
841 1791 1071 1831 carpamus
1093 1778 1347 1830 quempiam
1374 1784 1450 1817 aut
1473 1790 1587 1817 mor-

125 1854 319 1902 deamus,
356 1853 425 1894 vel
463 1853 790 1893 remordeamus
832 1866 890 1892 ex
931 1852 998 1892 his
1039 1852 1299 1904 quibuscum
1341 1851 1588 1904 loquimur:

126 1927 304 1980 pessimi
327 1928 445 1967 enim
464 1928 597 1967 moris
619 1932 694 1967 est.
729 1926 1051 1975 Bonaventura,
1076 1925 1200 1978 Spec.
1218 1925 1335 1965 Disc.
1354 1939 1393 1978 p.
1420 1936 1454 1976 3.
1478 1939 1510 1965 c.
1537 1937 1559 1977 3
1580 1940 1589 1967 :

128 2002 261 2042 “Nec
293 2001 526 2050 mordaci,”
558 2001 711 2054 inquit,
746 2000 915 2040 “frater
945 2000 1109 2041 scilicet
1139 1999 1207 2039 vel
1240 2000 1493 2052 importuno
1525 2000 1589 2040 in-

127 2076 243 2116 sultu
276 2076 493 2116 sociorum
526 2075 793 2116 locutionem
826 2074 1089 2128 impugnet.'‘
1154 2074 1255 2114 Hoc
1286 2074 1440 2114 vitium
1473 2086 1589 2114 mor—

127 2150 259 2191 dendi
296 2156 477 2191 caeteros
512 2150 723 2190 trifariam
760 2155 907 2202 potest
944 2148 1129 2188 admitti.
1208 2148 1429 2189 Primum:
1475 2147 1588 2189 Cum

127 2226 225 2278 quis
246 2238 402 2278 parum
424 2224 700 2265 considerate
722 2224 906 2276 loquens
928 2223 1119 2275 aliquem
1142 2222 1210 2262 vel
1233 2222 1386 2263 nolens
1403 2222 1587 2263 vellicat.

128 2299 190 2339 Et
210 2298 294 2339 hoc
316 2298 624 2338 Bonaventura
650 2311 758 2337 mox
785 2296 980 2350 appellat
1001 2310 1079 2350 per
1101 2296 1430 2349 subreptionem
1453 2296 1591 2336 offen-

129 2372 242 2414 dere.
305 2371 537 2413 Secundo:
571 2371 683 2413 Cum
719 2372 816 2424 quis
849 2371 1000 2411 dedita
1034 2384 1167 2423 opera
1200 2371 1349 2410 animo
1379 2370 1591 2410 iracundo

129 2447 382 2500 quempiam
404 2446 578 2487 fodicat.
642 2445 701 2486 Et
723 2446 779 2486 de
806 2445 890 2485 hoc
921 2445 1038 2485 idem
1063 2445 1233 2484 Doctor
1254 2444 1358 2484 dicit
1376 2458 1385 2495 ;
1419 2444 1488 2484 Ne
1510 2444 1591 2484 im-

129 2527 319 2575 portuno
355 2520 529 2561 insultu.
605 2519 783 2560 Tertio:
832 2518 944 2560 Cum
983 2519 1079 2572 quis
1116 2519 1159 2558 in
1197 2517 1360 2558 salibus
1391 2518 1592 2571 jocisque

129 2596 303 2636 mordet
338 2594 541 2648 aliquem,
576 2595 696 2647 quod
733 2593 940 2646 proximo
976 2592 1101 2646 pejus
1138 2598 1234 2642 est;
1272 2592 1436 2632 indicat
1473 2593 1590 2633 enim

130 2683 349 2710 summam
382 2668 727 2721 despicientiam,
750 2673 794 2708 et
816 2671 1020 2719 ὁλιγωςίαν,
1044 2667 1099 2707 de
1125 2680 1211 2719 qua
1233 2665 1368 2706 Arist.
1391 2666 1435 2706 in
1460 2666 1590 2707 Rhet.

131 2745 249 2785 Nam
281 2744 355 2798 qui
384 2744 638 2798 quempiam
671 2742 844 2783 mordet
866 2743 1012 2791 iratus,
1035 2742 1207 2782 videtur
1229 2741 1428 2782 nonnihil
1451 2740 1592 2782 facere

131 2831 231 2859 eum
261 2817 379 2858 unde
409 2816 538 2858 laesus
571 2823 664 2857 est:
695 2822 742 2857 at
772 2816 846 2870 qui
874 2815 977 2869 joco
1005 2821 1049 2856 et
1077 2815 1241 2857 salibus
1263 2815 1445 2865 mordet,
1469 2814 1592 2856 nihili

601 2905 614 2925 ²
639 2907 675 2939 P.
700 2905 769 2947 184.
949 2904 963 2925 2
987 2906 1023 2938 P.
1047 2904 1116 2946 167.
