1903 3197
553 154 633 200 De
666 154 768 200 vita
804 155 1055 201 communi.
1442 183 1448 187 2
1483 155 1544 214 83

75 292 220 345 ipsum
271 295 338 330 tot
387 287 587 341 prodigia
628 286 826 339 quotidie
878 291 1138 338 patrantem,
1191 287 1401 339 quoniam
1453 287 1547 328 vita

77 363 298 405 communi
333 363 546 410 utebatur,
586 374 665 413 pro
710 358 886 399 Christo
929 372 1165 411 agnoscere
1206 366 1339 412 atque
1381 359 1545 400 habere

79 438 305 478 noluerint.
371 435 542 475 Eadem
575 433 812 486 asperitate
834 432 935 472 vitae
959 433 1206 471 sanctitatis
1229 446 1391 473 nomen
1413 447 1545 474 aucu-

78 513 298 565 pabantur
328 510 445 563 apud
478 509 678 548 homines
711 505 929 554 Phariscei,
953 506 1105 545 crebro
1138 506 1254 544 enim
1283 506 1546 558 jejunabant

79 591 128 626 ut
169 585 287 638 apud
340 582 604 624 Matthaeum
647 580 847 633 discipuli
900 579 1084 631 Joannis
1128 577 1310 627 dicunt,l
1352 579 1546 620 fimbrias

78 660 438 699 vestimentorum
480 654 806 708 protrahebant,
848 652 976 692 tibias
1026 652 1250 704 pedesque
1298 651 1547 701 nectebant,

80 739 129 773 ut
149 732 400 772 inanissima
421 729 503 769 hac
520 728 815 769 ostentatione
837 726 1110 779 poenitentiae
1133 724 1365 777 singularis
1388 725 1548 764 sancti-

81 806 240 845 moniae
277 804 442 844 famam
476 803 557 842 sibi
592 801 858 854 colligerent,
894 805 943 839 ut
976 799 1124 839 scribit
1166 798 1467 850 Hieronymus
1502 797 1546 837 in

80 876 376 918 Maeuianam?
439 877 547 916 Ideo
584 876 715 927 igitur
751 874 901 921 inflati,
942 873 1041 912 ideo
1080 871 1238 911 tumidi
1281 870 1547 924 superbique

81 957 215 1001 erant,
240 951 483 1002 meritoque
505 963 530 989 a
549 948 725 989 Christo
749 946 1015 999 “sepulchra
1040 943 1285 993 dealbata,’'
1305 950 1349 984 et
1372 946 1393 964 “
1408 943 1548 996 hypo-

80 1023 235 1072 critae‚”
260 1029 307 1063 ut
336 1023 410 1076 qui
439 1022 589 1062 solidis
611 1028 743 1074 atque
775 1020 1055 1060 interioribus
1081 1024 1278 1059 carerent
1300 1017 1546 1064 virtutibus,

81 1096 366 1150 appellantur.
429 1095 549 1135 Talis
582 1096 745 1147 quippe
766 1095 868 1134 vitae
903 1094 1011 1133 ratio
1040 1100 1132 1132 tam
1166 1092 1364 1144 speciosa
1397 1091 1546 1143 magni

81 1177 146 1211 est
169 1171 352 1211 tumoris
373 1169 553 1209 occasio.
618 1167 800 1221 Quanto
824 1168 939 1207 enim
964 1166 1083 1219 apud
1108 1166 1276 1205 Lucam
1303 1164 1548 1204 Pharisaeus

81 1244 153 1285 ille
175 1250 346 1284 tumore
374 1258 420 1283 se
442 1243 592 1295 jactat,
617 1256 716 1281 cum
740 1248 783 1281 et
816 1241 1056 1280 Publicano
1086 1239 1290 1291 praesenti
1314 1245 1356 1278 et
1379 1238 1548 1278 caeteris

81 1318 332 1358 hominibus
369 1330 463 1356 sese
499 1315 687 1368 praefert,
723 1328 823 1354 cum
857 1314 1007 1353 crebra
1041 1318 1209 1351 eructat
1240 1311 1417 1363 jejunia,
1448 1323 1547 1350 cum

75 1391 293 1443 justitiam
336 1403 460 1430 suam
501 1396 594 1429 tam
636 1388 798 1440 injuste
840 1385 1157 1427 commendat?
1240 1384 1326 1437 Qui
1369 1383 1548 1436 quidem

81 1479 159 1506 sua
195 1465 329 1504 fretus
363 1464 533 1516 justitia
571 1469 703 1514 atque
738 1461 917 1513 jejunio,
952 1467 994 1499 et
1032 1459 1147 1499 male
1179 1458 1260 1497 sibi
1292 1457 1467 1509 placuit,
1502 1463 1551 1497 ut

82 1539 143 1579 ait
184 1537 472 1590 Augustinus,
517 1543 560 1576 et
611 1535 720 1575 alios
773 1548 863 1587 prae
916 1547 962 1573 se
1013 1533 1201 1585 superbe
1254 1527 1551 1582 CO11tempsit.3

85 1611 320 1663 Gregorius
363 1611 496 1650 etiam
543 1610 673 1649 docet
716 1609 758 1647 in
803 1606 1017 1647 Pastorali
1071 1604 1389 1645 abstinentium
1434 1603 1552 1655 cogi-

81 1686 271 1725 tationes
305 1697 391 1724 non
426 1696 668 1735 numquam
701 1681 917 1734 superbiae
956 1679 1085 1732 culpa
1118 1676 1347 1729 transfigis*
1410 1676 1468 1716 Et
1502 1675 1546 1717 S.

84 1758 260 1797 Marcus
301 1756 586 1797 Anachoreta
637 1755 753 1794 idem
808 1754 850 1792 in
903 1752 1048 1792 inedia
1101 1750 1343 1804 periculum
1386 1748 1550 1800 objicit,

82 1829 235 1882 “Quia
257 1829 524 1882 incipimus,”
549 1829 701 1880 inquit,
727 1831 976 1878 “tanquam
1000 1824 1095 1864 aliis
1119 1824 1162 1863 in
1186 1822 1435 1862 exercenda
1459 1822 1552 1873 pie-

82 1910 175 1944 tate
206 1903 531 1956 praestantiores
564 1901 689 1941 nobis
720 1900 801 1952 ipsi
831 1899 1014 1952 placere,
1039 1904 1081 1938 et
1111 1904 1293 1936 caeteros
1316 1896 1554 1948 despicere,

84 1982 218 2029 atque
232 1974 506 2029 aspernari.”⁵
539 1974 639 2027 Qua
656 1980 835 2027 propter
853 1972 1075 2012 memoriae
1093 1970 1287 2023 prodidit
1304 1969 1551 2017 Cassianus,

27 2047 36 2054 ⁶
84 2050 127 2089 in
163 2049 409 2090 Collatione
446 2048 639 2088 Abbatis
675 2047 838 2095 Sereni,
871 2045 1148 2086 consuevisse
1181 2042 1421 2083 monachos
1454 2042 1554 2083 illos.

84 2128 253 2163 veteres
275 2123 317 2162 in
341 2123 491 2171 muria,
515 2135 612 2173 quae
636 2120 905 2173 quotidianae
928 2117 1151 2157 refectioni
1182 2115 1353 2156 solebat
1375 2116 1552 2168 apponi,

84 2197 168 2237 olei
201 2202 373 2249 guttam
406 2195 626 2243 instillare,
650 2198 673 2214 “
688 2194 791 2234 Non
815 2199 862 2233 ut
885 2192 978 2244 ejus
1001 2205 1058 2231 ex
1082 2205 1133 2230 ea
1156 2203 1200 2229 re
1228 2195 1380 2242 guttur
1408 2188 1550 2228 suavi-

85 2276 223 2310 tatem
257 2270 479 2322 quandam
512 2268 765 2321 perciperet,
796 2266 960 2319 quippe
989 2278 1088 2317 quae
1117 2264 1193 2303 vix
1227 2262 1424 2302 faucibus
1455 2274 1553 2314 per-

87 2344 330 2392 transibat;
383 2343 459 2383 sed
502 2348 549 2382 ut
591 2342 674 2382 hoc
712 2355 790 2380 usu
830 2339 1092 2392 jactantiam
1135 2337 1289 2385 cordis,
1334 2349 1432 2388 quae
1474 2348 1554 2388 pro

87 2417 352 2457 abstinentia
375 2416 635 2456 districtiore
664 2414 826 2454 blande
855 2413 967 2453 solet
990 2417 1033 2451 et
1059 2411 1246 2451 latenter
1267 2410 1488 2462 obrepere,
1512 2414 1556 2449 et

88 2490 289 2531 stimulos
312 2490 511 2531 elationis
534 2485 890 2529 obtunderent.‘'⁶
938 2486 1045 2526 Ideo
1068 2486 1111 2524 in
1135 2484 1370 2532 Societate‚
1395 2482 1556 2535 quibus

88 2578 114 2604 a
155 2564 502 2604 moderatoribus
544 2568 610 2602 est
651 2562 767 2601 facta
809 2565 1005 2613 potestas
1047 2558 1197 2598 crebro
1237 2556 1467 2608 jejunandi
1510 2560 1555 2595 et

89 2637 347 2686 abstinendi,
386 2637 413 2676 ii
455 2641 638 2676 caveant
675 2635 808 2675 etiam
846 2639 978 2685 atque
1015 2632 1148 2672 etiam
1186 2630 1385 2670 fraudem
1426 2629 1551 2675 hane,

90 2725 188 2764 quae
240 2717 366 2751 tanto
419 2717 485 2751 est
540 2709 832 2763 perniciosior,
890 2711 1056 2759 quanto
1113 2703 1333 2745 occultior.
1424 2700 1555 2752 Sapi-

178 2817 188 2836 1
215 2818 335 2849 Matth.
357 2827 386 2858 9.
631 2815 643 2834 ‘2
669 2816 763 2847 Hier.
784 2815 818 2845 in
838 2814 960 2845 Matth.
976 2821 1028 2854 23.
1271 2806 1284 2825 ³
1308 2807 1388 2838 Luc.
1414 2804 1461 2837 18.

284 2868 298 2887 ⁴²
322 2870 359 2900 P.
380 2877 409 2910 3,
430 2879 456 2901 c.
478 2876 525 2908 19.
648 2866 660 2885 5
685 2867 776 2900 Orat.
797 2866 838 2898 de
859 2865 967 2906 Jejun.
1089 2861 1102 2881 ⁶
1126 2860 1211 2892 Con.
1231 2867 1262 2898 2,
1283 2868 1308 2889 c.
1334 2866 1359 2889 1.

265 2930 352 2961 G2
