1903 3197
274 182 367 226 322
604 169 685 215 De
717 170 906 216 ratione
936 170 1130 217 vivendi
1168 170 1428 218 Socz'etatz's.

270 299 327 340 sit
359 300 485 340 nobis
516 300 587 341 hic
622 300 772 351 hostis,
806 307 853 342 ut
893 303 955 343 ait
994 303 1295 356 Hieronymus
1332 303 1388 343 ad
1432 303 1737 355 Eustochium,

272 379 315 414 et
338 388 602 427 quocunque
627 377 850 429 pergimus
878 383 1105 430 portemus
1135 378 1371 417 inimicum.
1436 378 1549 418 Haec
1571 385 1739 420 naturae

271 448 522 500 proclivitas
563 450 620 489 ad
666 449 892 491 libidinem
937 452 1077 492 carnis
1130 451 1359 491 infirmitas
1411 451 1495 491 dici
1538 453 1660 504 solet,
1714 468 1740 495 a

272 522 318 561 B.
343 528 491 562 autem
525 523 727 564 Diadoco
755 524 940 565 facilitas
971 526 1163 578 corporis
1196 524 1453 578 appellatur,
1478 526 1581 578 quia
1612 526 1738 567 facile

271 595 326 635 ad
350 595 462 635 hanc
483 596 759 649 voluptatem
782 597 954 638 labitur.

361 669 577 720 Secundo,
630 671 820 711 cernitur
869 671 964 711 haec
1016 672 1170 712 eadem
1223 671 1413 712 hominis
1462 673 1738 714 imbecillitas

270 743 314 783 in
348 744 600 784 infirmitate
631 759 839 785 sensuum
873 751 1168 795 externorum,
1201 747 1275 798 qui
1308 759 1462 786 omnes
1495 746 1737 787 admodum

269 817 422 858 lubrici
460 824 562 858 sunt
599 825 642 859 et
682 819 895 871 proclives
937 820 993 859 ad
1036 819 1221 872 lapsum,
1265 834 1419 860 omnes
1460 820 1561 860 hinc
1598 822 1740 861 carnis

268 891 510 931 infirmitati
542 892 844 932 lenocinantur
866 899 910 932 et
938 893 1139 932 serviunt.
1197 893 1325 933 Oculi
1349 894 1465 934 enim
1499 895 1572 934 uni
1603 908 1735 947 quam

267 965 418 1005 lubrici
442 972 552 1013 sunt,
579 968 600 985 “
617 965 782 1005 Oculus
806 965 964 1013 meus,'’
996 966 1214 1018 propheta
1243 968 1396 1018 inquit,
1423 968 1738 1020 “depraedatus

266 1045 333 1079 est
394 1040 587 1078 animam
641 1038 844 1079 meam.”1
937 1040 1181 1091 Ferturque
1233 1040 1315 1079 sibi
1375 1041 1525 1081 oculos
1579 1043 1739 1083 eruisse

269 1113 562 1161 Democritus,
598 1113 716 1164 quod
760 1114 852 1153 sine
894 1126 1022 1153 sensu
1067 1120 1281 1165 motuque
1318 1113 1512 1154 libidinis
1555 1114 1740 1157 feminas

268 1186 424 1227 intueri
448 1200 536 1226 non
560 1193 719 1238 posset,
745 1193 792 1227 ut
814 1187 1113 1227 Tertullianus
1136 1188 1295 1227 scribit.
1361 1188 1420 1228 Et
1447 1188 1740 1239 B.Antonius,

268 1273 368 1300 cum
408 1260 657 1312 Didymum
694 1266 919 1300 accusaret
953 1261 1072 1313 quod
1111 1262 1358 1301 caecitatem
1398 1262 1566 1303 doleret
1603 1277 1740 1312 suam,

269 1334 405 1374 satius
444 1347 538 1374 esse
572 1334 689 1373 dixit
726 1334 822 1374 illos
864 1334 1015 1375 oculos
1058 1335 1292 1387 possidere,
1334 1336 1377 1374 in
1420 1349 1530 1388 quos
1571 1338 1739 1389 peccati

268 1407 436 1448 festuca
464 1421 552 1447 non
581 1413 731 1460 posset
754 1408 954 1457 incidere,
980 1422 1113 1460 quam
1142 1408 1249 1457 illos,
1274 1409 1347 1461 qui
1372 1409 1465 1449 solo
1488 1410 1740 1462 cupiditatis

268 1488 449 1534 aspectu
486 1488 667 1534 possent
704 1482 904 1521 homines
940 1483 982 1521 in
1025 1482 1273 1534 gehennam
1318 1483 1564 1536 praecipites
1597 1497 1738 1536 agere.

271 1555 379 1595 Ideo
413 1555 566 1594 Petrus
588 1555 746 1595 Abbas
771 1555 1117 1604 Claravallensis‚
1143 1569 1242 1596 cum
1276 1569 1333 1595 ex
1367 1556 1520 1596 morbo
1553 1556 1738 1598 alterum

268 1629 444 1671 oculum
487 1630 718 1678 amisisset,
759 1630 860 1682 joco
913 1630 1146 1670 dictitabat
1190 1643 1326 1670 unum
1369 1644 1414 1670 se
1457 1631 1512 1670 de
1554 1631 1740 1671 inimicis

268 1704 468 1753 evasisse,
502 1710 545 1743 et
581 1704 680 1756 plus
712 1718 758 1743 se
789 1718 815 1743 a
848 1703 1026 1756 reliquo,
1060 1717 1193 1755 quam
1227 1718 1253 1743 a
1283 1704 1458 1756 perdito
1492 1703 1737 1744 formidare.

268 1777 401 1831 Quod
445 1777 562 1817 idem
616 1778 784 1826 dicitur,
833 1776 970 1817 altero
1020 1778 1125 1816 item
1178 1782 1333 1829 captus
1385 1776 1522 1826 oculo,
1575 1778 1740 1818 dixisse

267 1851 500 1903 Jordanus,
533 1851 568 1890 is
600 1851 686 1903 qui,
717 1850 827 1890 alter
858 1865 883 1890 a
916 1851 962 1890 B.
988 1851 1239 1899 Dominico,
1273 1850 1500 1891 Generalis
1532 1851 1742 1903 magister

268 1925 334 1965 sui
358 1924 523 1964 ordinis
549 1924 639 1964 fuit.
705 1924 823 1976 Quid
848 1924 904 1964 de
925 1929 1046 1964 tactu
1070 1924 1227 1973 dicam,
1251 1937 1383 1976 quam
1414 1924 1519 1964 item
1549 1923 1739 1964 lubricus

268 1998 560 2051 proclivisque
612 2004 678 2038 est
720 1998 776 2038 ad
820 1998 1102 2038 excitandam
1146 1997 1603 2050 commovendamque
1645 1998 1739 2038 libi-

269 2072 443 2113 dinem!
508 2072 634 2112 Unus
666 2071 877 2113 Summus
913 2072 1006 2112 Leo
1036 2073 1142 2112 satis
1174 2071 1369 2124 locuples
1399 2072 1522 2111 testis
1554 2077 1631 2121 est,
1664 2072 1738 2124 qui

270 2160 327 2187 ex
361 2146 561 2186 muliebri
595 2146 744 2186 osculo
776 2146 968 2186 libidinis
1001 2159 1087 2186 non
1125 2146 1267 2185 ferens
1299 2145 1512 2194 ardorem,
1546 2158 1738 2195 manum,

268 2233 403 2271 quam
441 2220 638 2259 osculata
676 2226 742 2259 est
778 2219 942 2268 mulier,
982 2225 1212 2271 amputare
1249 2218 1330 2258 sibi
1368 2231 1456 2257 non
1494 2217 1736 2258 dubitavit!

271 2292 385 2344 Quae
437 2306 569 2332 causa
620 2293 713 2342 fuit,
757 2298 804 2332 ut
856 2293 1116 2332 sanctissimi
1168 2292 1257 2340 viri,
1301 2305 1356 2331 ne
1407 2304 1507 2331 cum
1559 2291 1736 2343 quidem

270 2366 464 2405 animam
509 2372 700 2418 agerent,
744 2372 791 2406 ut
832 2366 964 2419 paulo
1006 2365 1118 2405 infra
1160 2365 1368 2414 dicemus,
1411 2378 1437 2404 a
1478 2364 1651 2404 seminis
1693 2379 1738 2406 se

270 2439 491 2479 attrectari
524 2440 827 2492 permiserint;
860 2440 921 2479 ita
950 2439 1198 2479 exardescit
1228 2452 1285 2478 ex
1317 2437 1410 2478 solo
1439 2443 1559 2478 tactu
1590 2438 1736 2479 libido.

266 2513 408 2552 Recte
440 2513 556 2552 enim
587 2513 834 2554 Climacus:
860 2516 879 2533 “
897 2512 1002 2562 Fit,'’
1027 2513 1179 2565 inquit,
1204 2512 1461 2552 “interdum
1486 2517 1534 2552 ut
1556 2526 1613 2552 ex
1642 2512 1736 2553 solo

266 2591 389 2626 tactu
423 2600 580 2639 corpus
613 2586 920 2639 inquinatur3''
945 2586 1051 2626 nihil
1082 2587 1246 2639 quippe
1275 2600 1404 2625 sensu
1438 2586 1521 2625 isto
1550 2586 1738 2638 gravius,

269 2659 374 2698 nihil
392 2660 685 2712 periculosius
719 2660 978 2701 Admoneat
996 2666 1040 2700 te
1058 2660 1103 2708 is,
1121 2661 1194 2712 qui
1214 2660 1365 2700 matris
1384 2661 1531 2700 manui
1555 2659 1736 2713 pallium

264 2733 565 2782 circumdedit,
599 2740 731 2786 atque
768 2735 824 2774 ab
859 2735 937 2783 his,
972 2748 1070 2787 quae
1107 2734 1175 2774 vel
1215 2734 1441 2782 naturalia,
1473 2732 1542 2773 vel
1579 2738 1739 2786 praeter

266 2812 469 2847 naturam
513 2814 614 2848 sunt
655 2809 832 2861 proprio
879 2816 1012 2861 atque
1065 2809 1208 2849 alieno
1260 2822 1450 2861 corpore,
1496 2807 1736 2860 comprime

900 2897 911 2916 ¹
937 2898 1058 2929 Thren.
1080 2906 1108 2938 3.
