1903 3197
629 123 708 167 De
743 123 844 169 vila
880 124 1131 171 communi.
1551 138 1613 185 79

144 255 328 304 sianum,
352 254 425 294 ubi
448 255 509 294 sic
532 255 618 294 ait:
654 258 675 275 “
691 255 978 295 Perniciosius
1007 258 1278 297 continentia
1308 258 1611 309 immoderata,

146 342 280 382 quam
304 328 511 369 saturitas
533 329 713 368 remissa
736 328 1050 381 supplantat.''1
1090 330 1148 370 Et
1173 330 1340 371 Gerson
1364 332 1621 373 Parisiensis

143 402 263 443 idem
299 403 499 452 affirmat,
532 401 706 451 “Scio,”
740 403 882 455 inquit
916 405 996 442 “et
1029 403 1179 443 Patres
1214 405 1273 443 sic
1307 405 1618 455 determinant,

146 477 266 529 quod
305 477 359 517 ad
402 477 662 517 deteriorem
707 476 888 526 exitum,
933 482 976 516 et
1018 477 1085 516 cui
1129 478 1272 517 minus
1314 485 1380 518 est
1421 481 1614 529 remedii,

145 551 279 591 trahit
309 551 574 591 abstinentia
606 551 839 591 indiscreta
869 564 1002 602 quam
1036 551 1230 591 edacitas
1263 552 1614 595 immoderata.''‘-'

147 627 207 666 Et
245 631 371 675 recte,
407 626 509 678 quia
550 624 650 665 huic
685 625 903 665 medicina
939 631 1102 678 praesto
1144 639 1238 665 esse
1274 632 1432 678 potest,
1469 627 1614 668 detra-

144 700 301 740 hendis
324 713 422 752 quae
455 699 552 752 plus
582 713 709 752 aequo
742 700 914 752 ingesta
936 705 1037 739 sunt
1058 700 1225 745 ventri;
1259 706 1304 740 at
1335 701 1614 742 abstinentiae

145 774 392 826 inediaeque
425 774 590 814 damno
627 788 725 826 quae
770 774 987 813 medicina
1028 779 1190 826 praesto
1223 787 1317 813 esse
1348 780 1506 827 potest,
1539 781 1616 816 aut

146 848 201 896 id,
235 847 354 901 quod
396 848 451 888 de
487 848 650 888 viribus
702 847 974 900 humidoque
1016 848 1136 888 vitali
1179 855 1492 901 consumptum
1536 856 1614 896 est,

145 923 376 975 reparare?
451 923 581 975 Saepe
624 923 756 962 etiam
799 922 1076 962 imbecillitas
1113 921 1322 975 laesioque
1358 924 1533 973 cerebri,
1572 931 1616 964 et

145 996 416 1049 perturbatio
454 997 635 1037 rationis
668 1010 767 1048 quse
800 997 937 1036 curari
970 997 1046 1036 vix
1081 996 1329 1049 pharmacis
1367 1003 1525 1050 potest,
1557 1011 1614 1038 ex

148 1071 280 1110 nimia
332 1070 500 1111 oriente
552 1070 708 1119 inedia,
752 1076 798 1110 ut
841 1075 884 1110 et
935 1069 1052 1110 idem
1097 1070 1263 1110 Gerson
1314 1071 1529 1120 observat,
1574 1078 1617 1112 et

147 1151 334 1185 testatur
362 1145 504 1185 verbis
533 1144 651 1184 hisce
687 1144 1016 1196 Hieronymus:
1057 1145 1209 1184 “Novi
1241 1158 1324 1197 ego
1355 1146 1398 1185 in
1429 1152 1617 1199 utroque

148 1233 258 1259 sexu
316 1224 495 1271 propter
546 1218 725 1258 nimiam
789 1218 1100 1258 abstinentiam
1154 1219 1318 1259 cerebri
1381 1220 1616 1260 sanitatem

150 1293 415 1346 quibusdam
440 1292 571 1332 fuisse
593 1290 858 1332 ve2*«:ata111.''3
919 1292 1079 1332 Narrat
1103 1299 1145 1332 et
1167 1293 1416 1344 Joardanus
1440 1294 1620 1335 Saxon4

148 1367 203 1407 de
245 1379 391 1406 sorore
432 1365 661 1418 cujusdam
705 1364 1052 1418 Archiepiscopi,
1095 1380 1193 1418 quze
1245 1380 1291 1406 se
1343 1367 1521 1407 fratrem
1574 1369 1618 1408 in

150 1440 306 1480 mediis
355 1440 592 1480 inferorum
643 1439 832 1479 flammis
883 1439 1044 1479 vidisse
1095 1440 1281 1488 dicebat,
1325 1454 1470 1493 quam,
1518 1456 1619 1482 cum

150 1515 522 1568 Archiepiscopus
546 1529 604 1554 ex
627 1514 839 1554 inanitate
862 1514 1025 1554 cerebri
1049 1514 1140 1554 visa
1164 1514 1237 1554 illa
1260 1515 1297 1555 ei
1324 1516 1619 1568 suspicaretur

150 1590 356 1638 accidere,
391 1588 629 1629 curandam
666 1588 904 1628 multorum
938 1588 1107 1628 dierum
1141 1588 1333 1641 pleniore
1366 1589 1464 1630 cibo
1498 1603 1621 1630 man-

148 1663 281 1713 davit,
305 1669 348 1703 et
369 1663 460 1703 visa
483 1662 556 1702 illa
579 1663 724 1702 inania
747 1662 1100 1715 conquieverunt.
1151 1657 1154 1660 ’

239 1737 399 1790 Quare,
429 1750 484 1776 ne
516 1737 572 1776 ad
604 1736 684 1776 hos
716 1736 920 1789 scopulos
951 1736 1241 1786 offendamus,
1272 1743 1315 1777 et
1346 1737 1389 1776 in
1425 1738 1619 1778 curando

152 1825 333 1865 corpore
386 1817 587 1852 extrema
633 1811 834 1858 vitemus,
878 1810 1100 1863 sapienter
1152 1811 1400 1851 institutum
1454 1817 1520 1851 est
1572 1817 1620 1852 ut

155 1898 436 1927 communem
471 1884 701 1925 hominum
736 1885 872 1924 vitam
906 1885 948 1923 in
982 1884 1274 1924 exterioribus
1305 1890 1617 1925 consectemur.

153 1960 286 2013 Quod
324 1965 471 1999 autem
514 1959 736 2011 praecipua
780 1972 883 1998 cura
926 1958 1085 1998 debeat
1128 1972 1223 1998 esse
1264 1958 1527 1998 valetudinis
1569 1959 1619 1998 iis

153 2034 228 2087 qui
262 2033 472 2073 Ecclesiae
506 2039 548 2072 et
578 2033 823 2072 animarum
857 2031 986 2071 saluti
1019 2033 1279 2080 deserviunt,
1306 2046 1357 2072 ac
1388 2038 1621 2085 propterea

152 2109 397 2149 communis
420 2107 481 2147 eis
498 2108 588 2147 vita
611 2107 807 2146 maxime
826 2112 1050 2159 congruat,
1069 2106 1372 2159 planissimum
1397 2113 1482 2157 est;
1515 2121 1617 2148 nam

153 2189 196 2224 et
230 2181 450 2235 Apostoli,
482 2194 667 2234 quorum
706 2182 787 2221 toti
822 2180 917 2220 orbi
952 2187 1164 2220 terrarum
1201 2180 1317 2221 utilis
1350 2181 1441 2221 vita
1475 2181 1620 2222 futura

152 2263 257 2308 erat,
300 2256 509 2309 quamdiu
563 2269 662 2296 cum
710 2254 884 2296 Christo
945 2254 1131 2304 fuerunt,
1183 2269 1464 2296 communem
1516 2256 1618 2296 vitre

155 2332 371 2373 rationem
425 2331 561 2371 secuti
613 2336 725 2379 sunt,
780 2329 908 2369 nullis
954 2329 1211 2370 adstrictam
1259 2330 1447 2382 jejuniis,
1490 2329 1619 2370 nullis

154 2406 311 2447 studiis
344 2404 637 2458 asperioribus
660 2403 869 2453 deditam,
895 2404 949 2443 de
978 2403 1044 2443 his
1067 2417 1169 2443 nam
1191 2403 1253 2444 ita
1277 2403 1476 2444 Christus
1499 2404 1618 2457 apud

155 2479 430 2520 Matthceum.
466 2482 489 2499 “
504 2478 733 2531 Numquid
756 2483 940 2531 possunt
959 2477 1033 2517 filii
1056 2479 1205 2531 sponsi
1227 2477 1387 2531 lugere,
1406 2479 1617 2531 quamdiu

153 2568 252 2595 cum
276 2554 358 2594 illis
381 2559 447 2594 est
469 2553 686 2606 sponsus?
746 2552 938 2592 Venient
970 2558 1119 2592 autem
1149 2553 1254 2602 dies,
1277 2566 1377 2594 cum
1400 2553 1621 2593 auferetur

154 2629 211 2669 ab
244 2629 304 2668 eis
337 2641 534 2681 sponsus,
558 2633 600 2667 et
622 2633 726 2667 tunc
751 2626 1077 2679 jejunabunt.''5
1140 2627 1210 2668 Ita
1243 2633 1285 2667 et
1318 2628 1361 2667 in
1396 2627 1619 2668 Societate

154 2703 360 2756 professis
401 2701 706 2753 veteranisque
757 2700 855 2753 plus
897 2701 1028 2741 datur
1069 2701 1111 2741 in
1149 2701 1326 2753 jejuniis
1368 2707 1411 2741 et
1452 2699 1620 2740 caeteris

249 2809 261 2828 ¹
287 2809 370 2842 Coll.
387 2817 416 2848 2,
432 2819 458 2840 c.
478 2815 524 2848 17.
619 2805 632 2825 Β
656 2808 693 2839 L.
709 2808 751 2839 de
768 2808 864 2840 Absr.
957 2807 971 2826 3
997 2809 1078 2849 Reg.
1097 2819 1185 2839 mon.
1203 2819 1229 2839 c.
1247 2808 1288 2839 sle
1304 2812 1404 2847 temp.
1424 2806 1524 2847 jejun.

559 2859 573 2878 4
597 2859 635 2890 L.
653 2860 694 2890 <le
710 2870 759 2891 co.
780 2860 857 2900 spir.
994 2859 1007 2878 ⁵
1032 2860 1152 2890 Matth.
1174 2868 1202 2898 9.
