1903 3197
283 205 344 235 20
551 184 631 229 De
667 182 711 228 C
708 179 993 227 onstz'tution
999 194 1080 224 um
1121 175 1469 223 Observatione.

281 322 425 367 Porro,
468 316 587 369 quod
631 311 906 355 13611131611151
949 311 1055 351 dicit
1098 304 1192 350 esse
1239 306 1572 360 blasphemiam,
1607 304 1749 357 Chry-

283 400 503 434 sostomus
537 391 643 430 dicit
678 402 772 429 esse
807 385 970 427 diaboli
1005 399 1126 438 opus,
1152 397 1240 424 non
1275 382 1417 422 solum
1453 379 1635 419 minima
1673 379 1748 418 sed

283 469 415 509 etiarn
458 464 749 506 indifferentia
792 467 1100 505 contemnere;
1144 459 1248 510 quia
1286 470 1342 495 ex
1386 456 1448 494 eis
1485 458 1753 506 generantur

285 555 445 594 magna
488 539 613 579 mala.
678 537 865 589 Signum
907 540 973 574 est
1015 539 1163 573 autem
1201 530 1393 570 hominis
1430 525 1758 581 non-timentis

286 618 432 656 Deum
468 604 650 653 minima
684 610 933 663 negligere:
967 621 1068 647 nam
1099 606 1173 658 qui
1196 606 1324 645 timet
1359 604 1517 649 Deum,
1543 600 1752 653 Ephrzem

287 690 437 741 inquit,
470 686 576 726 nihil
614 684 823 738 negligit;
858 682 933 722 sed
978 681 1161 720 minima
1197 691 1385 730 quaeque
1422 674 1666 728 perpendit,
1700 687 1754 713 ne

289 764 517 804 dominum
542 773 668 800 suum
693 757 899 798 offendat,
948 755 1145 806 Ideoque
1169 750 1338 792 David2
1360 751 1539 791 beatum
1563 747 1759 801 appellat

288 839 439 884 virum,
483 836 557 887 qui
600 834 726 873 timet
770 831 1024 877 Dominum,
1063 827 1271 880 qnoniam
1315 827 1358 865 in
1402 823 1623 864 mandatis
1665 822 1758 874 ejus

290 912 408 952 *colet
450 909 590 949 nimis.
655 906 810 951 Nimis,
849 904 975 952 dixit,
1014 916 1113 942 cum
1158 901 1351 953 quadam
1396 899 1530 939 animi
1573 909 1759 950 propen-

291 988 423 1033 sione,
456 990 504 1023 ut
546 987 671 1022 notat
715 979 937 1025 Basilius3
982 978 1083 1028 quia
1126 976 1200 1027 qui
1243 974 1354 1014 tales
1397 979 1509 1020 sunt,
1549 972 1760 1012 mandata

295 1061 379 1100 Dei
414 1058 698 1098 vehementer
733 1057 961 1093 assertant.

385 1131 544 1184 Quoad
579 1128 830 1168 secundum.
895 1124 1099 1163 Alterum
1132 1122 1251 1174 quod
1285 1121 1340 1160 ad
1374 1120 1559 1160 Modum
1592 1133 1765 1159 servan-

298 1208 451 1247 darum
498 1202 875 1244 Constitutionum
929 1198 1129 1251 pertinet,
1174 1202 1248 1241 est,
1297 1202 1344 1234 ut
1396 1195 1558 1234 amoris
1610 1194 1763 1246 spiritu

300 1279 561 1333 procedatur
584 1277 626 1315 in
658 1275 707 1314 iis
730 1272 965 1319 servandis,
991 1270 1368 1323 quemadmodum
1391 1268 1607 1321 proximis
1639 1273 1769 1307 antea

300 1353 442 1394 verbis
466 1349 735 1391 Constitutio
759 1348 873 1388 dicit.
942 1346 1041 1385 Hoc
1065 1345 1181 1384 enim
1205 1344 1324 1395 qnod
1357 1342 1427 1382 hic
1451 1342 1618 1387 dicitur,
1642 1345 1772 1381 “om-

303 1442 379 1467 nes
415 1424 634 1466 constanti
673 1423 821 1462 animo
860 1416 1205 1466 incumbamus,''
1237 1432 1293 1457 ex
1337 1416 1553 1469 proximis
1596 1416 1771 1468 pendet,

305 1501 429 1553 quasi
464 1498 723 1539 constantiae
762 1509 892 1536 causa
923 1495 978 1534 sit
1016 1494 1194 1546 spiritus
1232 1492 1402 1532 amoris
1466 1491 1609 1530 Aiunt
1644 1490 1772 1538 enim,

307 1580 326 1596 “
344 1581 386 1614 et
416 1579 464 1613 ut
496 1574 538 1612 in
569 1572 721 1624 spiritu
754 1569 914 1609 amoris
937 1574 980 1608 et
1010 1581 1096 1607 non
1127 1580 1225 1606 cum
1257 1565 1585 1618 perturbatione
1607 1564 1776 1604 timoris

309 1647 581 1702 procedatur,
616 1644 858 1685 curandum
893 1647 968 1689 est,
1003 1642 1063 1681 ita
1101 1646 1147 1680 111
1185 1653 1338 1679 01111165
1372 1639 1590 1678 constanti
1629 1638 1776 1678 animo

309 1719 652 1763 incumbamus.”
734 1718 902 1757 Amore
955 1716 1086 1768 igitur
1131 1715 1250 1754 ducti
1303 1714 1345 1752 in
1401 1713 1778 1753 Constitutionum

310 1798 504 1838 studium
537 1795 749 1834 debemus
781 1791 1044 1837 incumbere,
1069 1789 1188 1828 omni
1222 1787 1363 1827 servili
1397 1793 1515 1826 metu
1550 1800 1600 1826 ae
1623 1787 1780 1826 timore

314 1870 513 1911 sublato:
566 1867 685 1920 quod
729 1872 771 1905 et
814 1880 869 1905 ex
913 1869 1037 1916 parte
1081 1875 1243 1909 eorum,
1283 1862 1356 1913 qui
1400 1866 1605 1913 prresunt,
1644 1866 1688 1900 et
1725 1873 1781 1899 ex

316 1951 439 1998 parte
481 1956 642 1987 eorum,
686 1941 759 1992 qui
803 1944 968 1992 parent,
1013 1937 1255 1976 curandum
1300 1948 1394 1974 esse
1433 1934 1782 1974 Constitutiones

317 2017 592 2071 significantg
627 2021 670 2055 et
691 2014 760 2054 hic
785 2019 828 2052 et
852 2013 1001 2052 Const.
1020 2011 1062 2050 P.
1079 2011 1116 2050 6.
1133 2025 1164 2049 e.
1182 2021 1218 2061 9.
1237 2009 1308 2048 ubi
1333 2007 1488 2048 nolunt
1511 2021 1780 2059 quemquam

318 2094 373 2133 ad
416 2096 646 2144 peceatum
690 2087 826 2126 ullum
869 2085 1092 2137 obligare:
1145 2090 1188 2122 et
1231 2083 1331 2122 ideo
1373 2083 1446 2133 qui
1489 2081 1558 2120 vel
1601 2095 1674 2120 eas
1715 2081 1783 2120 vel

319 2167 516 2206 ordinem
539 2162 713 2203 vivendi
742 2165 896 2207 servat,
922 2172 1008 2198 non
1038 2157 1206 2209 peceati
1237 2162 1356 2195 metu
1381 2155 1457 2194 sed
1490 2155 1572 2194 Dei
1603 2155 1784 2194 caritate

320 2252 491 2280 servare
513 2237 645 2277 debet
664 2250 672 2285 ;
705 2241 748 2274 et
781 2235 822 2273 in
846 2247 897 2273 eo
920 2233 1051 2272 etiam
1084 2231 1341 2283 Superiores
1363 2229 1588 2269 elaborare
1610 2229 1782 2269 debent.

324 2314 412 2356 Sed
464 2313 508 2352 in
551 2324 638 2363 quo
679 2309 859 2349 tandem
902 2308 1010 2347 situs
1052 2311 1118 2344 est
1168 2304 1238 2343 1116
1281 2303 1434 2343 amor?
1516 2303 1690 2355 Nempe
1742 2303 1785 2343 in

324 2386 577 2440 expetenda
595 2397 646 2424 ac
663 2381 956 2423 desideranda
973 2379 1239 2432 perfectione
1258 2393 1265 2428 3
1290 2378 1350 2417 ita
1369 2384 1415 2417 ut
1436 2377 1786 2417 Constitutiones

324 2467 506 2509 nostras,
539 2470 805 2509 omnemque
844 2454 1038 2495 Instituti
1077 2453 1212 2493 nostri
1250 2451 1475 2499 rationem,
1509 2451 1791 2504 perfeetionis

326 2548 474 2576 amore
511 2545 747 2579 servemus,
785 2543 872 2569 non
905 2527 1069 2581 poenali
1108 2532 1227 2566 metu
1259 2539 1309 2565 ac
1348 2524 1580 2564 formidine
1617 2538 1792 2577 poenae:

327 2615 430 2650 sunt
455 2609 571 2649 enim
602 2606 686 2646 illze
720 2603 999 2657 perfeetionis
1031 2600 1341 2653 comparandae
1370 2599 1465 2648 vise,
1495 2599 1626 2651 juxta
1661 2599 1793 2638 Insti-

329 2684 412 2725 tuti
455 2682 590 2723 nostri
633 2679 858 2720 rationem.
943 2677 1002 2715 Et
1044 2675 1204 2714 idcirco
1247 2674 1459 2721 subditur,
1502 2674 1545 2712 in
1589 2672 1791 2713 absoluta

329 2758 527 2798 omnium
545 2752 922 2796 Constitutionum
946 2749 1263 2796 observatione,
1282 2751 1357 2787 “ut
1377 2747 1480 2787 nihil
1500 2746 1788 2800 perfectionis,

333 2832 452 2884 quod
475 2831 623 2871 divina
639 2827 781 2881 gratia
799 2825 1005 2877 consequi
1027 2824 1256 2877 possimus,
1276 2828 1318 2863 et
1341 2822 1570 2875 peculiaris
1595 2821 1790 2862 Instituti

611 2916 624 2937 ¹
649 2918 711 2959 Ep.
728 2917 771 2949 ad
796 2916 910 2957 Epip.‚
930 2925 956 2946 c.
977 2922 1008 2954 9,
1028 2913 1116 2945 hom.
1142 2919 1190 2953 17.
1328 2911 1340 2930 ²
1366 2913 1416 2944 Ps.
1440 2920 1509 2943 111.
