1903 3197
375 157 455 203 De
486 158 834 204 anteverc‘endz's
868 161 1219 207 tentationibus.
1437 162 1526 218 187

68 289 206 341 “quia
247 289 517 329 adversarius
549 295 696 329 noster
736 290 948 338 diabolus,
982 297 1210 343 tamquam
1249 291 1316 331 leo
1349 292 1523 344 rugiens

68 363 229 411 circuit,
268 376 467 414 quaerens
497 377 627 415 quem
661 363 891 403 εὶθν()ι·θῖ.”1
925 364 1056 416 Quod
1090 365 1270 416 perinde
1308 372 1372 405 est
1404 379 1455 405 ac
1487 365 1520 405 si

67 435 257 476 diceret:
291 436 566 476 Antevertite
592 437 684 488 ejus
712 437 892 477 insidias
922 451 971 477 ac
993 438 1269 483 tentationes,
1302 438 1517 478 tantidem

69 510 184 548 enim
227 515 291 549 est
323 510 427 549 illud
461 510 710 562 “vigilate’'
773 510 888 551 Octo
930 518 1077 551 autem
1116 525 1173 550 ex
1205 511 1270 550 his
1312 511 1520 563 Apostoli

66 582 208 622 verbis
245 583 473 623 observare
509 584 551 622 in
589 584 765 624 diabolo
803 584 913 633 licet,
950 599 1024 624 cur
1060 599 1085 624 a
1122 585 1247 624 nobis
1284 585 1339 624 sit
1382 590 1521 624 metu-

69 656 217 704 endus,
242 662 285 695 et
318 657 437 695 omni
470 657 604 696 animi
638 658 885 710 provisione
917 659 1147 698 cavendus.

157 729 348 768 Primum
371 736 446 777 est,
471 731 573 782 quia
595 731 864 771 adversarius
891 737 1037 771 noster
1059 737 1134 771 est.
1199 730 1385 783 Semper
1406 730 1521 769 enim

69 801 192 841 nobis
234 802 497 851 adversatur,
541 810 588 843 ut
630 817 853 856 nunquam
896 806 978 845 tuti
1031 819 1124 844 esse
1166 804 1417 857 possimus:
1470 816 1521 843 ac

68 882 299 928 propterea
331 876 532 916 hebraice
565 878 809 918 “satanas''
841 879 981 918 dictus
1015 884 1090 925 est,
1122 879 1203 918 hoc
1230 884 1295 918 est
1322 878 1541 917 adversa--

68 949 165 989 rius.
200 949 317 989 Nam
341 951 413 1002 qui
437 964 535 990 cum
562 952 658 991 Deo
687 951 850 991 bellum
877 958 1007 992 antea
1033 953 1223 1005 gerebat,
1248 957 1401 1004 postea
1424 964 1523 991 cum

68 1022 320 1062 hominibus
362 1024 609 1064 inimicitias
651 1026 873 1074 exercuit;
919 1031 961 1065 et
998 1039 1096 1065 cum
1136 1025 1338 1065 invadere
1376 1025 1522 1064 Deum

67 1110 155 1136 non
197 1104 355 1149 posset,
397 1098 513 1137 virus
560 1098 601 1137 in
640 1112 717 1138 nos
760 1113 849 1139 sure
892 1099 1186 1151 improbitatis
1228 1099 1431 1146 evomuit,
1477 1103 1524 1137 ut

65 1171 188 1210 aiunt
226 1170 466 1222 Dionysius
498 1171 783 1224 Areopagita,
816 1179 859 1212 et
891 1172 933 1213 S.
969 1171 1185 1212 Basilius.'2
1248 1173 1338 1212 Leo
1371 1179 1522 1212 tamen

65 1243 185 1295 Papa
221 1258 277 1283 ex
321 1245 483 1284 invidia
521 1246 733 1285 dzemonis
775 1251 891 1285 ortas
930 1260 1023 1285 esse
1060 1247 1171 1285 inter
1205 1260 1283 1285 nos
1316 1252 1359 1285 et
1396 1245 1518 1285 illum

67 1316 317 1356 inimicitias
349 1316 531 1356 asserit.3
575 1319 725 1357 “Haec
754 1319 871 1358 enim
894 1319 1006 1359 inter
1038 1320 1151 1367 nos‚''
1176 1320 1327 1371 inquit,
1357 1322 1525 1370 “atque

66 1389 162 1428 illos
204 1403 280 1441 per
321 1389 548 1431 diabolicae
591 1392 764 1431 invidiae
802 1391 1000 1432 fomitem
1038 1393 1277 1432 inveterata
1311 1392 1523 1431 dissensio

67 1468 144 1511 est,
168 1469 215 1502 ut
237 1462 339 1514 quia
373 1463 432 1502 illi
467 1463 523 1502 ab
557 1464 607 1502 iis
645 1464 770 1503 bonis
805 1466 1063 1504 exciderunt
1095 1465 1151 1504 ad
1181 1479 1279 1517 quae
1315 1478 1393 1504 nos
1426 1465 1524 1504 Deo

67 1536 311 1576 auxiliante
366 1536 657 1589 provehimur,
706 1540 863 1578 nostris
911 1538 1298 1590 justificationibus
1349 1544 1524 1590 torque-

67 1608 228 1650 antur.’'
304 1611 411 1650 Ideo
454 1611 586 1663 igitur
628 1612 753 1651 nobis
800 1612 1000 1652 diabolus
1052 1612 1314 1652 adversatur.
1392 1612 1525 1651 Porro

67 1683 254 1736 ipsemet
289 1684 331 1723 id
370 1684 415 1724 B.
443 1685 660 1724 Martinus
694 1685 916 1726 confessus
951 1692 1026 1731 est,
1060 1700 1158 1726 cum
1197 1687 1234 1726 ci
1274 1686 1364 1726 fore
1398 1685 1525 1732 dixit,

67 1763 114 1797 ut
149 1771 410 1810 quocunque
444 1765 654 1810 pergeret,
679 1759 989 1799 adversaretur.

155 1831 374 1877 Alterum,
407 1845 482 1871 cur
514 1833 774 1872 metuendus
811 1834 867 1872 sit
903 1840 1091 1878 satanas,
1124 1839 1189 1873 est
1226 1834 1328 1885 quia
1360 1832 1525 1872 calum-

68 1906 212 1945 niator
234 1911 309 1946 est.
373 1905 587 1946 Diabolus
610 1906 826 1958 triplicem
858 1906 1124 1946 calumniam
1155 1907 1336 1946 adhibet
1367 1912 1414 1946 ut
1447 1920 1525 1946 nos

67 1979 234 2031 perdat.
271 1979 415 2018 Prima
437 1985 514 2024 est,
537 1980 641 2019 dum
667 1979 812 2019 Deum
843 1980 959 2032 apud
987 1994 1066 2019 nos
1095 1980 1137 2019 in
1167 1980 1374 2020 invidiam
1396 1984 1526 2020 vocat

68 2059 126 2101 ut,
162 2052 217 2092 ab
248 2066 299 2091 eo
329 2053 479 2099 aversi,
510 2066 751 2105 pereamus.
815 2053 888 2094 Sic
909 2054 1061 2106 primis
1089 2054 1355 2106 parentibus,
1379 2054 1527 2094 Deum

70 2125 394 2174 calumniando,
437 2126 576 2166 dixit:
623 2126 957 2179 “Nequaquam
1001 2127 1258 2175 moriemini,
1288 2127 1368 2167 scit
1409 2127 1533 2167 enim-

69 2199 193 2239 Deus
237 2200 367 2251 quod,
408 2199 449 2238 in
492 2213 770 2252 quacumque
811 2199 882 2240 die
923 2200 1212 2248 comederitis,
1257 2200 1374 2240 eritis
1415 2200 1527 2240 sicut

71 2271 213 2313 Dii.''4
255 2272 314 2312 Et
342 2272 429 2324 Job
459 2273 575 2312 dixit
601 2273 808 2313 nuntius:
843 2274 962 2327 Ignis
992 2274 1076 2314 Dei
1100 2273 1256 2314 cecidit
1285 2287 1308 2313 e
1337 2273 1460 2322 coelo,
1484 2279 1528 2314 et

70 2359 173 2386 oves
204 2359 451 2399 puerosque
482 2345 797 2399 consumpsit;5
835 2353 877 2387 et
899 2348 1017 2400 apud
1048 2354 1203 2400 gentes
1234 2346 1525 2388 calumniatus

68 2426 134 2460 est
158 2420 315 2468 Deum,
334 2421 440 2460 dum
460 2420 576 2460 Eum
599 2434 686 2460 non
703 2420 865 2461 habere
883 2422 1204 2474 providentiam
1222 2435 1364 2462 rerum
1382 2421 1527 2462 inferi-

69 2507 192 2534 orum
211 2494 420 2534 mentitus
439 2501 515 2542 est,
535 2494 683 2547 eisque
701 2496 855 2535 eadem
874 2509 1006 2536 causa
1023 2495 1162 2536 multa
1178 2496 1284 2535 vitia
1300 2495 1526 2548 persuasit,

68 2573 118 2608 ut
139 2568 200 2608 ait
224 2568 596 2621 Chrysostomus.⁰
640 2570 890 2612 Secundam
914 2570 1180 2611 calumniam
1203 2569 1395 2618 adhibet,
1419 2570 1524 2609 dum

68 2642 360 2683 calumniatur
391 2643 591 2684 homines
625 2645 742 2698 apud
780 2645 938 2694 Deum,
968 2651 1016 2686 ut
1048 2645 1146 2697 Job,
1174 2644 1230 2684 de
1263 2657 1351 2696 quo
1385 2642 1526 2682 dixit:

68 2716 337 2768 “Numquid
379 2717 464 2768 Job
507 2718 644 2770 gratis
685 2718 799 2760 colet
837 2718 1050 2759 Deum?”
1115 2717 1418 2759 Calumniatus
1461 2721 1538 2756 est-

177 2828 189 2847 1
216 2839 229 2860 1
257 2830 343 2862 Petr.
365 2836 393 2871 5.
488 2830 500 2849 ²
525 2832 566 2863 In
586 2833 666 2873 Job.
685 2841 713 2864 2.
806 2832 820 2852 3
846 2835 912 2866 Ser.
939 2843 964 2865 1.
985 2834 1027 2865 de
1050 2833 1147 2875 quad.
1241 2831 1254 2849 ⁴
1278 2831 1361 2863 Gen.
1384 2838 1411 2871 3.

441 2881 454 2900 ⁵
475 2883 552 2923 Job·
576 2891 603 2915 1.
739 2883 752 2902 ⁶
777 2885 880 2916 Hom.
901 2894 930 2916 2.
951 2886 994 2916 in.
1015 2893 1045 2915 2.
1063 2884 1149 2915 adm.
