1903 3197
287 173 302 203 1
315 159 378 216 84
599 157 678 203 De
710 156 900 203 ratione
934 157 1127 204 vivendi
1161 157 1421 205 Socz'etatz's.

276 290 376 343 Job‚
404 303 535 342 quem
567 295 742 331 satanas
771 291 898 344 petiit
928 298 975 332 ut
1004 296 1206 332 tentaret.
1271 291 1381 343 Ejus
1413 290 1528 330 enim
1558 292 1745 332 tentatio

280 377 368 404 non
404 364 530 404 unius
565 370 640 404 aut
673 364 848 405 alterius
884 366 1046 406 mensis
1079 365 1169 415 fuit,
1205 365 1282 405 sed
1319 377 1546 413 annorum,
1580 370 1628 405 ut
1662 371 1747 405 tes-

277 443 428 479 tantur
461 438 612 479 Patres
645 439 778 492 aliqui
822 440 993 490 Graeci5
1046 446 1090 480 et
1121 446 1236 480 certe
1281 438 1638 492 Olympiodorus‚
1672 441 1747 492 qui

280 513 324 552 in
361 513 448 565 J0b
485 513 668 567 scripsit,
706 519 876 567 septem
914 528 1054 554 annos
1092 514 1245 554 asserit
1283 526 1382 553 eum
1421 513 1464 553 in
1501 514 1747 554 tentatione

279 587 509 639 peregisse.
575 588 663 629 Sed
701 587 801 628 vide
838 602 893 628 ex
930 587 1235 640 Chrysostomi
1273 584 1444 635 verbis}
1477 600 1609 639 quam
1652 601 1748 640 per-

277 658 480 700 tinaciter
525 660 700 701 haeserit
747 668 914 702 satanae
960 662 1213 714 importuna
1256 661 1453 701 tentatio.
1519 659 1745 711 “Gravis,‘’

281 732 434 786 inquit,
460 734 550 774 “illi
573 735 734 775 accidit
763 735 941 775 amissio
974 734 1221 783 liberorum,
1245 735 1321 774 sed
1345 742 1493 775 tamen
1517 735 1745 787 tragoediae

278 806 380 847 huic
403 809 539 848 atroci
563 809 720 849 acerba
743 809 828 849 alia
851 808 1191 862 prcestolabatur
1211 809 1410 857 atrocior,
1431 822 1510 848 nec
1533 808 1621 848 ulla
1643 808 1749 848 data

281 882 523 935 respirandi
547 882 767 931 facultate,
785 896 839 922 en
862 883 941 922 tibi
959 883 1173 922 vermium
1197 883 1352 931 fontes,
1368 882 1532 922 tabifici
1554 882 1750 922 humoris

282 956 420 1006 rivuli,
458 956 594 996 sessio
637 956 679 995 in
722 955 1016 1008 sterquiliniis,
1059 956 1174 995 latus
1215 955 1408 995 lacerans
1451 961 1576 1004 testa,
1621 955 1752 996 foetor

282 1029 476 1070 ulcerum
520 1030 637 1070 unde
681 1029 774 1069 lues
826 1029 900 1069 illa
942 1030 1212 1082 erumpebat,
1260 1043 1339 1069 nec
1381 1029 1639 1082 attingendi,
1677 1030 1751 1081 qui

283 1103 420 1144 oculis
457 1102 642 1155 subjecti
682 1110 816 1152 erant,
845 1103 966 1144 cibos
1003 1109 1201 1157 potestas
1234 1103 1380 1152 fiebat,
1415 1104 1597 1156 ipsaque
1629 1109 1754 1156 peste

283 1182 376 1219 erat
399 1176 529 1217 foetor
551 1177 622 1217 ille
646 1177 900 1229 molestior3
934 1177 1067 1230 idque
1097 1191 1184 1217 non
1208 1177 1453 1227 duodecim,
1477 1191 1564 1218 non
1586 1178 1754 1231 viginti,

286 1263 373 1291 non
396 1256 573 1291 centum
617 1251 720 1300 dies,
765 1251 842 1291 sed
887 1251 1048 1292 multos
1091 1264 1271 1291 menses.
1358 1251 1584 1304 Perpende
1625 1252 1758 1304 igitur

286 1325 679 1378 importunitatem.
762 1325 829 1365 At
872 1324 1232 1378 Olympiodorus,
1276 1331 1323 1365 ut
1364 1326 1472 1375 dixi,
1516 1326 1558 1365 in
1601 1331 1757 1367 catena

288 1397 443 1440 Graeca
480 1405 651 1452 septem
690 1412 828 1440 annos
866 1400 929 1440 ait
964 1399 1050 1451 Job
1088 1399 1232 1452 plagae
1266 1399 1554 1440 acerbitatem
1593 1400 1755 1449 tulisse,

286 1487 450 1524 verum,
484 1474 693 1526 quoniam
738 1475 783 1522 is,
819 1479 867 1514 ut
908 1479 1011 1514 ante
1052 1473 1160 1522 dixi,
1193 1473 1400 1514 diuturna
1441 1474 1759 1514 exercitatione

288 1560 340 1589 ac
377 1547 666 1587 meditatione
704 1561 750 1588 se
787 1553 1130 1600 comparaverat,
1169 1547 1440 1600 pertinacem
1484 1554 1652 1588 satanae
1695 1548 1758 1588 in-

288 1621 451 1662 sultum
485 1621 866 1674 tentationemque
900 1621 1130 1675 superavit.
1193 1621 1315 1661 Talis
1343 1622 1475 1662 etiam
1506 1622 1759 1675 importuna

290 1696 478 1737 tentatio
511 1696 593 1736 fuit
626 1695 709 1745 illa,
734 1709 820 1748 qua
853 1696 1096 1736 monachus
1125 1696 1305 1748 quidam
1336 1697 1454 1749 apud
1486 1696 1760 1747 Cassianum,

291 1775 393 1824 post
415 1770 666 1822 quindecim
689 1783 905 1810 annorum
936 1783 1145 1823 pugnam,
1170 1771 1307 1823 stupri
1340 1771 1503 1810 crimen
1534 1771 1712 1812 incurrit
1731 1770 1765 1822 ;2

290 1849 334 1885 et
372 1843 457 1892 illa,
497 1858 585 1896 qua
623 1844 864 1885 monachus
900 1845 1022 1894 alius,
1061 1850 1163 1898 post
1203 1844 1427 1885 assiduum
1471 1846 1764 1898 quadraginta

290 1931 507 1959 annorum
551 1925 773 1959 certamen
811 1933 911 1959 cum
953 1919 1164 1972 pertinaci
1209 1919 1423 1969 daemone,
1463 1920 1506 1959 in
1543 1919 1764 1961 fornicati-

293 2005 424 2033 onem
448 1991 629 2033 tandem
660 1993 823 2042 incidit,
848 1999 895 2033 ut
925 1993 1126 2033 scribitur
1148 1994 1191 2033 in
1213 1994 1314 2033 vitis
1344 1991 1554 2033 Patrum.3
1615 1992 1764 2046 Quare

291 2080 391 2108 cum
426 2066 731 2119 hujuscemodi
765 2068 1035 2108 tentationes
1068 2081 1124 2108 ex
1158 2081 1236 2107 sua
1269 2073 1423 2108 natura
1450 2068 1538 2107 vim
1571 2067 1765 2108 habeant

293 2140 599 2194 prosternendi
622 2140 822 2181 homines
845 2141 913 2181 vel
931 2140 1149 2194 perfectos
1167 2155 1218 2181 ac
1235 2147 1421 2190 sanctos,
1440 2140 1565 2181 facile
1581 2140 1683 2181 hinc
1702 2142 1763 2180 in-

295 2213 434 2267 telligi
458 2219 616 2267 potest,
640 2220 807 2266 quanta
825 2215 881 2254 sit
903 2215 1139 2254 necessitas
1162 2216 1429 2255 tentationes
1451 2215 1763 2255 antevertendi.

384 2286 592 2328 Secundo
645 2301 702 2327 ex
754 2287 1055 2328 imbecillitate
1098 2288 1230 2328 etiam
1274 2288 1566 2328 humanarum
1607 2288 1763 2329 virium

296 2360 442 2414 colligi
464 2366 613 2413 potest
636 2360 902 2400 tentationes
926 2361 1229 2401 antevertendi
1253 2362 1498 2402 necessitas.
1549 2361 1765 2414 Quamvis

297 2435 413 2476 enim
438 2434 707 2475 tentationes
740 2434 845 2487 ipsae
877 2448 965 2475 non
995 2440 1141 2475 essent
1163 2434 1405 2476 admodum
1427 2448 1592 2488 graves,
1616 2441 1766 2475 tamen

297 2515 423 2551 tanta
467 2515 535 2549 est
576 2508 807 2549 infirmitas
850 2514 1097 2549 nostrarum
1135 2509 1304 2557 virium,
1344 2515 1392 2549 ut
1428 2509 1496 2549 vel
1533 2509 1765 2550 levissimae

299 2582 521 2623 interdum
564 2583 796 2623 tentationi
839 2583 1107 2624 succumbat.
1192 2583 1399 2624 Declarat
1435 2583 1548 2624 hanc
1590 2582 1768 2623 infirmi-.

300 2662 440 2697 tatem
479 2656 641 2710 triplex
681 2657 964 2710 experientia.
1030 2658 1176 2698 Prima
1212 2664 1278 2699 est
1316 2663 1474 2707 nostra,
1513 2672 1601 2711 qua
1636 2669 1769 2697 unus-

301 2731 487 2785 quisque
517 2737 715 2772 nostrum
752 2732 978 2785 experitur
1000 2746 1144 2785 quam,
1172 2733 1403 2783 interdurn,
1436 2732 1504 2774 vel
1536 2731 1768 2773 levissima-3

302 2818 369 2846 res
404 2819 484 2846 nos
518 2807 784 2846 conturbent
818 2813 950 2860 atque
985 2810 1247 2848 concutiant.

387 2893 399 2914 ¹
425 2895 530 2929 Hom.
553 2896 596 2928 ad
621 2896 703 2938 Pop.
721 2896 801 2930 Ant.
918 2895 931 2914 2
956 2896 1041 2928 Coll.
1063 2896 1092 2930 8.
1114 2908 1140 2929 c.
1164 2898 1210 2930 16.
1326 2898 1339 2916 ³
1364 2898 1394 2928 V
1397 2898 1429 2930 it.
1454 2897 1513 2931 SS.
1536 2897 1680 2929 Patrum.
