1903 3197
411 150 490 194 De
522 149 775 195 delationis
808 148 1103 208 defficultate.
1404 159 1493 207 147

33 282 304 325 constitutio
341 288 488 322 autem
522 280 742 320 neminem
780 279 957 332 excipit,
991 293 1066 319 seu
1103 293 1237 332 quem
1275 278 1497 332 religionis

35 356 285 409 antiquitas,
335 369 410 395 seu
462 368 592 407 quem
645 352 836 406 dignitas
901 352 1184 402 Praelationis,
1234 366 1310 393 seu
1361 366 1496 406 quem

37 430 282 471 sanctitatis
304 428 585 469 commendet
608 427 778 480 opinio;
812 426 918 466 dicit
949 426 1087 465 enim:
1124 425 1370 466 Contentus
1401 439 1497 467 esse

30 504 221 556 quisque
263 503 403 543 debet.
469 502 527 542 Et
561 501 634 553 qui
684 500 808 540 initio
851 500 1152 552 interrogatur,
1186 499 1262 538 An
1299 498 1394 551 ejus
1436 499 1499 539 rei

33 583 268 618 contentus
295 577 463 616 futurus
496 576 580 616 sit?
616 575 658 614 in
691 587 822 614 omne
847 580 1024 626 tempus
1058 573 1351 624 interrogatur
1377 573 1498 624 quod

37 653 80 692 in
111 651 319 704 religione
341 650 618 690 traducturus
641 653 714 688 est.
780 646 928 699 Quare
950 647 1031 699 ipsi
1055 660 1230 699 quoque
1255 645 1498 698 Praeposiffi,

33 731 78 766 et
122 724 319 765 Praefecti
362 723 584 762 inferiores
626 721 788 761 debent
831 734 924 760 esse
965 721 1159 761 contenti
1203 726 1251 760 ut
1292 719 1348 759 ad
1395 732 1498 759 suos

34 798 223 839 vicissim
267 796 522 850 Superiores
559 796 820 836 deferantur.
886 794 985 834 Hoc
1024 801 1172 835 autem
1210 793 1327 833 haud
1366 792 1501 834 dubie

34 885 195 924 magna
227 870 482 910 difficultate
514 883 603 910 non
635 876 761 909 caret.
827 868 915 909 Sed
949 868 1158 920 quoniam
1191 867 1274 907 hoc
1318 879 1497 920 quoque

35 960 92 987 ex
126 945 281 985 eodem
314 944 529 997 superbiae
563 943 684 984 fonte
715 948 860 982 ortum
893 942 1040 991 habet,
1064 942 1119 982 ad
1158 941 1202 981 id
1234 941 1497 981 elevandum

36 1033 85 1060 ac
128 1018 372 1059 tollendum
411 1018 562 1057 eadem
608 1022 770 1070 praesto
813 1029 907 1056 esse
948 1016 1081 1056 debet
1121 1015 1358 1065 humilitas,
1395 1028 1498 1056 vera

33 1093 224 1145 inquam,
256 1091 523 1143 minimeque
544 1089 673 1142 ‚ficta,
702 1104 799 1142 quze
838 1089 942 1130 facit
974 1096 1021 1130 ut
1058 1088 1300 1129 delationes
1338 1089 1496 1141 aequis—

34 1166 146 1214 simo
183 1165 374 1205 feramus
412 1165 570 1205 animo.
640 1163 686 1204 Si
725 1163 841 1203 enim
871 1177 971 1203 vere
1006 1162 1194 1202 humiles
1230 1163 1377 1211 simus,
1409 1175 1498 1202 non

35 1238 177 1279 solum
219 1252 297 1278 nos
336 1238 453 1290 ipsos
489 1237 804 1285 accusabimus,
838 1237 956 1288 quod
999 1237 1193 1289 plerique
1236 1237 1377 1276 facere
1418 1249 1498 1277 suo

29 1312 126 1365 jam
167 1325 240 1352 ore
282 1324 369 1350 non
417 1310 657 1358 dubitant;
710 1309 786 1349 sed
839 1309 971 1349 etiam
1014 1316 1120 1357 tum,
1165 1323 1263 1349 cum
1307 1309 1363 1349 ab
1404 1309 1499 1349 aliis

36 1384 342 1426 accusabimur
387 1389 431 1424 et
476 1382 733 1431 deseremur,
777 1396 927 1422 eorum
975 1383 1326 1423 accusationibus
1374 1382 1500 1422 facile

34 1458 338 1506 concedemus,
363 1470 603 1509 eorumque
626 1457 854 1497 sententiae
885 1462 1079 1496 nostram
1110 1457 1308 1509 protinus
1339 1456 1499 1496 adscri-

35 1534 201 1574 bemus.

126 1606 191 1647 Ut
231 1605 348 1646 enim
390 1605 433 1644 in
478 1604 719 1645 Moralibus
763 1603 999 1656 Gregorius
1041 1605 1127 1644 ait:
1179 1604 1382 1644 “Multos
1425 1617 1501 1644 no-

34 1682 187 1731 vimus,
224 1681 299 1733 qui
330 1686 541 1733 arguente
574 1679 693 1720 nullo
724 1684 975 1732 peccatores
1007 1693 1053 1719 se
1083 1693 1177 1719 esse
1209 1679 1500 1729 confitentur3

36 1769 137 1796 cum
160 1768 261 1794 vero
284 1754 340 1794 de
362 1754 490 1806 culpa
513 1767 591 1793 sua
614 1753 772 1793 fuerint
795 1753 977 1792 fortasse
1010 1753 1208 1805 correpti,
1233 1752 1501 1793 defensionis

37 1827 329 1882 patrocinium
348 1832 551 1879 quaerunt
573 1840 626 1867 ne
648 1831 899 1879 peccatores
918 1839 1011 1865 esse
1027 1824 1311 1866 videantur.'’1
1340 1826 1502 1878 Super-

37 1903 122 1943 biae
155 1907 303 1941 autem
335 1900 491 1940 vitium
524 1906 600 1950 est,
633 1905 680 1939 ut
718 1900 834 1939 idem
866 1900 928 1939 ait
965 1900 1007 1939 in
1048 1899 1267 1947 Homiliis,
1301 1905 1348 1938 ut
1382 1898 1503 1950 quod

37 1976 93 2017 de
125 1989 172 2016 se
200 1975 325 2015 fateri
348 1975 533 2027 quisque
555 1974 678 2026 quasi
701 1980 857 2026 sponte
880 1974 1096 2025 dignatur,
1118 1973 1202 2014 hoc
1223 1974 1305 2013 sibi
1328 1973 1384 2013 ab
1406 1973 1504 2014 aliis

36 2050 121 2091 dici
164 2050 434 2103 dedignetur.
510 2048 564 2088 In
605 2048 880 2100 eandemque
916 2049 1180 2088 sententiam
1224 2047 1503 2090 Bernardus:

37 2122 225 2174 “Sunt‚”
254 2123 407 2176 inquit,
432 2122 541 2175 “qui
580 2128 761 2175 peccata
791 2136 870 2162 sua
900 2122 961 2162 sic
993 2121 1256 2162 confitentur
1288 2127 1336 2162 ut
1364 2121 1502 2163 videri

41 2203 220 2252 possent
252 2211 309 2238 ex
342 2196 558 2237 desiderio
590 2196 832 2236 mundandi
865 2195 1007 2236 cordis
1030 2195 1073 2235 id
1103 2208 1243 2248 agere,
1267 2195 1347 2235 nisi
1381 2195 1502 2249 quod

40 2285 104 2321 ea,
134 2285 233 2324 quae
266 2271 347 2323 ipsi
379 2275 537 2323 sponte
568 2269 720 2310 dicunt
750 2269 856 2318 aliis,
884 2269 941 2310 ab
973 2269 1068 2309 aliis
1102 2269 1321 2322 patienter
1352 2269 1504 2314 audire

42 2358 129 2386 non
159 2342 404 2398 possunt.”2
476 2342 697 2383 Nimirum
730 2343 774 2383 id
815 2343 952 2383 oritur
988 2357 1045 2383 ex
1082 2343 1185 2383 ficta
1221 2348 1265 2383 et
1298 2341 1503 2386 simulata

41 2418 302 2468 humilitate,
354 2431 441 2458 non
490 2431 592 2457 vera
642 2424 776 2469 atque
829 2430 1048 2469 germana.
1140 2415 1271 2470 Quod
1323 2416 1503 2470 quidem

44 2491 265 2532 Monacho
288 2491 348 2531 illi
370 2490 489 2544 apud
514 2490 774 2531 Cassianum
797 2490 1062 2543 exprobavit
1078 2489 1234 2534 Abbas
1259 2488 1508 2544 Serapion,3

40 2564 115 2618 qui
138 2577 356 2605 summam
378 2565 444 2604 sui
466 2564 759 2617 abjectionem
781 2563 932 2604 habitu
955 2564 1266 2617 praeseferebat
1283 2578 1333 2605 ac
1347 2564 1502 2614 verbis,

42 2652 224 2691 seseque
269 2639 403 2679 tantis
445 2638 667 2679 asserebat
707 2637 951 2679 involutum
993 2652 1088 2683 esse
1130 2639 1316 2692 flagitiis,
1360 2644 1408 2679 ut
1449 2651 1506 2678 ne

43 2725 170 2753 usum
213 2713 391 2765 quidem
440 2712 570 2764 hujus
611 2713 856 2757 communis
897 2714 1007 2756 aeris
1044 2727 1198 2766 capere
1241 2718 1505 2760 mereretur3

42 2798 145 2827 nam
180 2800 280 2827 cum
323 2800 401 2840 per
434 2786 607 2829 usitatae
641 2786 888 2830 collationis
924 2788 1199 2829 occasionem
1236 2786 1394 2826 Abbas
1435 2783 1507 2825 ille

107 2875 120 2918 ἓ
142 2876 218 2909 Lib.
238 2885 290 2910 22.
311 2888 338 2911 c.
363 2884 412 2920 15.
548 2876 562 2897 ²
586 2878 638 2912 De
657 2877 744 2910 Adv.
766 2877 866 2912 Dom.
889 2877 959 2914 Ser.
979 2887 1009 2922 4.
1116 2876 1129 2897 ³
1154 2876 1237 2910 Coll.
1262 2875 1309 2909 18.
1331 2885 1357 2908 c.
1381 2882 1430 2908 11.

207 2937 243 2971 K
274 2941 301 2972 2
