1903 3197
536 157 615 203 De
647 162 774 202 recta
808 157 1076 203 intentione.
1444 169 1467 199 2
1475 169 1537 212 49

80 291 153 331 ille
190 291 263 344 qui
305 290 412 331 dicit
453 288 571 328 fratri
613 301 718 339 suo;
757 288 930 328 dimitte
966 294 1014 328 ut
1049 287 1202 327 tollam
1241 287 1454 327 festucam
1485 285 1541 325 de

80 364 210 405 oculo
242 370 318 404 tuo
351 362 530 416 (scilicet
560 361 792 414 hypocrita
823 360 898 412 es),
921 374 1023 400 nam
1052 366 1229 413 propter
1249 360 1434 412 gloriam
1457 358 1540 398 hoc

84 437 226 478 facere
247 437 428 486 videtur,
452 441 500 475 ut
522 435 614 488 ipse
638 434 782 486 justus
813 447 907 473 esse
927 433 1152 483 videatur;
1185 432 1301 472 unde
1324 433 1360 472 ei
1383 432 1542 472 dicitur

82 524 109 551 a
133 511 345 551 Domino:
381 509 631 562 Hypocrita
653 508 762 560 ejice
783 507 973 560 primum
991 507 1161 546 trabem
1184 507 1239 545 de
1261 505 1387 545 oculo
1410 504 1542 545 tu0.''1

87 584 207 638 Ergo
229 583 412 624 nimium
435 596 529 623 esse
550 580 788 635 proclivem
813 580 868 620 ad
892 580 1000 621 alios
1021 579 1312 631 corrigendos,
1333 577 1540 618 indicium

85 663 151 698 est
172 671 297 697 vanae
321 656 490 697 mentis.

174 729 393 783 Quartum
433 741 535 769 vero
573 727 781 767 indicium
823 732 890 767 est
929 725 1177 778 benignitas
1218 724 1545 777 compassionis,

86 802 200 855 quia,
232 807 280 842 ut
312 801 548 854 Gregorius
580 801 652 849 ait,
685 801 759 853 qui
792 800 933 840 bonus
964 805 1030 839 est
1061 799 1202 847 corde,
1233 797 1448 849 benignus
1480 801 1547 836 est

85 876 399 929 compassione.
462 873 724 914 Tenendum
756 879 822 914 est
850 877 1010 921 autem,
1034 871 1152 924 quod
1182 884 1311 924 supra
1337 870 1545 919 diximus,

86 955 251 989 rectam
284 954 478 989 mentem
511 947 660 1000 aliquo
692 961 749 987 ex
782 946 865 986 illis
897 947 1033 986 tribus
1065 946 1279 986 bonorum
1313 943 1547 997 generibus

87 1022 336 1074 detorqueri
367 1035 418 1062 ac
450 1020 677 1074 depravari
708 1019 959 1073 voluptatIS,
992 1018 1331 1067 commoditatis,
1357 1016 1546 1057 honoris.

87 1094 177 1149 Qui
205 1100 354 1135 autem
382 1093 449 1134 his
479 1093 726 1147 quaerendis
756 1092 937 1132 minime
968 1092 1159 1132 intentus
1188 1097 1264 1141 est,
1287 1091 1364 1131 sed
1386 1090 1547 1130 divinae

85 1174 259 1210 tantum
290 1168 442 1221 gloriae
474 1167 774 1219 obsequioque
805 1171 924 1206 totus
955 1165 1114 1213 studet,
1137 1165 1172 1204 is
1198 1164 1315 1204 bona
1341 1163 1425 1213 illa,
1448 1175 1548 1215 quae

88 1241 294 1290 diximus,
331 1241 387 1281 ad
426 1240 535 1280 alios
571 1239 798 1293 pervenire
835 1238 961 1278 facile
997 1238 1173 1291 patitur,
1211 1238 1300 1277 imo
1337 1236 1549 1277 charitate

86 1314 279 1368 quadam
322 1313 537 1366 impulsus
574 1326 626 1352 ea
667 1311 836 1352 mavult
878 1311 983 1361 aliis,
1021 1324 1153 1363 quam
1190 1310 1272 1351 sibi
1310 1310 1401 1363 ipsi.
1475 1309 1549 1349 Ex

85 1387 169 1428 hac
206 1386 338 1440 igitur
374 1385 587 1426 charitate
624 1385 871 1438 benignitas
909 1384 1225 1438 compassionis
1263 1384 1408 1432 oritur,
1447 1382 1551 1434 quia

87 1474 190 1501 vera
225 1459 414 1500 charitas
451 1458 802 1512 compassionem
845 1458 992 1508 habet,
1029 1463 1078 1497 ut
1119 1457 1180 1497 ait
1223 1455 1470 1509 Gregorius,
1507 1460 1553 1495 et

85 1534 325 1586 benignam
362 1546 460 1573 eam
499 1532 658 1573 Paulus
695 1531 902 1585 appellat,
933 1538 981 1572 ut
1017 1545 1128 1584 quae,
1164 1530 1252 1570 suis
1284 1529 1552 1582 contemptis

90 1607 346 1656 commodis,
390 1607 433 1646 in
474 1619 626 1647 omnes
658 1605 856 1646 benefica
897 1610 971 1646 est.
1036 1605 1190 1645 Rectae
1226 1609 1374 1644 autem
1412 1603 1552 1643 inten-

87 1681 218 1723 tionis
248 1694 414 1729 nervus,
439 1686 487 1721 ut
518 1693 636 1733 saepe
665 1680 871 1729 diximus,
895 1679 1082 1719 charitas
1112 1685 1187 1719 est.
1252 1677 1417 1719 Contra
1436 1690 1551 1726 vero,

91 1755 165 1808 qui
200 1754 356 1808 quaerit
393 1767 491 1806 quae
528 1768 608 1793 sua
645 1759 757 1801 sunt,
803 1758 1036 1804 menteque
1073 1766 1208 1805 prava
1249 1758 1325 1801 est,
1367 1751 1552 1791 aliorum

91 1828 210 1869 nulla
242 1827 522 1868 miseratione
554 1827 758 1879 tangitur.
843 1826 1103 1878 Cujusmodi
1142 1832 1265 1865 erant
1306 1824 1471 1865 Scribae
1509 1829 1553 1864 et

91 1902 309 1951 Pharisaei,
328 1901 402 1953 qui
425 1900 668 1953 alligabant
689 1913 821 1940 onera
843 1900 992 1952 gravia
1014 1904 1057 1939 et
1079 1897 1386 1951 importabilia,
1406 1903 1450 1938 et
1472 1898 1553 1937 im-

91 1976 315 2029 ponebant
337 1975 380 2014 in
403 1974 609 2014 humeros
631 1973 880 2022 hominum;
913 1973 1051 2025 digito
1073 1978 1222 2012 autem
1244 1985 1323 2011 suo
1346 1971 1555 2011 nolebant

96 2062 147 2089 ea
188 2046 394 2088 movere.2
455 2047 550 2087 Nec
592 2047 761 2095 mirum,
805 2046 908 2099 quia
950 2046 1100 2086 omnia
1139 2058 1272 2098 opera
1314 2058 1403 2094 sua,
1444 2048 1557 2084 teste

95 2121 281 2170 Christo,
305 2121 526 2161 faciebant
548 2126 596 2160 ut
618 2120 674 2160 ab
695 2119 946 2160 hominibus
968 2119 1227 2159 viderentur.
1281 2117 1400 2170 Quid
1424 2117 1556 2170 igitur

95 2197 264 2245 mirum,
304 2195 338 2235 si
377 2195 497 2235 nulla
534 2209 607 2235 eos
646 2195 830 2234 aliorum
869 2194 1090 2234 miseratio
1127 2193 1340 2246 capiebat,
1371 2192 1446 2245 qui
1480 2204 1558 2232 sua

96 2283 269 2323 semper
302 2269 570 2322 quaerebant,
607 2268 730 2308 obliti
766 2269 862 2318 Dei,
898 2268 1021 2308 obliti
1055 2267 1391 2320 proximorum?

180 2342 396 2396 Quintum
420 2348 463 2383 et
492 2348 766 2395 postremum
792 2343 965 2395 signum
989 2347 1055 2381 est
1077 2340 1362 2380 immobilitas
1385 2339 1556 2387 mentis,

95 2424 184 2458 tam
217 2418 261 2457 in
291 2418 494 2467 adversis,
519 2430 652 2469 quam
683 2417 726 2456 in
756 2416 983 2469 prosperis.
1051 2414 1197 2467 Hujus
1224 2414 1334 2454 ratio
1356 2418 1432 2462 est,
1456 2413 1560 2465 quia

97 2491 172 2543 qui
214 2491 298 2531 Dei
339 2490 524 2544 gloriam
569 2490 735 2543 quaerit,
780 2491 822 2529 in
865 2503 952 2541 quo
994 2489 1078 2528 sita
1119 2495 1185 2528 est
1226 2493 1355 2528 rectae
1402 2486 1561 2527 mentis

96 2565 292 2613 intentio,
328 2564 542 2617 quidquid
578 2564 758 2613 accidat,
795 2577 881 2604 non
915 2563 1044 2603 valde
1078 2568 1212 2602 curat.
1287 2562 1409 2602 Deus
1442 2562 1557 2601 enim

99 2652 211 2679 unus
252 2638 334 2678 sibi
377 2639 458 2691 ipsi
496 2652 610 2679 curae
647 2644 723 2688 est,
760 2637 890 2690 hujus
931 2637 1119 2690 gratiam
1161 2649 1324 2688 magno
1358 2636 1560 2684 aestimat,

96 2717 311 2766 praeterea
344 2711 478 2763 nihil,
526 2725 699 2765 semper
732 2712 864 2764 igitur
896 2710 1010 2759 laeto,
1046 2723 1219 2762 semper
1251 2723 1378 2761 aequo
1413 2708 1560 2748 animo

97 2792 174 2827 est.
239 2785 370 2827 Cerni
405 2786 447 2826 id
480 2786 582 2826 licet
614 2786 658 2825 in
691 2792 842 2825 sancto
873 2785 970 2837 Job,
1007 2784 1080 2836 qui
1117 2783 1307 2836 simplex
1343 2789 1385 2823 et
1418 2787 1561 2822 rectus

518 2872 530 2892 1
556 2874 675 2906 Matth.
698 2881 726 2915 7.
908 2872 920 2891 ²
945 2873 1064 2904 Matth.
1082 2880 1133 2912 23.
