1903 3197
399 186 479 231 De
511 184 774 230 necessitate
806 182 1042 229 7720dcratz'
1073 180 1264 227 laboris.
1465 191 1557 237 425

96 320 268 368 Basilio,
292 319 365 370 qui
399 317 459 357 ait
491 328 740 356 mensuram
770 328 951 367 operum
983 328 1061 366 pro
1094 313 1305 365 cujusque
1335 311 1498 351 viribus
1530 324 1555 350 a

101 392 312 432 Praefecto
357 390 577 444 praescribi
625 386 853 441 oportere.1
915 388 974 427 Et
1019 387 1200 439 angelus
1247 387 1292 425 B.
1323 384 1558 425 Pachomio

97 466 156 507 sic
186 465 410 518 praecipit:
434 463 540 503 “Ne
569 462 666 515 plus
695 461 837 514 operis
869 460 1022 499 fratres
1055 459 1196 499 facere
1228 458 1562 511 compellantur,

98 539 174 579 sed
207 539 458 578 moderatus
491 536 614 576 labor
644 548 796 574 omnes
828 534 883 573 ad
916 532 1205 573 laborandum
1238 530 1479 584 provocet.¹’

184 612 349 652 Verum
378 611 448 650 hic
476 615 659 650 caveant
682 608 814 660 aliqui
848 620 901 646 ne
930 620 1020 646 suae
1051 605 1315 645 mollitudini
1346 604 1559 656 indulgeri

97 687 243 734 velint,
268 686 374 725 dum
401 684 583 724 nimium
610 683 805 723 laborem
829 682 982 721 obesse
1005 680 1257 733 corporibus
1280 679 1558 726 affirmamus,

100 763 367 814 credantque
418 761 602 800 nimium
655 765 698 799 et
749 757 1089 798 immoderatum
1151 756 1273 795 illum
1328 768 1432 804 esse,
1485 754 1559 807 qui

100 835 427 889 imponentibus
469 833 722 873 moderatus
764 838 807 872 et
839 831 1048 883 cujusque
1079 830 1244 870 viribus
1285 830 1390 869 satis
1432 835 1560 881 aptus

101 916 144 950 et
177 909 537 950 accommodatus
569 907 750 948 videtur.
826 905 1156 958 Imponentium
1187 904 1314 951 enim,
1346 916 1432 942 non
1462 902 1562 942 sub-

101 985 298 1025 euntium
321 983 453 1023 debet
475 995 569 1022 esse
593 981 818 1034 judicium,
842 979 983 1032 qualis
1006 978 1264 1019 statuendus
1286 978 1342 1017 sit
1364 976 1561 1016 laborum

104 1058 289 1107 modus3
336 1070 415 1096 nec
448 1069 549 1096 vero
583 1056 813 1108 imponent
845 1053 904 1093 illi
937 1053 1205 1105 plerumque,
1236 1051 1315 1090 nisi
1348 1056 1561 1103 quantum

103 1131 313 1184 cujusque
334 1130 447 1170 vires
479 1129 588 1169 ferre
619 1141 749 1181 posse
781 1141 858 1167 usu
893 1127 987 1179 ipso
1020 1125 1260 1166 didicerint.

277 1318 303 1373 ξ
336 1328 499 1359 2.—-DE
532 1326 865 1357 NECESSITATE
898 1324 1159 1356 MODERATI
1192 1323 1409 1354 LABORIS.

191 1419 291 1471 Jam
335 1417 453 1470 quod
497 1416 655 1456 attinet
692 1415 748 1455 ad
791 1415 1096 1455 necessitatem
1140 1413 1353 1453 moderati
1396 1412 1567 1459 laboris,

109 1492 377 1535 Constitutio
411 1496 560 1531 nostra
593 1490 711 1529 hunc
732 1495 944 1541 tanquam
977 1488 1266 1528 necessarium
1300 1487 1452 1538 exigit,
1481 1499 1570 1527 non

108 1566 249 1607 solum
300 1566 357 1606 ab
409 1566 460 1604 iis
511 1563 714 1604 fratribus
766 1563 840 1615 qui
893 1562 1082 1602 Marthae
1135 1561 1376 1613 funguntur
1416 1560 1569 1610 officio,

106 1654 257 1681 verum
300 1640 432 1679 etiam
475 1639 531 1678 ab
565 1638 625 1687 iis,
661 1638 735 1690 qui
778 1637 973 1677 animum
1016 1641 1059 1676 et
1100 1641 1294 1676 mentem
1333 1634 1569 1684 excolunt;

109 1715 217 1755 d-uas
248 1713 451 1754 videlicet
484 1713 540 1752 ob
578 1725 742 1760 causas,
778 1716 822 1752 et
858 1717 1036 1764 propter
1070 1710 1265 1750 animum
1308 1714 1351 1749 et
1392 1713 1571 1762 propter

108 1801 272 1841 corpus.

197 1862 408 1901 Dicamus
441 1860 559 1912 prius
588 1860 642 1899 de
671 1871 862 1911 corpore,
885 1858 1093 1910 quoniam
1117 1857 1171 1897 de
1203 1857 1296 1909 ejus
1317 1856 1568 1896 valetudine

112 1942 156 1976 et
188 1936 375 1975 sanitate
412 1947 527 1973 nunc
564 1934 733 1986 agitur,
771 1932 986 1985 posterius
1022 1937 1170 1971 autem
1208 1931 1264 1971 de
1300 1930 1457 1979 animo,
1483 1944 1570 1983 quo

110 2010 316 2050 libentius
353 2008 614 2060 suscipiatur
650 2006 780 2046 labor.
846 2005 1028 2059 Corpori
1064 2004 1244 2058 prodest
1275 2004 1401 2044 labor
1433 2004 1571 2044 tribus

110 2084 165 2123 de
206 2081 358 2122 causis.
442 2081 635 2120 Primum
678 2080 780 2132 quia
821 2092 977 2132 corpus
1019 2084 1207 2127 exercet,
1245 2083 1292 2117 ut
1329 2076 1571 2117 ambulatio

109 2163 152 2198 et
194 2156 238 2196 id
274 2169 413 2209 genus
445 2154 540 2194 aliae
574 2154 921 2202 exercitationes,
958 2152 1115 2205 quibus
1148 2151 1319 2191 nativus
1351 2151 1570 2191 excitatur

109 2231 236 2280 calor,
260 2243 339 2270 nec
360 2229 515 2268 sinitur
542 2241 699 2281 corpus
720 2226 888 2267 desidia
910 2240 960 2266 ac
982 2226 1065 2266 situ
1089 2226 1321 2266 tabescere.
1385 2223 1569 2264 Planum

110 2303 154 2344 id
197 2303 289 2343 fieri
330 2309 477 2356 potest
519 2303 561 2342 in
603 2302 730 2342 rebus
772 2301 905 2341 etiam
948 2299 1160 2349 inanimis,
1193 2312 1378 2352 quarum
1421 2298 1571 2339 multae

111 2378 195 2419 situ
230 2379 325 2431 ipso
359 2377 562 2430 squalent
594 2382 637 2416 et
672 2375 945 2425 hebetantur,
975 2379 1098 2414 motu
1131 2388 1176 2414 se
1208 2374 1314 2426 ipsae
1346 2378 1571 2422 tutantur;

111 2465 214 2492 nam
266 2451 425 2491 ferrum
477 2451 711 2504 gladiique,
757 2450 792 2489 si
844 2463 918 2489 eos
970 2463 1058 2489 non
1110 2461 1326 2496 exerceas,
1373 2447 1571 2499 rubigine

114 2524 373 2573 exeduntur,
417 2530 460 2564 et
511 2538 626 2577 aqua
676 2522 881 2564 conclusa
924 2522 1048 2563 facile
1088 2522 1389 2574 corrumpitur,
1432 2534 1571 2574 eaque

106 2611 210 2638 vero
254 2604 376 2638 motu
414 2603 545 2650 atque
594 2598 834 2650 agitatione
870 2611 916 2637 se
958 2598 1052 2650 ipsa
1092 2601 1269 2636 tutatur.
1335 2595 1423 2636 Sed
1468 2608 1570 2634 usus

106 2672 200 2723 ipse
242 2672 372 2711 docet
414 2677 580 2723 quanto
621 2671 780 2710 rectius
815 2670 991 2710 valeant
1034 2670 1072 2720 ii,
1112 2670 1185 2722 qui
1226 2669 1294 2709 vel
1336 2668 1568 2716 laboribus,

105 2743 174 2784 vel
209 2743 580 2784 ambulationibus
615 2749 659 2783 et
692 2744 861 2784 caeteris
894 2743 1146 2796 hujusmodi
1181 2741 1568 2782 exercitationibus

104 2817 261 2871 corpus
305 2823 523 2866 exercent,
577 2831 712 2869 quam
754 2817 829 2870 qui
879 2823 1022 2857 totum
1065 2817 1181 2856 diem
1226 2815 1380 2855 sedent
1431 2820 1474 2854 et
1525 2814 1567 2854 in

696 2904 710 2924 1
734 2906 844 2937 Ascet.
866 2916 892 2938 c.
913 2914 966 2946 43.
