1903 3197
406 166 486 212 De
506 164 720 226 propria
764 163 939 208 Salute
969 161 1237 223 quaerenda.
1494 174 1551 220 35

94 301 303 348 animum,
337 311 436 338 cum
471 309 559 336 non
593 300 767 335 tantum
801 294 974 333 virtutis
1006 293 1387 346 apprehendimus,
1417 305 1554 345 quan-

97 382 191 415 tum
222 373 434 421 volumus,
463 383 543 409 nec
572 368 730 408 nostris
762 367 933 407 lacertis
957 379 1007 406 ac
1028 366 1190 405 viribus
1222 365 1552 418 praefidendum,

98 461 197 488 cum
249 447 304 486 de
355 443 514 484 nostris
567 442 609 481 in
651 441 811 481 virtute
853 439 1120 492 profectibus
1167 439 1423 491 cogitamus.
1508 438 1555 480 Si

99 522 276 574 quidem
318 525 413 559 tota
453 530 519 557 res
562 516 605 555 in
656 515 782 555 unius
834 514 919 553 Dei
972 513 1250 553 miseratione
1301 511 1555 564 auxilioque

100 597 184 635 sita
208 601 280 634 est.

189 668 290 707 Hoc
331 670 396 705 est
430 664 561 716 igitur
596 676 653 702 ex
691 668 816 714 parte
854 660 949 708 Dei,
987 659 1104 712 quod
1142 659 1198 699 ad
1240 658 1553 711 perfectionem

101 754 179 780 nos
230 739 383 779 ducit:
437 751 494 777 ex
545 741 670 788 parte
712 747 814 774 vero
866 739 1015 772 nostra
1067 737 1133 772 est
1176 731 1555 772 Constitutionum

99 813 357 854 observatio.
443 811 543 850 Hoc
586 808 804 861 colligitur
840 820 897 846 ex
940 807 1133 858 ipsarum
1178 804 1554 845 Constitutionum

100 886 325 940 prooemio,
358 886 432 925 ubi
466 883 623 924 dicitur
653 883 774 922 Deus
804 880 1020 932 requirere
1053 892 1229 919 suarum
1259 884 1555 918 creaturarum

102 959 468 1013 cooperationem,
507 971 564 997 ex
603 971 690 1009 quo
733 955 916 995 efficitur
953 954 1188 993 necessitas
1230 951 1556 992 scribendarum

103 1033 493 1079 Constitutionum,
530 1036 577 1070 ut
615 1030 717 1069 alibi
756 1029 960 1068 diximus.
1044 1026 1175 1079 Quod
1218 1026 1253 1065 si
1294 1025 1351 1065 ad
1392 1025 1555 1064 bonum

103 1113 198 1146 tum
241 1105 474 1146 Societatis
517 1104 740 1150 universae,
784 1108 879 1141 tum
931 1100 1201 1152 singulorum
1254 1111 1429 1138 necesse
1481 1104 1558 1146 est,

104 1186 152 1220 ut
183 1179 529 1220 Constitutiones
562 1175 900 1222 conscribantur,
928 1173 1125 1226 profecto
1158 1178 1201 1211 et
1231 1185 1379 1211 earum
1413 1171 1559 1210 obser-

104 1254 222 1293 vatio
245 1252 300 1292 ad
324 1252 367 1291 id
391 1251 533 1303 ipsum
557 1248 799 1289 necessaria
822 1247 910 1287 erit.
976 1246 1144 1287 Idcirco
1163 1246 1278 1285 enim
1300 1244 1557 1293 scribuntur,

103 1333 150 1366 ut
192 1326 247 1365 ab
281 1337 546 1376 unoquoque
588 1327 812 1362 serventur
852 1326 895 1360 et
933 1320 988 1359 ad
1028 1319 1246 1359 actionem
1289 1323 1557 1365 revocentur,

105 1413 190 1439 non
213 1404 261 1438 ut
282 1398 455 1450 scriptae
479 1397 717 1437 dumtaxat
740 1395 827 1434 sint
851 1399 893 1433 et
916 1393 1034 1446 typis
1064 1391 1285 1431 mandatae
1318 1396 1560 1430 cernantur.

106 1474 157 1512 In
179 1472 484 1512 observatione
506 1470 638 1522 igitur
661 1468 1039 1509 Constitutionum
1062 1465 1255 1518 positum
1279 1469 1345 1503 est
1367 1462 1561 1515 spiritale

104 1549 267 1587 bonum
305 1552 399 1585 tum
439 1545 738 1583 universorum
776 1548 871 1581 tum
909 1539 1209 1593 singulorum:
1262 1537 1369 1577 nihil
1412 1542 1558 1577 autem

105 1619 382 1673 perfectionis
419 1624 495 1666 est,
530 1616 649 1670 quod
684 1614 1084 1656 Constitutionibus
1123 1612 1347 1652 servandis
1389 1611 1560 1650 institu-

105 1694 225 1746 tique
247 1693 381 1733 nostri
405 1692 572 1732 ratione
600 1689 884 1742 adimplenda
906 1688 1052 1728 divina
1074 1686 1215 1740 gratia
1236 1685 1444 1737 consequi
1475 1696 1562 1724 non

106 1768 334 1820 possimus,
370 1771 419 1806 ut
460 1764 678 1817 significat
721 1769 869 1803 noster
906 1763 1034 1801 Pater
1070 1762 1113 1800 in
1151 1766 1279 1799 sexta
1313 1756 1466 1811 parte,1
1489 1756 1562 1797 ubi

109 1841 326 1882 constanti
358 1840 506 1879 animo
543 1839 586 1877 in
623 1838 666 1876 id
705 1836 902 1888 praecipit
939 1834 1296 1874 incumbendum.
1359 1833 1433 1871 Ex
1476 1843 1563 1882 quo

110 1913 279 1965 colligo,
312 1925 413 1952 eum
446 1910 587 1950 nullos
618 1909 870 1949 habiturum
904 1921 996 1947 esse
1029 1920 1296 1959 progressus,
1331 1917 1472 1957 neque
1508 1904 1565 1943 ad

109 1986 420 2040 perfectionem
453 1983 587 2024 ullam
620 1987 942 2035 perventurum,
971 1981 1043 2033 qui
1080 1979 1454 2020 Constitutionum
1488 1977 1566 2017 ob-

110 2060 398 2100 servationem
430 2057 623 2110 negligit.
687 2056 841 2096 Patet:
879 2055 982 2107 quia
1013 2053 1212 2105 quamvis
1244 2053 1393 2092 divina
1424 2051 1566 2103 gratia

111 2148 160 2173 ac
193 2133 377 2180 bonitas,
403 2131 522 2183 quod
560 2131 603 2169 in
638 2143 684 2169 se
718 2135 794 2177 est,
830 2127 1109 2180 paratissima
1146 2126 1230 2165 sit:
1277 2131 1426 2165 tamen
1464 2124 1567 2175 quia

112 2220 200 2247 non
242 2206 407 2245 invenit
449 2204 804 2256 cooperationem
847 2215 937 2241 suae
989 2206 1208 2248 creaturae,
1253 2213 1351 2251 quae
1395 2198 1568 2238 Consti-

112 2281 303 2321 tutiones
356 2279 615 2332 regulasque
666 2275 897 2323 custodiat,
942 2274 1083 2314 otiosa
1124 2273 1455 2326 quodammodo
1503 2278 1569 2312 est

114 2361 157 2395 et
199 2354 304 2394 nihil
355 2353 456 2406 agit,
501 2365 581 2392 nec
627 2351 790 2403 optatis
833 2348 1136 2402 progressibus
1188 2347 1315 2396 favet,
1359 2346 1567 2398 quoniam

115 2427 418 2481 progrediendi
475 2426 662 2479 propriae
718 2425 810 2474 viae,
866 2423 1215 2463 Constitutiones
1277 2421 1456 2473 inquam
1520 2433 1569 2460 ac

115 2502 286 2554 regulae,
324 2502 592 2541 deseruntur.
672 2499 736 2539 Ut
780 2498 938 2537 mirum
977 2497 1113 2536 videri
1157 2509 1244 2535 non
1286 2494 1457 2543 debeat,
1496 2508 1571 2533 cur

115 2575 305 2627 quidam,
346 2588 400 2614 ne
441 2575 659 2614 diuturnae
699 2572 877 2624 quidem
921 2570 1132 2623 religiosae
1170 2569 1412 2621 disciplinae
1445 2581 1569 2607 exer-

117 2649 323 2688 citatione
351 2648 551 2688 meliores
574 2647 801 2696 evaserint,
825 2646 912 2685 imo
943 2645 1183 2697 frigidiores
1211 2650 1254 2683 et
1276 2642 1569 2695 languidiores

116 2721 499 2774 deprehendantur
521 2722 563 2761 in
588 2722 692 2770 dies,
717 2726 764 2760 ut
787 2734 812 2759 a
834 2719 982 2759 divina
1004 2719 1145 2771 gratia
1173 2718 1333 2757 deserti
1356 2716 1568 2768 quodam—

118 2795 251 2836 modo
286 2801 418 2848 atque
456 2796 653 2836 derelicti
686 2795 925 2834 videantur.
991 2793 1154 2832 Mirum
1190 2792 1233 2832 id
1271 2792 1449 2843 inquam
1485 2801 1570 2828 non

687 2883 990 2922 1P.6.c.1.§1.

287 2946 378 2978 D2
