1903 3197
537 163 604 208 In
638 161 855 224 Regulas
890 158 1147 207 Modestz‘oe.
1480 156 1569 213 641

488 353 552 390 IN
593 352 872 390 REGULAM
917 350 1203 389 DECIMAM.

458 441 523 471 DE
569 439 801 472 INCEssus
848 437 1226 470 MODERATIONE.

107 513 381 555 “INCESSUS
411 514 467 554 sit
495 514 747 554 moderatus
769 513 863 552 sine
895 511 1081 552 notabili
1114 505 1430 550 festinatione.’'
1495 506 1568 545 Ex

110 587 350 628 Ambrosio
373 588 442 628 lib.
467 588 522 628 de
546 587 669 629 Offic.

197 662 301 702 Tria
340 661 410 702 hic
450 662 638 702 breviter
684 660 1053 715 perstringenda:
1111 665 1174 698 1¹1¹.
1216 657 1304 698 Cur
1347 655 1568 696 festinatio

107 737 378 789 vituperetur
427 736 630 776 incessus.
714 742 783 775 2¹¹¹.
827 734 998 787 Quibus
1041 747 1098 774 ex
1150 732 1293 771 causis
1347 729 1571 769 festinatio

109 810 282 859 oriatur,
321 816 364 851 et
400 811 579 863 quando
622 824 672 850 ea
713 810 892 850 ferenda
929 810 995 849 sit.
1074 814 1141 859 311¹.
1180 805 1292 859 Quae
1335 805 1390 844 sit
1427 803 1573 843 decori

112 883 328 923 servanda
359 885 470 924 ratio
502 885 544 924 in
574 884 865 924 festinatione.

201 956 362 1010 Quoad
412 959 616 998 Primum.
679 958 840 998 Tribus
892 956 1142 997 nominibus
1192 954 1288 1007 jure
1339 953 1577 993 damnatur

115 1033 249 1072 nimia
280 1033 323 1071 in
357 1033 600 1073 incedendo
632 1033 842 1073 celeritas.

210 1106 256 1147 1⁰.
306 1106 422 1159 Quia
459 1107 681 1147 levitatem
719 1106 912 1147 ostendit
949 1105 1110 1145 animi:
1156 1117 1310 1156 graves
1345 1102 1461 1141 enirn
1498 1100 1576 1140 viri

119 1188 167 1222 ut
209 1182 252 1221 in
294 1182 475 1222 consilio
527 1183 837 1230 maturitatem,
881 1181 941 1220 sic
993 1180 1034 1219 in
1084 1177 1387 1219 transferendo
1439 1175 1576 1228 gradu

119 1256 405 1310 praeseferunt
436 1257 708 1308 gravitatem.

207 1331 524 1379 Bonaventura,
558 1330 627 1370 De
670 1330 799 1370 Infor.
839 1343 932 1369 nov.
972 1343 1010 1381 p.
1056 1339 1085 1367 Ι.
1126 1341 1158 1367 c.
1205 1337 1283 1378 19:
1335 1325 1579 1364 “Incessus

120 1410 220 1444 tuus
252 1405 307 1444 sit
330 1410 536 1452 maturus,
561 1418 648 1444 non
672 1404 822 1444 leviter
844 1417 1001 1451 curraS‚
1024 1409 1067 1442 et
1100 1402 1192 1441 sine
1216 1399 1502 1447 necessitate;
1536 1403 1580 1437 et

120 1479 166 1518 B.
200 1478 473 1527 Ambrosius,
517 1478 540 1518 l.
582 1490 612 1518 Ι.
652 1479 722 1518 De
759 1478 842 1519 Off.
882 1491 914 1518 c.
955 1478 1014 1525 18,
1057 1489 1156 1515 cum
1194 1475 1381 1514 duorum
1419 1473 1491 1525 qui
1524 1472 1581 1512 ab

123 1552 321 1593 Ecclesia
371 1559 641 1592 recesserunt
683 1553 899 1592 incessum
951 1550 1139 1604 graviter
1181 1553 1385 1597 notasset,
1429 1546 1578 1586 statim

122 1626 325 1678 subjicit:
371 1627 608 1666 “Lucebat
650 1627 692 1665 in
735 1626 907 1666 illorum
960 1626 1128 1664 incessu
1182 1624 1328 1675 imago
1379 1621 1580 1670 levitatis,

125 1701 290 1752 species
322 1701 526 1752 quaedam
559 1714 801 1740 scurrarum
834 1696 1216 1752 percursantium.’'

212 1774 469 1822 Bernardus,
490 1775 630 1814 Form.
655 1774 753 1814 hon.
778 1774 849 1813 vit.
865 1772 888 1813 ;1
922 1773 1020 1813 “Sit
1037 1778 1248 1825 praeterea
1271 1771 1462 1809 incessus
1480 1775 1579 1808 tuus

124 1848 376 1887 maturitate
408 1848 572 1901 plenus,
595 1848 749 1900 gravis,
774 1854 817 1887 et
847 1847 1057 1886 honestus
1086 1878 1093 1885 .
1127 1877 1134 1884 .
1168 1844 1240 1894 .;''
1274 1844 1370 1895 lege
1402 1843 1577 1895 reliqua.

122 1922 187 1962 Ut
219 1923 350 1961 etiam
383 1922 438 1961 de
472 1921 575 1962 Ord.
599 1922 700 1962 vitae
732 1922 804 1961 ubi
838 1921 977 1960 multa
1009 1934 1065 1960 ex
1098 1918 1349 1958 Ambrosio.

209 1996 264 2035 20.
318 1995 434 2048 Quia
475 1996 608 2035 nimia
660 1996 880 2036 festinatio
930 2008 1103 2048 gressus
1155 1993 1391 2032 indomitas
1443 1990 1576 2030 animi

121 2070 482 2122 perturbationes,
517 2077 560 2110 et
591 2077 736 2110 motus
768 2071 959 2119 indicat;
992 2075 1143 2108 contra
1174 2080 1275 2106 vero
1306 2071 1577 2118 temperatus

121 2158 172 2184 ac
194 2145 312 2184 mitis
337 2145 682 2185 mansuefactum
708 2144 800 2196 jam
824 2145 1019 2184 animum
1042 2142 1348 2192 domitumque
1370 2139 1573 2179 declarat.

122 2218 358 2271 Propterea
380 2219 496 2259 idem
520 2220 838 2267 Bonaventura,
862 2232 901 2271 p.
928 2228 960 2256 2.
986 2232 1017 2257 c.
1042 2228 1069 2268 9
1091 2233 1098 2256 2
1132 2220 1151 2235 “
1172 2213 1397 2267 Quand0,'’
1422 2214 1574 2265 inquit,

121 2296 234 2345 “per
264 2293 457 2343 domum,
490 2294 557 2334 vel
592 2300 719 2333 extra
748 2294 929 2333 domum
965 2291 1176 2338 ambulas,
1209 2302 1381 2341 semper
1412 2288 1576 2327 habeas

119 2380 315 2419 gressum
338 2367 526 2408 mitem.''
591 2369 649 2408 Et
671 2369 714 2407 in
739 2367 863 2420 Spec.
889 2367 1004 2406 Disc.
1025 2380 1063 2418 p.
1085 2376 1119 2415 3.
1139 2379 1170 2404 c.
1189 2364 1216 2403 6
1235 2380 1242 2404 2
1275 2367 1294 2381 “
1313 2361 1577 2412 Honestus,’'

120 2441 272 2493 inquit,
317 2444 511 2483 “modus
563 2444 752 2496 requirit,
794 2449 841 2482 ut
894 2455 979 2481 non
1029 2439 1297 2493 impetuosis,
1341 2444 1384 2477 et
1429 2437 1576 2476 fractis

118 2517 341 2567 gressibus
385 2517 647 2558 ambulent.''
711 2518 769 2556 Et
805 2516 932 2564 Basil,
965 2516 1044 2568 Ep.
1076 2527 1104 2554 Ι.
1129 2515 1184 2554 ad
1214 2513 1484 2565 Gregorium,
1515 2513 1576 2551 ait

121 2590 317 2630 stultitiae
335 2592 508 2643 signum
532 2592 724 2644 prodere,
741 2592 936 2644 quisquis
959 2591 1148 2630 incitatis
1165 2588 1384 2641 gressibus
1403 2587 1572 2625 incedit.

124 2664 248 2703 Idem
283 2665 337 2704 ad
369 2665 583 2705 eundem:
618 2664 890 2714 “lncessus,’'
916 2665 1068 2716 inquit,
1094 2664 1221 2715 “ipse
1253 2674 1393 2713 neque
1426 2660 1576 2698 tardus

121 2739 187 2787 sit,
212 2745 260 2778 ut
289 2739 548 2779 dissolutum
581 2741 775 2779 animum
808 2745 992 2787 accuset,
1017 2751 1156 2790 neque
1180 2749 1348 2776 rursum
1372 2734 1510 2774 elatus
1534 2740 1576 2772 et

121 2813 367 2864 vehemens,
393 2821 438 2855 ut
461 2814 572 2855 feros
594 2815 727 2855 animi
752 2821 896 2854 motus
920 2811 1142 2852 insimict.”

671 2895 682 2913 ¹
709 2897 770 2928 To.
792 2905 820 2927 2.
843 2907 874 2937 p.
896 2904 967 2934 241.
992 2895 1026 2925 13.

294 2951 349 2981 PP
