1903 3197
410 156 489 201 De
521 156 677 202 nimia
709 158 922 217 corporis
955 158 1283 204 sollicitudine.
1484 174 1573 217 401

115 288 196 340 qui
220 288 335 328 enim
362 288 484 328 dedit
509 287 661 339 majus
684 287 807 327 dabit
833 294 877 328 et
909 289 1078 339 minus;
1112 296 1155 329 et
1187 291 1261 342 qui
1294 290 1372 330 dat
1403 304 1497 330 esse
1529 305 1578 331 ac

117 361 255 400 vitam
293 361 430 409 rebus,
469 360 586 400 idem
623 361 700 400 dat
740 361 1024 400 conservandi
1069 363 1295 403 rationem.
1377 364 1579 416 Itemque

119 435 265 486 quoad
296 436 569 484 vestimenta,
607 435 641 474 si
675 434 798 474 dedit
839 448 1006 487 corpus,
1041 436 1161 487 quod
1201 436 1300 488 plus
1343 443 1408 477 est
1444 451 1577 489 quam

112 508 390 558 vestimenta,
423 507 618 560 profecto
650 514 693 547 et
732 506 827 547 haec
858 508 952 560 ipsa
986 507 1111 547 dabit
1145 508 1202 547 ad
1240 509 1283 548 id
1326 511 1576 561 tegendum,

119 594 205 620 non
228 582 343 621 enim
367 581 471 621 illud
493 581 646 633 potuit,
669 580 763 620 haec
785 587 934 620 autem
957 594 1043 620 non
1066 582 1241 633 poterit.
1289 582 1576 623 Voluntatem

117 661 265 695 autem
288 662 331 695 et
347 655 590 695 bonitatem
610 654 692 693 Dei
716 654 914 702 affirmat,
939 668 1037 694 cum
1061 655 1142 694 ait:
1181 655 1439 708 “Respicite
1460 656 1579 696 vola-

117 729 210 769 tilia
260 729 369 777 coeli,
413 729 620 781 quoniam
672 741 758 767 non
809 734 967 776 serunt,
1012 742 1155 780 neque
1209 734 1392 776 metunt,
1437 742 1579 781 neque

119 808 388 855 congregant
421 803 464 841 in
497 801 662 852 horrea,
693 808 736 841 et
766 802 895 841 Pater
925 807 1068 841 vester
1099 801 1291 842 coelestis
1323 803 1463 855 pascit
1494 803 1578 842 illa.

118 876 276 916 Nonne
323 890 400 916 vos
442 876 582 928 magis
643 875 777 928 pluris
838 876 941 915 estis
993 875 1086 915 illis.
1173 876 1285 916 Cum
1339 875 1394 915 de
1449 877 1579 915 vesti-

109 955 275 998 mento,
300 950 404 1002 quid
428 949 599 989 solliciti
622 950 725 989 estis
745 949 759 988 ?
816 949 1103 989 Considerate
1126 948 1215 988 lilia
1239 949 1331 1002 agri
1354 949 1578 1001 quomodo

115 1028 323 1072 crescunt,
367 1036 453 1062 non
494 1022 695 1062 laborant
741 1036 882 1074 neque
920 1028 1055 1071 nent;
1104 1022 1219 1062 dico*
1247 1029 1395 1062 autem
1438 1023 1575 1071 vobis,

116 1097 323 1148 quoniam
356 1110 436 1136 nec
473 1096 684 1137 Salomon
722 1097 765 1136 in
798 1096 917 1136 omni
947 1095 1085 1147 gloria
1124 1110 1202 1135 sua
1241 1102 1475 1148 coopertus
1513 1103 1578 1136 est

115 1171 227 1210 sicut
261 1183 396 1209 unum
429 1183 486 1209 ex
519 1168 647 1209 istis.''
707 1169 926 1209 Voluntas
959 1170 1091 1222 igitur
1123 1170 1208 1209 Dei
1243 1170 1285 1209 in
1307 1183 1410 1209 cura
1443 1172 1579 1210 nostri

115 1244 307 1297 gerenda
348 1244 577 1296 perspicua
618 1250 693 1293 est,
737 1257 839 1284 nam
882 1245 916 1283 si
960 1258 1021 1292 ea,
1066 1258 1144 1296 pro
1193 1244 1352 1296 quibus
1395 1244 1580 1284 sollicite

115 1319 295 1370 agimur,
320 1317 624 1357 subministrat
646 1318 778 1357 etiam
812 1318 940 1357 rebus
974 1318 1142 1357 ratione
1173 1318 1433 1363 carentibus,
1459 1318 1578 1358 nullo

117 1392 308 1443 ipsarum
343 1390 490 1430 labore
520 1390 589 1430 vel
621 1404 733 1439 cura,
768 1398 816 1431 ut
848 1391 945 1430 coeli
979 1391 1133 1430 avibus
1165 1404 1323 1439 escam,
1357 1390 1454 1429 liliis
1487 1392 1579 1443 agri

113 1465 451 1514 vestimentum;
504 1470 670 1516 quanto
713 1465 852 1516 magis
895 1464 1032 1510 nobis,
1076 1464 1150 1515 qui
1194 1464 1361 1502 ratione
1403 1464 1576 1515 praediti

114 1538 206 1590 ejus
258 1538 493 1590 imaginem
545 1538 737 1589 gerimus
778 1537 821 1576 in
873 1537 1032 1576 animis
1080 1537 1238 1576 nostris
1290 1537 1576 1589 impressam!

118 1611 220 1651 Huc
256 1611 435 1660 accedit,
479 1611 596 1663 quod
641 1612 769 1650 Pater
811 1616 888 1659 est,
938 1616 1133 1663 paternae
1177 1616 1325 1649 autem
1368 1610 1579 1650 bonitatis

114 1691 180 1725 est
222 1685 340 1725 nullo
382 1685 478 1725 loco
520 1684 708 1724 filiorum
746 1684 1081 1724 necessitatibus
1124 1683 1457 1736 commodisque
1500 1684 1576 1723 de-

114 1772 220 1808 esse,
244 1764 310 1798 est
332 1759 448 1797 enim
472 1758 601 1798 Pater
623 1764 770 1797 noster
791 1759 976 1810 proprie,
1001 1771 1087 1797 non
1114 1758 1260 1797 avium
1289 1763 1332 1797 et
1362 1757 1548 1796 liliorum
1570 1772 1577 1807 ;

115 1837 347 1884 propterea
369 1831 476 1871 dicit
497 1845 504 1871 z
544 1831 709 1871 “Pater
735 1837 882 1871 noster
912 1831 1102 1871 coelestis
1125 1832 1266 1884 pascit
1288 1831 1398 1878 illa,''
1423 1837 1465 1871 et
1489 1846 1575 1871 non

114 1911 239 1957 pater
260 1918 420 1945 eorum.

202 1978 441 2019 Scientiam
472 1992 600 2030 porro
633 1979 785 2018 asserit
817 1991 869 2018 ea
900 1979 1104 2026 clausula,
1132 1982 1153 1998 “
1172 1979 1265 2020 Scit
1297 1979 1413 2018 enim
1448 1979 1576 2018 Pater

113 2059 255 2092 vester
296 2053 398 2104 quia
448 2052 515 2091 his
557 2052 760 2091 omnibus
803 2051 1070 2104 indigetis;’'
1124 2059 1189 2092 est
1241 2053 1357 2092 enim
1400 2053 1574 2104 sapien-

113 2126 317 2175 tissimus,
361 2132 404 2165 et
446 2124 553 2164 nihil
596 2125 703 2165 latet
755 2138 866 2174 eum,
909 2126 1025 2178 apud
1070 2139 1201 2178 quem
1244 2140 1397 2165 omnes
1440 2127 1572 2166 ctiam

113 2198 257 2252 capilli
310 2199 464 2252 capitis
516 2199 652 2239 nostri
705 2199 920 2239 numerati
973 2205 1083 2240 sunt.
1177 2199 1325 2252 Quare
1376 2213 1474 2239 cum
1529 2206 1574 2239 et

113 2273 328 2326 sapientia
361 2273 403 2312 in
427 2273 525 2312 Deo
558 2273 624 2321 sit,
648 2273 721 2324 qui
746 2272 1027 2312 necessitates
1050 2272 1279 2312 hominum
1304 2274 1499 2323 nove1·it;
1535 2280 1578 2313 et

113 2352 320 2398 potestas,
356 2347 458 2398 quia
492 2347 799 2398 omnipotens;
833 2351 876 2386 et
909 2346 1123 2395 voluntas5
1148 2347 1251 2398 quia
1285 2353 1437 2399 pater3
1471 2347 1575 2399 quid

113 2418 257 2459 adhuc
279 2420 334 2459 de
364 2419 456 2471 ejus
491 2420 534 2459 in
566 2420 769 2459 curandis
799 2419 926 2459 rebus
962 2421 1120 2459 nostris
1154 2420 1428 2472 providentia
1451 2421 1577 2460 dubi-

113 2493 288 2532 tamus?
349 2493 445 2533 Aut
478 2507 563 2542 cur,
598 2493 690 2545 ejus
731 2493 954 2533 charitatis
992 2500 1036 2534 et
1077 2495 1308 2546 potestatis
1351 2494 1487 2541 obliti,
1521 2495 1576 2534 dc

116 2566 241 2605 nobis
278 2567 383 2618 ipsis
415 2567 586 2607 solliciti
619 2581 780 2607 sumus.
844 2567 1010 2620 Magna
1037 2568 1168 2620 igitur
1197 2582 1253 2607 ex
1284 2568 1575 2608 sollicitudine

116 2644 266 2679 nostra
298 2639 395 2679 Deo
417 2641 473 2680 sit
495 2640 662 2693 injuria,
685 2641 807 2692 cujus
830 2655 917 2681 non
941 2642 1218 2694 agnoscimus
1240 2643 1574 2694 providentiam,

116 2712 303 2764 ideoque
323 2712 420 2764 jure
442 2713 792 2766 reprehensibilis
814 2721 880 2755 est
902 2721 945 2755 et
963 2715 1059 2766 jure
1082 2715 1338 2767 abjicienda.

205 2785 374 2838 Quinto
401 2786 753 2840 reprehensibilis
779 2794 855 2839 est,
879 2789 982 2841 quia
1014 2789 1069 2828 de
1100 2788 1229 2829 rebus
1261 2787 1575 2841 temporalibus

121 2858 342 2913 fluxaeque
363 2861 466 2901 vitae
489 2861 732 2902 commodis
755 2875 849 2902 esse
867 2861 1113 2912 sollicitum,
1132 2875 1219 2903 non
1237 2862 1371 2903 modo
1389 2861 1579 2915 religiosi

290 2935 357 2966 AA
