1903 3197
511 185 591 229 De
622 191 748 231 rece-‘cz
784 186 1050 235 intentione.
1417 205 1475 248 24
1484 204 1508 248 3

47 327 145 354 ‘non
168 315 427 367 peccabis.''1
489 315 605 355 Nam
638 321 681 355 et
712 316 767 355 ad
798 316 929 356 finem
961 332 1010 357 ac
1040 320 1275 360 novissima
1301 321 1513 374 cujusque

57 388 199 440 operis
237 389 380 428 referri
418 389 500 428 hoc
540 390 787 430 Salomonis
830 391 996 430 dictum
1039 398 1211 443 potest;
1264 396 1380 445 quod
1419 401 1512 434 tum

58 461 238 501 demum
262 467 378 502 recta
401 461 546 502 futura
575 463 662 502 sint
691 476 822 515 opera
852 470 999 503 nostra
1030 470 1072 504 et
1102 465 1267 516 absque
1298 467 1512 518 gravitate

55 535 235 585 peccati,
281 536 476 587 (peccare
527 535 654 585 enim,
702 543 750 575 ut
796 536 910 575 dixit
957 537 1148 589 quidam,
1193 544 1258 577 est
1299 544 1511 590 tanquam

55 608 270 648 transilire
306 608 465 648 lineam
505 616 547 649 et
583 623 608 648 a
645 615 762 649 recto
799 609 1046 662 deflectere)
1088 625 1187 650 cum
1225 625 1375 651 eorum
1413 611 1511 652 finis

54 680 111 720 ad
134 682 389 721 memoriam
413 688 648 721 revocatur.
713 682 919 722 Ceterum
943 684 998 723 de
1025 685 1160 737 impio
1189 690 1231 724 et
1254 684 1510 735 facinoroso,

54 754 126 805 qui
160 767 246 794 non
279 755 360 793 sibi
393 755 599 807 proponit
629 756 671 794 in
700 762 937 808 conspectu
960 771 1039 797 suo
1066 757 1197 797 finem
1222 758 1379 805 Deum,
1404 759 1511 798 illud

54 826 209 866 cecinit
243 828 385 879 regius
416 834 565 868 vates:
611 829 749 869 “Non
788 836 854 870 est
892 830 1012 870 Deus
1052 831 1093 870 in
1131 837 1366 884 conspectu
1405 832 1510 884 ejus,

54 900 293 951 inquinatae
317 906 418 940 sunt
439 901 519 941 vice
543 901 655 942 illius
678 903 720 942 in
744 904 861 943 omni
885 903 1137 956 tempore.”2

140 972 355 1024 Quintum
378 988 480 1013 vero
510 974 814 1026 adjumentum
845 983 912 1016 est
940 991 1102 1018 exuere
1131 992 1176 1017 se
1206 992 1354 1019 amore
1377 985 1511 1020 terre-

53 1058 204 1084 narum
238 1047 433 1085 omnium
467 1053 771 1097 creaturarum,
803 1055 850 1089 ut
882 1050 1035 1090 eadem
1061 1051 1327 1092 Constitutio
1358 1054 1510 1105 praeci-

50 1119 141 1169 pit:
176 1118 479 1167 “Exeuntes,'’
513 1121 664 1172 inquit,
692 1125 783 1170 “se,
818 1129 1030 1174 quantum
1061 1124 1150 1164 fieri
1178 1131 1334 1177 potest,
1359 1140 1507 1166 amore

50 1191 246 1230 omnium
288 1193 638 1243 creaturarum;'’
692 1196 809 1246 quod
862 1197 1039 1247 quidem
1083 1199 1326 1237 maximam
1374 1198 1509 1239 habet

47 1263 136 1302 vim
178 1265 233 1303 ad
275 1264 510 1316 puritatem
559 1268 727 1315 mentis,
771 1274 813 1307 et
856 1275 1021 1308 rectum
1065 1284 1137 1309 cor
1178 1271 1505 1323 possidendum.

47 1336 166 1388 Quid
208 1343 274 1376 est
315 1338 442 1385 enim,
479 1339 597 1389 quod
641 1347 834 1380 mentem
878 1348 1074 1381 nostram
1118 1345 1309 1384 maculat
1346 1359 1395 1384 ac
1432 1346 1507 1386 de-

45 1415 210 1461 pravat,
242 1410 322 1449 nisi
350 1416 646 1451 creaturarum
682 1414 835 1453 amor?
911 1415 961 1454 Id
995 1416 1113 1467 quod
1146 1430 1276 1468 supra
1309 1418 1505 1470 pluribus

44 1482 394 1522 demonstratum
425 1490 500 1531 est,
525 1498 624 1523 cum
655 1485 909 1526 dicebamus
932 1488 1069 1527 tribus
1093 1489 1308 1529 bonorum
1332 1477 1514 1542 tempo-⁴

44 1555 199 1595 salium
250 1557 483 1608 generibus
547 1564 741 1598 mentem
797 1566 991 1600 nostram
1053 1576 1079 1601 a
1136 1569 1254 1602 recto
1306 1562 1506 1604 deflecti:

43 1628 280 1681 voluptate,
319 1629 517 1679 utilitate,
555 1630 703 1683 gloria.
781 1632 856 1673 Ad
899 1633 994 1675 haec
1035 1635 1150 1674 enim
1188 1636 1271 1676 tria
1311 1637 1506 1688 Joannes

42 1701 289 1754 Apostolus
321 1703 535 1755 quidquid
569 1710 634 1744 est
667 1705 710 1744 in
743 1707 921 1757 mundo,
957 1713 1000 1747 et
1032 1708 1246 1760 quidquid
1279 1716 1505 1750 transeun-

38 1775 152 1815 tium
184 1781 479 1815 creaturarum
513 1783 589 1825 est,
620 1785 820 1818 revocat:
859 1780 943 1820 “Si
974 1781 1104 1832 quis,''
1136 1782 1288 1833 inquit,
1324 1783 1503 1836 “diligit

42 1849 268 1897 mundum,
303 1862 389 1888 non
423 1855 489 1888 est
518 1849 704 1890 charitas
738 1851 877 1892 Patris
910 1853 953 1892 in
986 1867 1068 1903 eo;
1113 1856 1321 1906 quoniam
1358 1870 1502 1909 omne,

39 1922 160 1973 quod
196 1927 261 1961 est
303 1922 344 1960 in
383 1923 560 1969 mundo,
595 1925 947 1976 concupiscentia
982 1927 1122 1967 carnis
1156 1934 1231 1977 est,
1267 1936 1310 1970 et
1344 1944 1501 1971 concu-

40 1995 254 2048 piscentia
290 1995 526 2044 oculorum,
563 2002 606 2036 et
648 1998 851 2049 superbia
882 2000 1010 2050 vitze3
1064 2015 1162 2052 quae
1204 2016 1291 2042 non
1334 2010 1400 2044 est
1442 2018 1500 2045 ex

42 2069 179 2116 Patre,
214 2069 291 2107 sed
326 2082 382 2107 ex
417 2070 582 2109 mundo
614 2075 690 2109 est.
755 2071 814 2110 Et
846 2073 1036 2113 mundus
1067 2076 1234 2124 transit,
1268 2082 1311 2116 et
1342 2090 1502 2118 concu-

37 2142 250 2194 piscentia
288 2140 444 2193 ejus.'’3
522 2142 645 2192 Haec,
680 2143 871 2196 inquam,
906 2147 1038 2187 verba
1080 2148 1135 2187 ad
1178 2162 1258 2189 nos
1298 2151 1504 2193 videlicet

39 2219 248 2266 spectant.
313 2213 431 2265 Quid
469 2220 535 2254 est
577 2216 692 2255 enim
735 2231 821 2257 non
864 2219 1045 2272 diligere
1088 2222 1314 2273 mundum,
1358 2237 1500 2276 neque

39 2300 90 2326 ea
111 2300 210 2339 quae
242 2287 285 2326 in
313 2289 478 2328 mundo
501 2294 612 2338 sunt,
638 2290 718 2329 nisi
747 2305 942 2332 amorem
969 2295 1166 2334 omnium
1190 2302 1499 2349 creaturarum,

39 2365 87 2399 ut
109 2359 377 2400 Constitutio
399 2363 651 2413 praescribit,
677 2366 868 2405 exuere?
932 2366 990 2407 Et
1013 2381 1087 2407 cur
1109 2374 1229 2409 vetat
1251 2369 1498 2422 Apostolus

36 2433 249 2472 mundum
273 2433 406 2485 diligi,
431 2440 475 2474 et
497 2449 547 2474 ea
570 2449 668 2487 quae
701 2438 744 2476 in
776 2439 942 2479 mundo
974 2447 1085 2490 sunt,
1110 2442 1191 2481 nisi
1214 2443 1316 2494 quia
1338 2443 1495 2484 horum

37 2518 161 2545 amor
198 2506 336 2546 Patris
369 2508 504 2547 officit
539 2509 767 2560 charitati3
802 2513 915 2564 quia,
953 2514 988 2553 si
1021 2514 1128 2566 quis,
1163 2516 1313 2567 inquit,
1353 2517 1499 2570 diligit

37 2579 263 2628 mundum,
287 2593 373 2619 non
406 2586 471 2620 est
502 2581 689 2623 charitas
713 2584 852 2625 Patris
885 2587 929 2626 in
958 2587 1040 2627 eo?
1103 2587 1222 2640 Quid
1252 2595 1317 2630 est
1346 2596 1495 2632 autem

34 2651 153 2691 aliud
176 2652 432 2693 charitatem
462 2655 600 2695 Patris
626 2656 796 2708 habere,
821 2660 901 2700 nisi
936 2660 1033 2701 Deo
1062 2662 1235 2714 placere
1264 2669 1307 2703 et
1335 2665 1494 2704 servire

33 2731 212 2778 propter
235 2725 448 2779 Seipsum,
472 2729 591 2769 nulla
613 2743 657 2769 re
679 2736 850 2773 terrena
872 2747 922 2773 ac
944 2734 1066 2775 fluxa
1088 2737 1303 2788 quaesita?
1349 2737 1493 2790 Atqui

33 2797 116 2840 hoc
153 2806 220 2840 est
256 2807 419 2841 rectam
454 2807 497 2842 et
530 2817 686 2855 puram
722 2813 915 2847 mentem
947 2809 1198 2861 possidere;
1232 2806 1340 2862 pura
1372 2815 1490 2851 enim

334 2889 347 2909 1
371 2890 459 2923 Eccl.
482 2897 510 2931 7.
646 2892 660 2911 2
683 2894 768 2928 Psal.
788 2903 819 2936 9.
954 2895 969 2916 ³
995 2905 1020 2930 1.
1039 2898 1136 2938 Joan.
1157 2906 1187 2931 2.

206 2950 295 2991 Q2
