1903 3197
281 192 345 240 54
739 178 818 224 De
852 178 1102 225 Socz'etalz‘s
1134 179 1272 227 Fine.

276 313 425 353 ionem
457 312 513 351 de
545 316 794 352 nostrorum
827 312 1079 366 integritate
1111 327 1162 354 ac
1195 313 1358 354 virtute
1390 314 1655 366 concipiunt,
1690 328 1747 354 ex

278 400 368 439 quo
409 385 548 426 facilis
590 386 651 426 eis
693 391 816 439 patet
852 387 998 427 aditus
1042 387 1097 427 ad
1141 387 1340 428 salutem.
1407 387 1518 437 Hoc,
1554 388 1746 440 inquam,

278 459 600 513 Apostolorum
629 461 854 514 proprium
884 460 977 510 fuit,
997 475 1183 514 quorum
1214 476 1294 502 nos
1315 462 1511 515 vestigiis
1537 475 1749 502 conamur

275 534 487 584 insistere,
519 549 622 575 nam
657 535 712 576 de
747 549 794 576 se
829 536 921 589 ipse
957 536 1118 577 Paulus
1153 537 1271 589 apud
1316 536 1484 576 Lucam
1520 537 1581 577 ita
1614 537 1748 577 dicit:

274 607 568 662 “Argentum
602 614 646 649 et
677 623 844 660 aurum,
873 616 949 651 aut
976 616 1145 651 vestem
1178 610 1339 651 nullius
1371 610 1611 664 concupivi,
1636 611 1749 652 sicut

276 682 359 736 ipsi
392 682 599 733 scitis;''1
631 689 675 724 et
708 684 765 724 ad
803 683 1081 725 Corinthios:
1117 684 1304 725 “Gratis
1338 685 1631 737 Evangelium
1664 685 1750 725 Dei

277 757 575 811 evangelizavi
612 758 768 808 vobis;
812 765 855 799 et
892 772 992 799 cum
1030 773 1171 800 essem
1208 759 1327 813 apud
1360 773 1438 800 vos
1481 765 1525 800 et
1562 773 1749 812 egerem,

279 832 385 872 nulli
437 846 647 873 onerosus
695 831 767 873 fui.
853 833 904 872 In
952 833 1156 873 omnibus
1202 834 1296 874 sine
1339 848 1471 874 onere
1514 847 1584 873 me
1625 834 1750 874 vobis

277 906 458 955 servavi,
495 912 539 947 et
580 905 826 947 servab0.”2
889 906 1088 948 Christus
1131 914 1279 948 autem
1323 908 1544 948 Dominus
1582 907 1747 948 eisdem

276 981 564 1034 praecipiebat
606 981 852 1034 ApostoliS,
888 986 937 1021 ut
974 995 1072 1033 quae
1114 981 1249 1033 gratis
1292 982 1574 1034 accepissent,
1611 981 1749 1034 gratis

278 1054 435 1094 darent
453 1052 486 1103 ;3
518 1060 561 1094 et
584 1068 638 1094 ne
665 1068 819 1094 aurum
847 1060 1137 1106 argentumve
1163 1054 1388 1106 possidere
1410 1054 1584 1103 vellent,
1609 1068 1751 1107 neque

278 1129 512 1182 pecuniam
555 1129 598 1168 in
642 1128 762 1168 zonis
799 1128 898 1168 suis.
963 1127 1100 1180 Cujus
1136 1128 1196 1168 rei
1238 1141 1416 1168 causam
1458 1129 1604 1169 reddit
1642 1129 1751 1170 Hie-

277 1215 489 1254 ronymus
519 1201 562 1241 in
595 1201 888 1242 Matthaeum:
921 1201 1030 1241 “Ne
1058 1202 1093 1241 si
1126 1201 1337 1251 divitias,''
1362 1203 1515 1255 inquit,
1538 1202 1748 1243 “habuis-

278 1282 377 1317 sent
418 1276 672 1316 viderentur
712 1290 800 1316 non
842 1289 975 1316 causa
1017 1275 1171 1316 salutis
1212 1275 1455 1325 hominum,
1499 1277 1576 1317 sed
1620 1290 1751 1318 causa

279 1350 386 1391 lucri
419 1349 719 1403 praedicasse.'’

369 1430 416 1464 20
461 1423 674 1464 Perutiles
702 1430 804 1464 sunt
833 1429 1082 1464 nostrorum
1120 1424 1353 1464 Missiones
1387 1431 1567 1478 propter
1599 1439 1750 1465 eorum

278 1498 601 1551 benignitatem
636 1503 679 1538 et
711 1498 980 1538 comitatem.
1046 1497 1164 1538 Nam
1197 1512 1297 1538 cum
1330 1505 1525 1539 errantes
1557 1499 1753 1540 solentur

278 1572 461 1621 animas,
505 1577 550 1612 et
591 1572 634 1611 in
682 1572 836 1625 spiritu
881 1572 1085 1621 lenitatis,
1125 1586 1212 1612 non
1255 1573 1498 1613 severitatis
1545 1579 1593 1614 ut
1634 1587 1753 1627 saepe

279 1646 475 1696 Parochi,
513 1660 586 1687 eas
633 1647 887 1700 suscipiant,
931 1648 1228 1700 studeantque
1279 1647 1335 1687 de
1386 1647 1592 1687 omnibus
1639 1648 1751 1689 bene

281 1721 450 1770 mereri,
478 1720 762 1761 sublevandis
794 1721 927 1761 etiam
959 1735 1192 1774 corporum
1225 1721 1505 1774 egestatibus,
1532 1734 1610 1774 per
1640 1721 1752 1761 elee-

281 1808 494 1847 mosynas
517 1795 798 1848 conquisitas,
822 1795 1024 1836 homines
1052 1795 1134 1835 hac
1156 1795 1301 1836 allecti
1329 1795 1605 1836 humanitate
1627 1794 1751 1836 facile

281 1883 329 1909 se
361 1882 408 1909 se
441 1869 601 1909 nostris
634 1869 894 1922 adjungunt,
925 1869 1064 1922 iisque
1097 1884 1143 1909 se
1174 1883 1221 1909 se
1252 1870 1361 1909 dant
1391 1875 1526 1922 atque
1557 1869 1752 1911 credunt.

283 1942 422 1996 Cujus
453 1944 807 1984 mansuetudinis
837 1950 880 1984 et
902 1944 1187 1997 benignitatis
1214 1944 1422 1998 exempla
1444 1945 1500 1985 ab
1521 1943 1754 1998 Apostolis

279 2016 486 2057 videlicet
539 2024 812 2071 acceperunt.
878 2017 999 2071 Quid
1042 2018 1158 2058 enim
1203 2017 1363 2058 Paulus
1405 2018 1499 2058 ait?
1548 2018 1752 2059 “Omnia

279 2092 454 2132 ostendi
492 2092 627 2140 vobis,
667 2093 878 2144 quoniam
922 2093 983 2132 sic
1026 2092 1277 2132 laborantes
1319 2097 1493 2144 oportet
1534 2092 1751 2146 suscipere

280 2165 490 2215 infirmos,
522 2171 565 2205 et
602 2166 855 2206 meminisse
887 2165 1007 2206 verbi
1045 2165 1228 2205 Domini
1261 2165 1378 2218 Jesu,
1411 2166 1619 2219 quoniam
1658 2166 1752 2220 ipse

277 2239 406 2289 dixit,
431 2239 610 2279 Beatius
643 2246 709 2280 est
739 2239 844 2280 dare
873 2252 1007 2292 quam
1029 2238 1287 2293 acciperel’4
1320 2239 1379 2280 Et
1404 2240 1641 2281 Corinthiis
1663 2241 1750 2283 ait:

278 2312 440 2353 “Alias
457 2313 664 2354 ecclesias
684 2313 940 2367 exspoliavi,
956 2314 1176 2367 accipiens
1190 2315 1458 2367 stipendium
1475 2315 1532 2355 ad
1556 2315 1750 2356 ministe-

278 2387 390 2426 rium
409 2385 667 2427 vestrum.’'5
704 2387 919 2440 Idemque
942 2388 1031 2427 suis
1053 2387 1274 2428 laboribus
1296 2394 1485 2429 testatur
1505 2402 1592 2429 non
1615 2390 1750 2430 modo

279 2459 375 2509 sibi,
394 2474 494 2512 quae
518 2461 574 2500 ad
592 2461 729 2501 vitam
754 2461 966 2502 tuendam
990 2462 1233 2502 necessaria
1255 2468 1412 2511 essent,
1430 2463 1506 2503 sed
1530 2463 1662 2503 etiam
1686 2464 1749 2513 iis,

280 2534 355 2586 qui
388 2547 537 2574 secum
571 2541 706 2585 erant,
736 2535 1101 2576 subministrasse.
1165 2535 1224 2576 Et
1252 2536 1309 2576 ad
1332 2535 1749 2578 Thessalonicenses

281 2607 344 2648 ita
376 2608 553 2649 scribit:
578 2609 740 2649 “Facti
773 2622 924 2650 sumus
955 2609 1124 2663 parvuli
1156 2610 1199 2649 in
1232 2610 1379 2650 medio
1415 2616 1620 2660 vestrum,
1652 2616 1749 2651 tan-

282 2695 415 2735 quam
453 2682 487 2722 si
525 2683 675 2723 nutrix
713 2684 859 2724 foveat
896 2683 1007 2724 filios
1045 2698 1156 2724 suos.
1234 2685 1303 2725 Ita
1339 2684 1638 2725 desiderantes
1670 2698 1747 2727 vos

281 2756 441 2810 cupide
472 2757 729 2798 volebamus
771 2758 943 2799 tradere
976 2759 1100 2799 vobis
1142 2772 1230 2799 non
1271 2759 1412 2800 solum
1457 2759 1746 2812 Evangelium

400 2844 412 2864 ²
430 2847 506 2878 Act.
527 2855 578 2880 20.
717 2846 730 2865 ²
753 2856 772 2878 2
791 2848 868 2879 Cor.
888 2848 931 2879 xi.
1068 2846 1082 2867 ²³
1107 2849 1228 2880 Matth.
1253 2857 1300 2889 13.
1438 2849 1452 2867 ⁴
1468 2850 1544 2881 Act.
1565 2857 1616 2881 20.

899 2898 912 2917 ·'’
935 2907 954 2930 2
974 2900 1050 2931 Cor.
1071 2901 1114 2932 xi.
