1903 3197
295 222 390 269 370
622 208 701 253 De
733 209 923 254 ratione
956 207 1150 253 vivendi
1182 207 1442 254 Socz'etczlis.

285 341 472 382 *tationis
514 340 807 388 incommoda,
852 346 900 380 ut
941 339 1104 392 legenti
1146 339 1328 393 planum
1372 345 1447 379 est.
1550 338 1683 391 Quod
1725 340 1760 379 si

294 415 455 455 Paulus
516 413 804 454 Timotheum
866 414 1132 466 episcopum,
1187 420 1230 453 et
1287 413 1360 465 qui
1418 426 1475 452 ex
1531 412 1760 453 stomacho

293 489 535 537 laborabat,
575 487 749 527 modico
787 494 961 528 tantum
1004 488 1105 527 vino
1148 488 1209 526 uti
1248 487 1385 538 jubet,
1424 486 1608 538 potabat
1644 487 1760 526 enim

293 575 485 614 aquam;
548 567 715 614 quanta
767 567 833 601 est
885 562 1187 602 moderatione
1241 560 1463 612 religiosis,
1516 561 1759 612 praesertim

293 635 552 684 valentibus,
596 636 931 688 usurpandum?
1010 636 1068 675 Et
1105 636 1177 687 qui
1215 649 1340 686 aquae
1379 639 1485 686 potu
1524 633 1762 674 dumtaxat

294 715 486 759 utuntur,
526 710 575 748 iis
609 723 785 761 quoque
830 709 1034 749 Clemens
1077 710 1259 748 modum
1303 708 1525 760 quendam
1568 714 1611 747 et
1652 712 1762 747 tem-

289 784 535 835 perantiam
568 783 791 835 praecipit:
827 783 1022 834 “Neque
1046 782 1198 831 enim,”
1223 783 1376 834 inquit,
1399 784 1549 833 “aqua
1572 781 1757 820 nimium

290 856 467 908 profuse
529 856 697 909 impleri
761 857 974 904 convenit,
1028 870 1081 895 ne
1134 857 1343 895 obruatur
1400 853 1759 908 putrimentum.”

294 929 577 981 Omninoque
619 929 938 968 consulendum
983 930 1284 969 moderatione
1337 935 1467 981 potus
1516 928 1758 968 valetudini

294 1008 443 1042 censet
475 1002 530 1041 de
563 1003 781 1042 sententia
805 1002 1036 1054 cujusdam
1063 1002 1270 1050 Cornarii,
1298 1002 1391 1042 Lib.
1417 1003 1471 1041 de
1503 1002 1637 1054 longa
1661 1003 1762 1052 vita,

295 1077 368 1129 qui
422 1077 649 1116 existimat
701 1082 903 1129 oportere
956 1090 1007 1115 eo
1060 1090 1198 1128 usque
1240 1081 1395 1128 potum
1442 1075 1627 1127 praeberi
1670 1089 1762 1115 cor-

293 1151 483 1203 poribus,
511 1152 650 1190 donec
683 1151 992 1190 humectentur
1024 1150 1119 1198 cibi,
1153 1155 1201 1189 ut
1234 1150 1358 1189 nobis
1389 1149 1525 1189 vitam
1558 1162 1763 1201 paremus

292 1225 547 1277 longiorem.
613 1223 702 1264 Sed
737 1224 790 1263 de
813 1230 944 1276 potus
972 1224 1144 1275 cibique
1167 1223 1470 1275 temperantia,
1495 1236 1572 1275 pro
1596 1223 1764 1262 ratione

295 1297 390 1346 loci,
426 1299 532 1337 satis
565 1311 794 1350 superque.

384 1370 531 1423 Quam
554 1378 704 1411 tamen
737 1371 877 1423 ipsam
912 1385 998 1410 non
1032 1370 1309 1410 mediocriter
1342 1370 1579 1422 adjuvabit,
1603 1370 1637 1409 si
1666 1384 1763 1410 eam

294 1458 381 1484 non
425 1445 527 1485 foris
561 1446 800 1485 dumtaxat
837 1451 970 1497 atque
1009 1445 1051 1484 in
1086 1444 1222 1485 oculis
1257 1444 1486 1484 hominum
1520 1451 1762 1494 teneamus,

296 1523 342 1557 ut
380 1519 453 1569 qui
491 1518 627 1557 videri
660 1519 716 1557 ab
754 1519 804 1557 iis
841 1519 980 1557 ventri
1024 1518 1161 1558 dediti
1201 1523 1244 1557 et
1280 1517 1395 1569 gulae
1429 1517 1643 1566 nolimus;
1688 1517 1765 1557 sed

295 1591 450 1630 demus
485 1604 676 1643 operam,
701 1598 748 1630 ut
783 1605 879 1630 eam
916 1591 1055 1630 multo
1090 1592 1231 1643 magis
1269 1591 1459 1640 interius,
1493 1592 1612 1643 quod
1649 1591 1765 1631 Con-

293 1664 463 1704 stitutio
494 1671 641 1704 nostra
674 1664 902 1716 significat,
928 1664 1243 1713 adhibeamus;
1288 1665 1371 1704 hoc
1406 1670 1471 1704 est
1494 1670 1541 1704 ut
1571 1665 1765 1704 interiori

297 1738 527 1790 cupiditati
566 1752 783 1790 ponamus
822 1739 1016 1787 modum,
1050 1744 1093 1778 et
1130 1739 1282 1791 paucis
1320 1739 1513 1777 contenti
1552 1752 1646 1777 esse
1681 1738 1768 1777 dis-

298 1825 460 1851 camus
554 1811 627 1851 Sic
679 1813 796 1851 enim
849 1812 1101 1851 Dorotheus
1153 1812 1381 1864 praecipit:
1445 1815 1466 1831 “
1484 1811 1641 1860 Debet,
1694 1812 1768 1864 qui

298 1885 527 1935 comedit,”
562 1886 713 1938 inquit,
746 1886 926 1925 “cibum
957 1900 1057 1925 cum
1092 1887 1330 1939 gratiarum
1366 1886 1539 1926 actione
1568 1886 1768 1938 recipere,

299 1965 342 2000 et
372 1973 418 1999 se
442 1959 566 2012 quasi
596 1959 826 2012 indignum
857 1961 1113 2000 existimare
1143 1960 1377 2000 refectione
1406 1958 1768 2012 lmjuscemodi.”1

301 2033 360 2073 Et
418 2034 757 2073 Bonaventura:
820 2033 971 2073 “Cum
1023 2033 1299 2086 g1·atiarum‚”
1354 2033 1507 2085 inquit,
1561 2034 1769 2073 “actione

299 2107 485 2147 sufficiat
527 2107 688 2146 habere
725 2108 843 2159 quod
887 2114 1022 2160 potes.
1088 2107 1147 2147 Et
1188 2120 1361 2160 semper
1396 2106 1504 2146 velis
1541 2106 1768 2159 penuriam

299 2182 494 2234 aliquam
545 2183 694 2234 potius
744 2181 968 2230 sustinere,
1012 2195 1144 2233 quam
1197 2180 1294 2234 plus
1346 2177 1629 2220 abundare.‘'2
1710 2180 1770 2220 Et

300 2254 414 2294 hanc
450 2255 630 2294 demum
674 2254 972 2306 frugalitatem
1010 2268 1036 2294 a
1075 2253 1211 2293 Paulo
1247 2251 1596 2305 significatam:3
1628 2252 1769 2293 “Sive

302 2328 557 2376 comedatis,
578 2328 667 2367 sive
689 2327 850 2375 bibitis,
875 2328 1024 2366 omnia
1047 2328 1089 2366 in
1111 2326 1298 2379 gloriam
1322 2327 1405 2366 Dei
1430 2324 1619 2375 facite,''4
1641 2331 1769 2378 putat

305 2400 524 2450 Clemens,
549 2402 652 2452 quia
690 2401 763 2452 qui
800 2399 985 2453 gloriam
1026 2400 1109 2439 Dei
1141 2405 1322 2453 spectat,
1347 2400 1390 2439 in
1422 2399 1636 2439 sumendo
1673 2399 1771 2440 cibo

303 2474 610 2514 necessitatem
634 2488 722 2514 non
745 2474 1019 2526 voluptatem
1043 2474 1246 2526 sequitur.
1313 2474 1377 2514 Ut
1399 2473 1615 2524 significat
1637 2473 1769 2513 etiam

304 2548 511 2588 Basilius:
545 2547 681 2599 “Jam
715 2548 934 2587 modestia
956 2561 1132 2600 quoque
1163 2548 1206 2587 in
1229 2547 1432 2599 religiosa
1455 2560 1606 2587 mensa
1628 2547 1771 2599 requi-

304 2621 422 2670 ritur,
457 2635 556 2674 quae
591 2621 769 2674 quidem
805 2622 937 2661 etiam
976 2623 1071 2674 ipsa
1102 2627 1226 2674 patet
1258 2621 1399 2670 latius,
1424 2627 1467 2661 et
1501 2622 1556 2661 ad
1592 2634 1769 2661 omnem

305 2696 418 2735 bene
450 2701 666 2736 moratam
688 2696 892 2735 vescendi
926 2696 1139 2736 rationem
1172 2696 1388 2748 pertinere
1414 2693 1620 2748 potest.'’5
1682 2694 1771 2735 Sed

306 2783 394 2822 quo
424 2769 661 2810 districtius
690 2769 959 2809 disserantur
988 2770 1148 2818 onmia,
1180 2770 1235 2809 de
1258 2783 1309 2809 ea
1340 2769 1409 2809 hic
1431 2783 1624 2822 agemus,
1648 2775 1696 2809 ut
1727 2769 1770 2808 in

437 2883 449 2903 ¹
475 2885 543 2916 Ser.
569 2891 616 2925 15.
753 2883 766 2901 2
790 2884 843 2914 De
868 2884 974 2915 Instit.
996 2885 1084 2915 Nov.
1105 2894 1138 2925 p.
1160 2892 1186 2915 Ι.
1207 2894 1234 2915 c.
1256 2883 1285 2915 8.
1400 2882 1413 2902 ³
1440 2893 1466 2915 Ι.
1488 2884 1565 2916 Cor.
1590 2892 1637 2915 10.

565 2934 579 2954 ⁴
603 2935 735 2976 Paedag.
755 2935 776 2966 l.
798 2943 826 2966 2.
850 2945 875 2966 c.
901 2943 926 2965 1.
1118 2934 1131 2952 ⁵
1156 2936 1197 2966 In
1222 2935 1304 2975 Reg.
1324 2936 1414 2966 brev.
1439 2934 1507 2974 196.
