1903 3197
422 144 502 190 De
533 150 823 205 (egrotorum
857 159 978 189 cura
1003 143 1229 205 gerenda.
1460 157 1552 203 529

88 276 280 328 aliquam
315 275 628 329 negligentiam
666 274 925 327 patiantur.''
990 274 1049 315 Et
1084 276 1126 315 in
1159 283 1359 316 extremo
1394 276 1549 329 capite,

90 352 110 368 ‘¹
131 349 281 398 Cura‚”
306 349 457 402 inquit,
483 348 721 388 “maxima
758 348 813 390 sit
849 347 1033 398 Abbati,
1067 362 1121 388 ne
1155 363 1180 389 a
1213 350 1443 390 cellerariis
1477 355 1554 391 aut

86 424 367 464 servitoribus
410 423 687 476 negligantur
729 422 899 470 infirmi,
939 423 1041 475 quia
1083 424 1138 463 ad
1189 425 1331 476 ipsum
1374 425 1549 477 respicit

86 498 294 550 quiCquid
327 512 352 538 a
383 497 606 549 discipulis
639 496 946 548 delinquitur.''

174 571 220 611 B.
257 571 557 622 Hieronymus
586 570 734 609 scribit
766 570 821 609 de
854 569 1057 610 fratribus
1090 571 1327 623 ngyptiis,
1356 572 1439 611 hoc
1471 578 1547 621 est,

87 644 313 685 monachis
336 642 710 684 Tabemensibus¹
735 643 844 683 mira
877 644 919 683 in
952 649 1142 696 aegrotos
1165 644 1377 696 obsequia
1399 644 1551 685 solitos

84 718 302 758 exhibere.
365 720 386 736 “
403 716 714 769 AEgrotantis,''
738 717 888 769 inquit,
914 719 934 736 “
954 718 1071 757 miris
1096 723 1399 757 sustentantur
1421 718 1549 758 obse-

84 792 208 843 quiis,
243 797 286 831 et
321 792 376 831 ad
414 804 590 831 omnem
621 792 791 844 copiam
829 793 1086 844 praeparatis
1121 791 1264 832 cibis.'’
1330 792 1456 832 Idem
1491 793 1548 832 ad

85 865 375 905 Eustochium
398 864 453 904 de
475 865 674 905 custodia
691 866 962 917 virginitatis,
982 879 1068 906 non
1093 866 1221 918 longe
1244 867 1300 906 ab
1325 872 1547 907 extremo:

85 941 105 958 ‘⁴'
124 940 170 980 Si
204 939 336 992 quis,‘'
361 939 513 992 inquit,
539 942 559 959 ‘⁸'
577 940 759 992 coeperit
781 945 1006 992 aegrotare,
1033 940 1291 980 transfertur
1323 941 1380 981 ad
1414 941 1548 982 exhe-

83 1015 206 1054 dram
245 1014 458 1063 latiorem,
494 1020 537 1053 et
573 1020 698 1054 tanto
735 1028 879 1054 serum
917 1015 1156 1055 ministerio
1199 1014 1465 1065 confovetur,
1501 1021 1550 1056 ut

83 1101 161 1127 nec
193 1087 371 1127 delicias
404 1088 588 1136 urbium,
614 1102 692 1128 nec
725 1089 875 1128 matris
907 1094 1077 1140 quaerat
1108 1088 1351 1128 affectum.''

172 1163 253 1202 Est
295 1162 426 1202 etiarn
469 1162 772 1214 antiquissima
821 1162 1045 1202 Pachomii
1087 1162 1246 1215 regula,
1284 1176 1383 1214 quae
1421 1161 1547 1214 jubet

82 1250 168 1276 non
203 1236 335 1275 modo
377 1241 644 1287 aegrotorum
686 1236 1031 1285 necessitatibus,
1063 1249 1212 1276 verum
1259 1237 1391 1276 etiam
1440 1236 1545 1288 ipsis

80 1309 306 1349 desideriis
338 1308 428 1348 fieri
463 1309 580 1357 satis,
610 1308 791 1361 darique
827 1310 960 1350 etiam
999 1323 1055 1349 ex
1090 1309 1150 1358 iis,
1182 1323 1279 1361 quae
1313 1310 1546 1350 comedere

80 1396 165 1423 non
203 1388 531 1431 consueverunt,
555 1383 610 1422 ad
646 1396 824 1423 omnem
859 1383 1204 1424 abundantiam:
1244 1388 1264 1402 ‘⁸
1285 1383 1347 1423 Ut
1387 1382 1548 1431 nullo‚''

80 1457 231 1509 inquit,
265 1455 432 1496 “frater
473 1456 706 1508 languidus
747 1456 1063 1497 contristetur.''
1140 1457 1199 1496 Et
1241 1462 1382 1496 recte:
1427 1457 1541 1508 quia,

80 1537 127 1570 ut
149 1531 209 1570 ait
235 1530 546 1582 Hieronymus,
571 1529 654 1570 “Si
688 1529 743 1570 ad
776 1531 1110 1583 aegrotationem
1143 1531 1335 1582 corporis
1363 1531 1546 1571 accedat

79 1603 293 1657 (egritudo
316 1603 462 1652 animi,
487 1603 735 1656 duplicatur
757 1603 1024 1644 infi1·mitas.’'

165 1678 211 1717 B.
248 1677 380 1717 etiam
425 1677 682 1716 Franciscus
724 1682 882 1729 praeter
923 1691 984 1723 ea,
1029 1691 1126 1729 quze
1176 1678 1219 1716 in
1263 1677 1413 1730 regula
1456 1678 1545 1717 suis

77 1751 283 1792 fratribus
326 1751 519 1799 mandat,
553 1757 600 1790 ut
642 1751 722 1790 sibi
766 1751 950 1791 invicem
994 1751 1312 1804 aegrotantibus
1357 1752 1546 1792 serviant

76 1833 288 1877 tanquam
322 1825 510 1864 nutrices
554 1830 595 1863 et
641 1830 812 1871 matres,
842 1830 965 1864 tanta
1003 1838 1106 1877 erga
1143 1830 1335 1876 aegrotos
1379 1825 1544 1876 pietate

77 1900 168 1945 suit,
203 1904 260 1948 ut,
294 1912 347 1938 ne
384 1897 488 1950 quid
527 1897 587 1936 eis
625 1897 808 1943 deesset,
843 1898 1031 1950 ipsemet
1063 1898 1240 1938 vicatim
1275 1904 1317 1938 et
1350 1898 1545 1939 ostiatim

76 1987 137 2017 ca,
176 1986 274 2025 quae
327 1972 431 2024 ipsis
474 1971 717 2011 necessaria
759 1977 915 2017 essent,
958 1971 1284 2012 emendicaret?
1347 1972 1543 2013 Fratrem

75 2045 295 2098 quendam
318 2045 557 2097 aliquando
581 2057 637 2083 ex
662 2045 905 2084 senioribus
928 2059 1028 2085 cum
1052 2060 1220 2098 aegrum
1249 2046 1545 2099 affectumque

77 2120 228 2159 morbo
281 2119 472 2167 vidisset,
527 2118 806 2158 miseratione
858 2120 1052 2171 quadam
1106 2120 1239 2159 animi
1293 2120 1546 2173 pietateque

74 2199 332 2241 commotus,
356 2193 417 2232 ita
447 2206 595 2232 secum
624 2193 717 2245 ipse
752 2199 953 2245 reputare
986 2193 1151 2246 coepit:
1190 2193 1269 2240 hic,
1296 2194 1329 2233 si
1362 2193 1544 2246 paulum

74 2267 326 2321 degustaret
369 2280 476 2314 uvae,
516 2272 780 2306 recrearetur
823 2267 984 2319 utique.
1070 2268 1184 2307 Eum
1225 2268 1356 2320 igitur
1392 2269 1543 2309 statim

73 2343 260 2383 accitum
285 2342 537 2394 proximam
556 2341 735 2381 deducit
758 2341 800 2380 in
817 2341 1002 2387 vineam,
1019 2342 1062 2381 in
1085 2355 1225 2394 eaque
1249 2343 1341 2395 ipse
1364 2343 1542 2395 primus,

74 2429 127 2455 ne
149 2416 296 2468 aliquo
318 2417 485 2469 pudore
508 2415 640 2455 frater
663 2415 959 2468 impediretur,
982 2415 1189 2468 degustat
1213 2431 1343 2457 uvas:
1383 2417 1542 2458 deinde

74 2502 130 2527 ex
169 2489 324 2529 iisdem
362 2489 480 2529 fratri
513 2489 601 2539 dat,
632 2489 791 2542 quibus
825 2488 896 2529 ille
927 2490 1114 2542 gustatis
1148 2491 1374 2543 extemplo
1407 2504 1540 2532 sanus

74 2569 207 2615 atque
249 2563 426 2615 integer,
459 2563 706 2603 admirabili
749 2564 940 2615 quadam
987 2564 1135 2604 divina
1176 2566 1230 2612 vi,
1264 2564 1403 2604 factus
1445 2562 1541 2605 est.3

73 2636 199 2676 Idem
232 2635 353 2689 lepra
385 2637 547 2676 notatis
579 2643 711 2689 atque
745 2636 916 2678 infectis
948 2638 1223 2678 ministrabat
1256 2638 1347 2691 ipse
1378 2650 1540 2691 magna

73 2724 172 2750 cum
215 2710 436 2760 charitate,
470 2716 514 2750 et
555 2711 619 2750 sui
660 2709 838 2752 Ordinis
876 2710 1029 2752 fratres
1061 2712 1238 2760 eisdem,
1274 2711 1538 2764 ubicumque

111 2815 120 2834 ¹
151 2817 188 2847 In
213 2816 303 2858 praef.
326 2817 408 2858 Reg.
431 2816 464 2848 S.
489 2816 667 2847 Pachomii.
763 2814 776 2833 ²
801 2817 850 2847 Ex
870 2817 994 2848 Bonav.
1013 2817 1046 2848 in
1064 2817 1186 2848 Chron.
1208 2828 1237 2857 p.
1259 2817 1275 2847 i.
1299 2817 1319 2847 l.
1341 2825 1369 2848 2.
1390 2827 1417 2849 c.
1439 2824 1490 2858 31.

527 2866 540 2886 ³
564 2868 616 2898 Ex
638 2872 700 2899 aet.
721 2871 754 2899 et
780 2868 835 2899 vit.
858 2867 893 2900 S.
908 2868 1084 2900 Fraucisci.

243 2930 278 2960 ΙΙ
