1903 3197
517 184 597 229 De
628 182 910 244 Disciplina
945 182 1141 227 Mensae.
1469 192 1563 240 379

103 319 347 366 accedente,
381 317 508 369 quia:
546 315 627 355 “A
658 313 737 363 te,''
771 314 923 365 inquit,
947 316 1073 352 “non
1111 313 1275 364 rapitur
1311 319 1453 364 potus,
1484 312 1564 352 tibi

104 393 232 432 datus
275 397 350 440 est,
386 396 430 430 te
472 394 690 441 expectat,
732 401 786 426 ne
828 387 1039 438 disrumpi
1084 386 1354 425 festInaveris
1398 386 1564 437 ingenti

103 465 224 505 hiatu
257 464 491 505 attrahens.
556 460 770 513 Impletus
801 465 878 499 tua
909 459 1013 507 sitis,
1048 465 1090 497 et
1123 460 1157 498 si
1191 460 1356 498 tardius
1388 459 1562 506 biberis,

102 539 285 579 honeste
326 551 377 577 ac
418 536 573 576 decore
614 540 659 574 te
700 546 866 585 gerens,
910 532 1016 571 dum
1059 538 1189 583 potus
1232 538 1279 571 ut
1321 532 1446 571 decet
1488 545 1566 584 per

100 618 246 665 partes
284 610 514 650 dividitur:
552 621 638 647 non
671 608 787 646 enim
819 612 1017 658 tempore
1055 605 1257 651 aufertur,
1298 606 1416 656 quod
1455 619 1564 657 prse-

102 685 255 738 ripitur
285 684 341 724 ab
373 678 772 733 intemperantia.‘'1

190 757 278 798 Sed
320 755 563 796 cavendum
606 753 689 793 hoc
731 752 839 799 loco,
883 766 937 791 ne
990 753 1033 791 in
1082 751 1266 790 alterum
1318 751 1562 790 incidamus

102 837 362 879 extremum,
396 835 445 868 ut
486 828 615 867 nimis
657 826 773 866 lente
813 827 1025 877 tardeque
1067 825 1281 871 bibamus,
1316 838 1404 864 non
1444 825 1560 864 enim

101 905 144 945 id
186 905 292 944 vitio
328 909 466 951 vacat,
502 908 544 941 et
582 902 637 941 ad
674 901 887 940 insaniam
925 905 1095 952 spectat
1137 899 1336 950 gutturis,
1373 899 1564 951 longius-

102 977 245 1018 culam
287 976 626 1016 delectationem
679 974 968 1026 aucupantis3
1021 973 1249 1024 simileque
1291 973 1445 1012 vitium
1489 978 1565 1018 est,

104 1052 138 1092 si
176 1051 372 1103 ejusdem
409 1049 649 1101 voluptatis
682 1047 954 1099 aucupanda:
988 1060 1129 1091 causa,
1164 1060 1251 1085 non
1284 1060 1370 1085 uno
1405 1045 1564 1085 haustu

102 1124 311 1177 cyathum
350 1123 512 1170 ebibas,
546 1122 623 1161 sed
662 1121 952 1173 interruptim,
987 1126 1029 1159 et
1070 1120 1272 1158 brevibus
1315 1118 1564 1165 intervallis,

104 1211 203 1250 quae
254 1197 341 1236 duo
393 1202 440 1235 ut
489 1195 648 1234 viti0sa
696 1194 869 1233 duobus
917 1193 1059 1233 verbis
1110 1193 1419 1231 Bonaventura
1470 1204 1566 1243 per-

103 1271 306 1311 strinxit:
351 1269 433 1309 “Si
482 1267 701 1319 longum,”
751 1268 903 1319 inquit,
953 1270 1031 1306 “et
1074 1265 1386 1318 interpolatum
1434 1265 1566 1304 faciat

102 1341 368 1384 haustum.’'2
436 1342 603 1393 Impuri
648 1342 781 1381 etiam
825 1341 1130 1392 inquinatique
1173 1340 1367 1379 convivz‘e
1410 1344 1486 1387 est,
1530 1339 1564 1378 si

102 1418 219 1471 prius
272 1430 404 1468 quam
456 1416 600 1454 cibum
657 1415 789 1454 dente
831 1414 1066 1452 confecerit
1108 1419 1240 1464 atque
1282 1413 1324 1451 in
1366 1419 1564 1452 ventrem

102 1489 340 1537 abstulerit,
394 1489 448 1528 ad
491 1487 700 1540 cyathum
749 1501 796 1526 os
848 1487 1094 1531 admoveat,
1137 1486 1382 1536 eodemque
1435 1484 1565 1524 simul

102 1569 300 1615 tempore
334 1568 376 1601 et
408 1561 521 1609 edat,
545 1566 587 1600 et
621 1561 754 1600 bibat.
820 1559 1025 1600 Clemens
1058 1559 1247 1597 ibidem:
1282 1562 1302 1577 ¹‘
1323 1559 1416 1597 Nec
1439 1556 1567 1597 simul

104 1637 231 1677 edere
253 1642 296 1675 et
318 1635 465 1675 bibere
489 1635 704 1682 convenit,
730 1640 794 1673 est
825 1634 939 1673 enim
973 1634 1184 1672 maximae
1218 1632 1567 1684 intemperantia:

103 1716 302 1762 tempora
325 1708 600 1755 confundere,
625 1721 811 1759 quorum
835 1721 937 1746 usus
971 1720 1056 1746 non
1090 1706 1218 1746 simul
1242 1704 1570 1745 conveniunt.''3

105 1783 164 1822 Et
207 1783 539 1822 Bonaventura:
585 1781 849 1819 “Decentiae
893 1779 1094 1827 detrahit,
1139 1780 1211 1831 qui
1256 1781 1330 1825 ori,
1371 1779 1568 1818 nondum

105 1856 315 1909 expedito
358 1869 382 1894 a
424 1855 533 1902 cibo,
575 1859 729 1906 potum
779 1853 1062 1892 nihilominus
1110 1852 1300 1904 ingerit.''
1367 1852 1570 1904 Denique

103 1931 147 1970 in
180 1930 284 1982 ipsis
317 1928 562 1968 refectionis
594 1926 841 1973 intervallis,
865 1927 1080 1978 quidquid
1115 1927 1333 1978 impurum
1359 1940 1568 1965 nauseam

104 2004 296 2044 convivis
339 2002 475 2049 affert,
520 2001 729 2041 honestus
770 2002 834 2040 vir
881 2000 1074 2041 evitabit.
1138 2000 1398 2039 Abstinebit
1440 2000 1572 2052 igitur

105 2078 265 2118 crebris
327 2075 692 2123 excreationibus,
746 2074 1111 2121 emunctionibus,
1164 2074 1571 2122 sternutationibus,

104 2150 424 2202 simillimisque
462 2148 654 2188 motibus
692 2162 803 2200 quos
841 2147 1168 2187 stomachorum
1212 2147 1407 2200 plerique
1449 2147 1570 2186 fasti-

103 2226 239 2266 diunt.
304 2223 581 2264 Dorotheus:
630 2222 772 2262 “Noli
816 2228 918 2262 ante
960 2235 1227 2274 quemquam
1267 2235 1460 2274 expuere
1501 2220 1571 2260 vel

104 2312 335 2348 excreare;
379 2297 496 2349 quod
536 2297 570 2336 si
602 2302 647 2336 te
682 2296 812 2336 tussis
854 2302 898 2336 et
938 2296 1098 2348 pituita
1138 2309 1238 2335 cum
1275 2295 1330 2336 ad
1370 2309 1568 2336 mensam

105 2373 230 2414 sedes
272 2371 486 2418 invaserit,
524 2375 646 2410 verte
687 2369 843 2410 faciem
886 2376 1008 2410 tuam
1051 2375 1298 2417 retrorsum,
1337 2376 1380 2410 et
1423 2383 1570 2423 expue

104 2443 361 2487 modeste.”4
456 2444 544 2485 Sed
609 2443 664 2483 de
738 2443 805 2483 his
881 2443 1020 2483 multo
1088 2443 1293 2483 Clemens
1360 2443 1572 2483 uberius:

104 2517 443 2571 “Frequenter‚”
488 2518 641 2570 inquit,
686 2519 706 2537 “
721 2531 925 2570 expuere,
970 2523 1013 2557 et
1063 2517 1297 2557 violentius
1349 2530 1566 2565 excreare,

108 2599 151 2634 et
173 2593 305 2633 etiam
328 2605 563 2644 emungere
585 2591 629 2631 in
652 2591 852 2631 convivio
874 2591 1105 2631 vitandum
1135 2597 1209 2631 est.
1275 2591 1570 2631 Convivarum

107 2667 221 2707 enim
272 2665 477 2705 habenda
528 2670 595 2704 est
646 2665 799 2717 utique
840 2665 961 2714 ratio,
1000 2678 1055 2705 ne
1096 2678 1186 2717 prae
1230 2677 1391 2704 nausea
1432 2663 1569 2704 talem

106 2744 357 2781 aversentur
377 2738 707 2790 turpitudinem,
731 2751 830 2790 quae
852 2738 998 2791 arguit
1019 2737 1419 2790 intemperantiam.
1463 2736 1568 2777 Non

305 2851 318 2870 1
342 2851 473 2892 Paedag.
494 2851 515 2882 l.
536 2859 565 2882 2.
585 2861 612 2882 c.
633 2859 664 2882 2.
842 2850 856 2869 2
881 2851 923 2882 In
941 2851 1036 2892 Spec.
1057 2850 1146 2882 Disc.
1168 2860 1201 2890 p.
1222 2858 1248 2881 1.
1269 2859 1296 2881 c.
1314 2856 1369 2897 ¹21.

490 2900 504 2920 3
528 2901 660 2942 Paedag.
680 2901 702 2934 1.
722 2910 752 2933 2.
774 2912 802 2934 c.
825 2909 852 2934 1.
996 2900 1010 2919 4
1035 2901 1104 2933 Ser.
1124 2908 1175 2932 20.
