1903 3197
225 166 320 211 288
551 165 631 210 De
662 165 854 211 ratione
886 164 1079 211 vivendi
1112 164 1374 211 Socz'etatz‘s.

226 298 354 337 rectis
377 311 423 337 se
445 297 604 337 nostris
626 297 795 337 actibus
818 297 1185 349 concupiscentiae
1206 303 1391 337 terrenae
1408 295 1695 349 subjungunt.

228 370 359 424 Saepe
406 371 575 410 desidia
617 371 933 410 interveniente
979 370 1198 417 deficiunt,
1238 369 1341 422 quia
1394 369 1560 410 fervore
1607 384 1696 423 quo

226 450 374 497 coepta
410 449 521 492 sunt,
556 444 814 496 frigescente
851 457 1010 493 amore,
1044 440 1343 483 tabescunt.'’1
1421 442 1524 482 Huc
1561 443 1694 484 etiam

225 518 534 559 accommodat
551 518 616 558 vir
638 524 816 558 sanctus
832 518 963 558 verba
986 517 1059 557 illa
1080 517 1186 569 Job:
1220 516 1454 569 “Cumque
1476 517 1519 556 in
1542 517 1694 558 orbem

225 591 486 632 transissent
539 591 632 631 dies
684 591 880 639 convivii,
925 590 1131 631 mittebat
1178 590 1265 642 Job
1307 595 1351 630 et
1391 589 1696 631 sanctificabat

226 663 384 714 illos,'’‘2
433 665 681 715 “Peracto,”
706 666 857 717 inquit,
881 665 1015 705 “orbe
1037 665 1205 704 dierum
1225 664 1422 713 convivii,
1443 664 1616 704 mittere
1638 664 1695 705 ad

225 738 338 779 filios
368 745 411 779 et
437 753 511 779 eos
544 738 826 788 sanctificare,
850 744 916 778 est
944 744 1044 791 post
1066 739 1277 778 virtutum
1307 751 1485 778 sensum
1517 738 1696 778 intenti-

224 825 355 852 onem
378 812 522 852 cordis
545 812 742 864 dirigere,
767 817 810 851 et
832 825 963 852 omne
985 811 1104 863 quod
1134 811 1289 863 agitur,
1314 812 1512 851 districta
1535 818 1696 852 retrac-

225 887 406 926 tationis
439 886 719 933 discussione,
751 886 991 934 mundare3
1035 898 1089 924 ne
1127 884 1245 924 bona
1282 885 1556 925 aestimentur
1592 898 1693 937 quae

225 960 342 1000 mala
371 965 483 1008 sunt,
517 972 572 998 ne
603 958 759 998 saltem
789 958 1000 998 veraciter
1031 957 1149 997 bona
1180 963 1392 1009 putentur
1422 958 1694 1009 sufficientia,

225 1047 326 1073 cum
348 1033 543 1085 perfecta
564 1045 652 1071 non
689 1030 820 1071 sunt.3
872 1031 1099 1070 Discussio
1122 1030 1254 1083 igitur
1275 1030 1464 1082 diligens
1485 1031 1554 1070 vel
1577 1032 1695 1084 cogi-

224 1107 455 1154 tationum,
471 1104 538 1145 vel
557 1104 841 1153 occultorum,
860 1103 928 1143 vel
951 1104 1084 1143 etiam
1107 1104 1322 1143 bonorum
1341 1110 1588 1144 nostrorum
1606 1118 1695 1145 non

224 1180 337 1220 sinet
370 1193 450 1219 nos
481 1185 657 1232 tempus
690 1179 830 1218 otiose
860 1184 993 1230 atque
1023 1177 1234 1217 inutiliter
1254 1183 1403 1218 terere.
1480 1178 1698 1219 Praeterea.

224 1253 426 1306 quamvis
463 1252 582 1292 nulla
620 1252 895 1292 inveniamus
937 1265 1031 1291 esse
1068 1251 1239 1299 delicta,
1278 1265 1366 1291 non
1409 1256 1584 1291 tantum
1624 1252 1696 1292 hic

225 1327 443 1367 examinis
466 1326 563 1366 finis
594 1331 660 1366 est
690 1331 738 1365 ut
772 1324 911 1365 multa
943 1324 1328 1378 deprehendamus
1357 1331 1510 1374 errata,
1541 1325 1617 1365 sed
1648 1330 1697 1366 ut

224 1400 418 1454 singulas
450 1400 776 1453 perpendamus
809 1399 1015 1448 actiones,
1043 1398 1196 1452 quales
1228 1398 1313 1438 illae
1346 1400 1445 1448 sint,
1469 1412 1568 1451 quae
1601 1399 1696 1452 qui-

226 1475 328 1514 dem
362 1475 395 1513 si
429 1474 516 1514 sint
548 1487 701 1514 omnes
734 1473 989 1521 laudabiles,
1022 1478 1066 1512 et
1096 1473 1203 1513 vitio
1247 1478 1435 1522 careant,
1468 1478 1564 1513 tum
1596 1472 1695 1513 finis

227 1548 307 1587 erit
339 1548 569 1595 examinis,
593 1561 681 1587 non
713 1547 892 1599 quidem
923 1546 1051 1586 fletus
1081 1552 1156 1586 aut
1189 1545 1325 1595 dolor,
1349 1546 1426 1586 secl
1459 1545 1698 1599 gratulatio

227 1627 272 1662 et
293 1622 532 1674 gratiarum
557 1621 682 1661 actio.

314 1695 583 1748 Respondeo
610 1694 814 1735 secundo.
850 1693 1067 1746 Quamvis
1093 1693 1283 1746 cuipiam
1298 1693 1499 1733 videatur
1528 1693 1698 1733 exami-

227 1769 294 1808 nis
336 1768 520 1809 materia
562 1768 673 1808 forte
710 1768 874 1815 deesse,
912 1780 1000 1806 non
1042 1767 1204 1806 idcirco
1247 1765 1560 1806 remittendam
1605 1779 1701 1806 esse

225 1856 375 1883 curam
406 1842 691 1894 studiumque
720 1840 944 1881 scrutandi
975 1840 1068 1891 sui,
1100 1840 1350 1900 scilicet-ne
1371 1840 1487 1889 vitia,
1512 1840 1567 1880 ad
1598 1853 1697 1892 quae

226 1917 544 1970 proclivissima
586 1921 742 1956 natura
784 1920 934 1955 nostra
976 1919 1054 1963 est,
1091 1914 1485 1967 appropinquent;
1533 1914 1698 1967 quippe

225 1990 295 2030 hic
325 1990 545 2030 examinis
576 1989 741 2029 fructus
772 1995 838 2028 est
861 1988 1091 2028 materiam
1122 2001 1296 2040 semper
1322 1987 1520 2026 minuere
1545 2000 1702 2039 pecca-

224 2071 381 2104 torum.
458 2063 674 2104 Custodia
717 2062 833 2102 enim
877 2062 1037 2101 mentis
1074 2066 1236 2101 nostrae
1275 2060 1463 2112 diligens
1506 2059 1611 2099 facit
1652 2064 1701 2100 ut

224 2138 374 2181 hostes
415 2143 573 2185 arceat,
607 2137 714 2176 vitia
755 2135 920 2175 scilicet
970 2141 1013 2174 et
1062 2139 1243 2187 peccata
1291 2146 1490 2186 persaepe
1539 2133 1696 2182 absint,

227 2210 352 2252 Sicut
375 2210 622 2250 communis
644 2210 755 2249 arcis
777 2208 988 2248 custodiae
1018 2213 1152 2259 atque
1173 2206 1333 2259 vigiliae
1361 2207 1396 2245 is
1423 2212 1489 2246 est
1516 2206 1696 2255 fructus,

224 2298 280 2324 ne
315 2283 528 2324 accedant
565 2282 714 2322 hostes
756 2282 811 2322 ad
857 2281 1022 2330 urbem,
1055 2281 1129 2332 qui
1163 2280 1198 2319 si
1234 2280 1394 2328 absint,
1426 2285 1504 2319 aut
1545 2279 1703 2321 abesse

223 2363 444 2410 putantur,
468 2356 527 2395 illi
561 2355 794 2396 confestim
825 2354 1047 2394 advolant.

312 2429 581 2483 Respondeo
623 2429 763 2469 tertio.
828 2426 1020 2480 Quando
1059 2427 1184 2467 deest
1216 2427 1476 2479 quotidiana
1514 2426 1699 2466 materIa

223 2503 453 2552 examinis,
487 2516 566 2542 nec
598 2501 686 2541 ulla
715 2508 930 2554 apparent
961 2501 1165 2541 deflenda
1198 2506 1274 2540 aut
1305 2499 1495 2541 arcenda
1526 2498 1698 2548 delicta,

225 2577 316 2618 sive
338 2577 381 2616 in
404 2576 548 2629 pravis
565 2575 824 2624 actionibus,
843 2575 933 2615 sive
955 2575 998 2614 in
1016 2575 1154 2623 bonis,
1170 2581 1266 2615 tum
1285 2573 1504 2614 examinis
1522 2578 1705 2626 tempus*

223 2651 285 2690 ita
308 2650 436 2691 nobis
452 2649 774 2690 traducendum
798 2649 889 2688 erit.
933 2648 1142 2698 Primum,
1160 2655 1208 2688 ut
1226 2649 1423 2688 animum
1443 2659 1698 2687 revocemus

221 2723 291 2764 vel
314 2723 370 2764 ad
395 2724 535 2776 magis
558 2723 731 2771 usitata,
748 2735 846 2774 quae
870 2721 1142 2774 frequentius
1165 2734 1422 2774 oppugnare
1445 2734 1524 2760 nos
1542 2719 1701 2768 solent,

221 2797 339 2847 vitia,
355 2802 405 2837 ut
421 2810 473 2837 ea
490 2797 650 2837 nostris
668 2795 852 2836 decretis
871 2796 1136 2847 statutisque
1161 2794 1357 2835 funditus
1375 2805 1696 2847 expugnemus.

381 2884 394 2904 1
418 2884 537 2919 Moral.
558 2885 579 2918 l.
600 2893 631 2925 9.
652 2894 679 2918 c.
700 2893 751 2926 34.
888 2882 902 2902 2
922 2884 989 2925 Job
1006 2892 1032 2915 1.
1169 2882 1183 2903 3
1206 2883 1326 2917 Mox-al.
1347 2883 1369 2915 l.
1394 2892 1419 2915 1.
1442 2893 1469 2914 c.
1487 2890 1530 2924 34
