1903 3197
294 187 381 217 112
612 172 692 217 De
723 172 913 218 radiolae
947 171 1141 218 vivendi
1173 171 1432 218 Socz'etalz‘s.

289 305 451 345 Paulus
493 304 749 356 Apostolus,
784 305 858 357 qui
901 305 1101 345 dicebat:
1142 305 1364 357 “Castigo
1403 318 1560 357 corpus
1604 318 1751 345 meum

291 384 335 418 ct
387 379 429 417 in
481 380 733 419 servitutem
785 379 1024 432 redigo;”1
1080 386 1124 420 et
1178 380 1375 427 Basilius,
1421 385 1469 418 ut
1516 378 1754 431 Gregorius

292 452 534 505 Nyssenus,
559 453 601 492 in
631 452 842 493 Oratione
866 454 920 493 de
950 454 1153 494 laudibus
1176 453 1279 505 ejus,
1311 454 1377 492 his
1407 453 1551 493 verbis
1583 454 1758 494 scribit:

290 526 467 579 “Quasi
511 528 796 567 inexorabilis
838 529 1042 568 dominus
1085 529 1251 568 nullam
1296 542 1419 568 servo
1462 542 1541 567 suo
1584 529 1757 581 corpori

292 601 612 642 relaxationem
657 601 925 655 indulgebat,
969 603 1044 643 sed
1087 617 1164 656 per
1205 617 1424 643 summam
1469 603 1754 643 afffictionem

292 682 335 716 et
358 677 675 716 continentiam
699 676 987 729 flagellabat.''
1023 678 1082 717 Et
1104 679 1482 730 quemadmodum
1506 678 1756 717 animantes

291 750 473 790 rationis
535 756 740 803 expertes
793 751 973 791 domare
1023 752 1275 792 verberibus
1327 753 1644 801 consuevimus,
1698 766 1752 792 ne

292 825 548 872 detrectent,
592 825 711 877 quod
764 825 1003 878 imponitur
1044 841 1165 875 onus,
1209 833 1252 867 et
1289 827 1414 866 nobis
1457 827 1753 879 obsequentes

292 898 555 949 reddamus;
580 899 640 939 ita
663 906 706 939 et
728 913 895 952 corpus,
919 900 1037 953 quod
1060 901 1239 940 rationis
1263 901 1481 940 detractat
1505 901 1750 953 imperium,

293 978 341 1012 ut
375 973 411 1012 ei
446 973 701 1024 subjiciatur
724 974 864 1012 “ferae
897 974 1069 1021 instar,'’
1094 980 1141 1013 ut
1178 975 1238 1014 ait
1282 975 1479 1023 Basilius,
1506 974 1758 1015 “cohiben-

292 1048 400 1087 dum
416 1061 440 1087 a
456 1048 582 1086 nobis
597 1046 722 1086 est.'’'2
745 1047 876 1099 Quod
895 1048 1085 1087 faciebat
1106 1047 1319 1095 Hilarion,
1335 1054 1448 1088 teste
1466 1048 1756 1100 Hieronymo,

288 1135 394 1162 -cum
425 1122 624 1161 dicebat:
660 1121 794 1173 “Ego
818 1128 860 1161 te
890 1121 1022 1161 aselle
1055 1122 1225 1171 faciam,
1251 1128 1298 1161 ut
1321 1112 1408 1162 non
1439 1122 1648 1170 calcitreS,
1674 1136 1754 1163 nec

292 1202 338 1236 te
379 1195 546 1234 hordeo
590 1195 717 1242 alam,
761 1195 837 1235 sed
891 1195 1061 1248 paleis.'’
1127 1196 1186 1236 Et
1222 1197 1305 1236 hoc
1347 1198 1622 1249 propositum
1666 1211 1760 1237 esse

293 1269 470 1310 famulis
502 1269 586 1308 Dei
619 1269 662 1308 in
695 1269 782 1309 suis
815 1271 1068 1323 corporibus
1096 1271 1375 1323 castigandis,
1401 1271 1530 1311 docet
1562 1271 1760 1324 pluribus

235 1358 238 1362 ·
294 1343 575 1396 Augustinus
634 1343 689 1383 de
743 1344 872 1384 Doct.
925 1344 1081 1392 Christ,
1135 1345 1208 1384 ubi
1268 1345 1328 1384 sic
1390 1346 1503 1384 inter
1566 1352 1762 1386 caetera:

293 1418 466 1470 “Quod
519 1424 668 1457 autem
722 1418 991 1458 continentia
1035 1418 1228 1470 quadam
1282 1424 1325 1458 et
1368 1418 1592 1458 laboribus
1635 1420 1762 1471 quasi

295 1491 498 1545 persequi
546 1491 750 1531 videntur
800 1506 983 1544 corpora
1026 1506 1115 1541 sua,
1159 1506 1245 1532 non
1298 1493 1341 1532 id
1394 1499 1531 1545 agunt
1583 1499 1632 1532 ut
1675 1507 1762 1533 non

294 1566 489 1606 habeant
512 1579 679 1617 corpus,
704 1567 779 1605 sed
804 1572 850 1605 ut
873 1566 1066 1606 habeant
1088 1566 1373 1618 subjugatum
1404 1573 1447 1606 et
1469 1573 1673 1619 paratum
1706 1568 1762 1608 ad

296 1653 430 1693 opera
456 1640 726 1687 necessaria:
762 1639 966 1680 libidines
999 1641 1114 1679 enim
1149 1640 1263 1680 male
1295 1646 1468 1680 utentes
1501 1655 1693 1693 corpore,
1719 1641 1763 1681 id

297 1719 362 1754 est
404 1714 748 1753 consuetudines
792 1719 835 1753 et
878 1715 1183 1753 inclinationes
1227 1715 1385 1754 animae
1429 1715 1484 1754 ad
1527 1715 1762 1755 fruendum

297 1787 583 1835 inferioribus,
609 1801 686 1839 per
708 1788 844 1840 ipsius
875 1788 1069 1840 corporis
1099 1787 1363 1827 laboriosam
1395 1789 1619 1840 quandam
1652 1789 1764 1829 mili-

297 1863 407 1901 tiam
445 1862 707 1913 extinguere
741 1861 985 1901 affectant.''
1050 1861 1109 1901 Et
1144 1875 1251 1901 mox
1286 1876 1385 1901 cum
1425 1862 1620 1916 explicat
1657 1862 1765 1904 illud

300 1936 450 1976 Pauli:
495 1935 648 1975 “Caro
691 1936 961 1989 concupiscit
1004 1936 1212 1975 adversus
1254 1936 1466 1989 spiritum,
1506 1942 1549 1976 et
1591 1937 1768 1990 spiritus

297 2009 506 2050 adversus
541 2008 777 2050 carnem.’'3
841 2010 1060 2049 “Dictum
1104 2009 1207 2058 est,”
1247 2010 1398 2062 inquit,
1435 2010 1553 2051 “hoc
1589 2019 1770 2064 propter

298 2084 563 2124 indomitam
599 2084 818 2123 carnalem
856 2083 1234 2131 consuetudinem,
1264 2083 1471 2124 adversus
1506 2098 1639 2136 quam
1683 2086 1770 2138 spi-

298 2159 405 2198 ritus
437 2157 734 2209 concupiscit;
768 2170 855 2196 non
886 2162 935 2196 ut
967 2157 1191 2196 interimat
1221 2171 1390 2209 corpus,
1422 2157 1499 2197 sed
1533 2165 1581 2198 ut
1610 2172 1770 2199 concu-

296 2231 555 2284 piscentiam
593 2230 686 2281 ejus
729 2236 772 2269 et
807 2230 1173 2270 consuetudinem
1217 2230 1332 2270 male
1375 2230 1592 2271 domitam
1637 2233 1770 2273 faciat

298 2303 468 2356 spiritui
508 2303 803 2355 subjugatam,
839 2304 959 2356 quod
1002 2303 1212 2344 naturalis
1250 2304 1358 2344 ordo
1396 2304 1650 2346 desiderat.”
1715 2306 1768 2347 Id

299 2384 447 2418 autem
490 2378 727 2430 persuadet
770 2378 939 2430 optima
984 2377 1180 2418 ratione:
1236 2377 1354 2430 Quia
1405 2379 1521 2418 enim
1562 2379 1646 2420 hoc
1689 2380 1771 2420 erit

298 2458 401 2505 post
442 2452 816 2501 resurrectionem,
861 2458 909 2492 ut
941 2465 1099 2504 corpus
1143 2451 1263 2491 omni
1306 2451 1440 2491 modo
1482 2465 1581 2492 cum
1621 2454 1769 2505 quiete

298 2539 473 2565 summa
507 2525 677 2578 spiritui
715 2525 943 2564 subditum
986 2524 1296 2565 immortaliter
1325 2525 1484 2577 vigeat,
1517 2525 1600 2566 hoc
1635 2527 1769 2567 etlam

298 2599 343 2638 in
394 2598 476 2639 hac
523 2599 614 2638 vita
665 2599 971 2638 meditandum
1026 2605 1105 2648 est,
1157 2604 1206 2638 ut
1257 2598 1531 2638 consuetudo
1583 2600 1770 2641 carnalis

299 2678 494 2712 mutetur
555 2673 597 2711 in
658 2671 824 2720 melius,
884 2686 964 2712 nec
1023 2672 1282 2712 inordinatis
1344 2672 1538 2713 motibus
1597 2675 1772 2716 resistat

302 2744 509 2799 spiritui.'’
521 2744 536 2767 4

431 2849 444 2894 J
471 2859 498 2884 1.
520 2851 596 2885 Cor.
619 2860 649 2893 9.
765 2850 778 2870 2
803 2851 906 2884 Hom.
926 2859 979 2891 24.
1001 2851 1056 2884 De
1078 2851 1141 2892 leg.
1162 2851 1219 2884 lib.
1242 2851 1365 2883 Gentil.
1472 2850 1486 2872 ³
1511 2852 1585 2886 Gal.
1607 2859 1636 2895 5.

896 2901 911 2923 ⁴
934 2903 1009 2936 Lib.
1030 2911 1057 2937 1.
1078 2913 1105 2937 c.
1126 2910 1180 2945 24.
