1903 3197
599 160 679 205 De
715 161 815 206 vitaz
851 163 1100 209 conmumzz'.
1517 165 1578 222 87

116 292 305 345 primum
367 291 588 343 temporis,
641 291 800 331 deinde
861 293 1129 343 quantitatis,
1187 300 1281 333 tum
1342 300 1579 347 apparatus

117 365 330 415 habetur;
391 371 546 418 postea
596 365 911 417 temperantiae,
965 366 1155 417 denique
1207 368 1430 416 decentiae,
1479 382 1577 408 cum

117 438 340 487 interioris,
392 443 487 478 tum
539 439 672 478 etiam
723 444 930 487 externae,
978 452 1163 490 quarum
1218 452 1360 478 rerum
1414 441 1577 481 nullam

105 511 320 551 secularis
380 511 524 552 habet.
615 511 686 551 Ac
737 511 947 564 temporis
1009 511 1188 563 quidem
1247 512 1472 552 minimam
1535 515 1578 553 in

116 585 331 637 capiendo
372 584 469 624 cibo
511 585 724 624 rationem
768 584 912 633 habet,
951 598 1050 624 cum
1095 585 1227 624 modo
1269 585 1406 633 citius,
1445 588 1577 627 modo

115 659 250 698 serius
282 657 540 708 accumbat;
578 665 752 710 tempus
786 659 822 697 ei
857 663 933 697 aut
965 658 1114 706 fames,
1144 664 1221 698 aut
1258 659 1435 711 negotia
1467 674 1577 711 prae-

116 731 321 770 scribunt.
384 730 521 783 Apud
553 745 632 771 nos
661 737 809 771 autem
840 737 1007 771 certum
1031 731 1238 771 definitur
1259 745 1369 772 escae
1392 738 1578 784 tempus,

113 803 232 843 verbi
264 805 417 855 gratia,
451 818 531 844 sex
563 804 693 844 horas
725 818 781 844 ex
815 818 902 856 quo
938 805 1264 845 surrexerimus.
1342 805 1578 857 Scriptura:

115 883 262 917 autem
316 877 473 917 edendi
531 877 684 918 horam
741 878 869 918 valde
920 879 1246 927 commendant,
1300 884 1343 918 et
1401 879 1575 919 beatam

100 957 272 991 vterram
325 951 444 991 illam
497 951 732 1004 appellant,
773 951 936 1003 “cujus
985 952 1202 1004 principes
1244 957 1478 991 vescuntur
1532 953 1574 992 in

113 1031 310 1077 tempore
348 1024 505 1064 suo:'’1
556 1031 708 1065 contra
744 1040 846 1065 vero
889 1025 1147 1065 minitantur
1188 1027 1225 1065 ei
1266 1030 1285 1045 ‘¹
1302 1026 1424 1078 cujus
1461 1026 1577 1078 prin-

111 1097 230 1150 cipes
263 1112 391 1138 mane
423 1098 693 1147 comedunt,'’
718 1099 963 1138 inordinate
996 1104 1043 1138 ut
1077 1098 1233 1139 Glossa
1257 1099 1373 1148 dicit,
1397 1105 1440 1139 et
1472 1106 1574 1139 ante

113 1178 297 1224 tempus.
362 1172 455 1211 Nec
485 1173 754 1224 quantitatis,
778 1178 853 1212 aut
882 1186 1096 1212 mensurae
1127 1172 1331 1212 secularis
1362 1174 1575 1213 rationem

111 1245 255 1293 habet,
291 1245 380 1284 sive
416 1259 467 1284 ea
509 1245 564 1285 sit
600 1245 798 1293 discreta,
834 1246 923 1285 sive
961 1247 1196 1286 continua:
1250 1261 1337 1287 non
1373 1247 1571 1295 discreta,

113 1319 215 1369 quia
248 1318 382 1358 modo
416 1319 622 1370 pluribus,
655 1319 787 1359 modo
820 1320 1097 1371 paucioribus
1128 1320 1266 1372 epulis
1305 1334 1478 1360 mensas
1514 1322 1576 1360 in-

111 1391 247 1431 struit.
308 1391 444 1444 Apud
469 1405 546 1432 nos
571 1398 716 1432 autem
742 1392 829 1432 fere
851 1393 989 1432 tribus
1013 1393 1184 1432 ferculis
1208 1406 1360 1432 mensa
1383 1395 1573 1442 struitur,

110 1465 487 1516 quemadmodum
530 1471 573 1505 et
623 1465 668 1505 B.
706 1466 969 1505 Benedictus
1013 1466 1055 1505 in
1098 1462 1186 1506 suis
1228 1466 1387 1519 regulis
1436 1467 1576 1518 jubet,

112 1543 159 1577 ut
200 1537 288 1577 duo
339 1538 425 1578 sint
476 1545 600 1579 cocta
651 1538 824 1589 fercula,
867 1539 1046 1579 tertium
1095 1553 1151 1579 ex
1194 1540 1338 1592 pomis
1380 1551 1574 1589 caseovc,

111 1624 189 1663 pro
230 1612 331 1651 anni
369 1618 596 1665 tempore;
652 1613 793 1652 Festis
830 1620 977 1653 autem
1017 1613 1170 1652 diebus
1208 1627 1344 1653 unum
1386 1614 1573 1653 additur.

112 1684 268 1737 Neque
290 1687 508 1726 continuae
536 1686 749 1726 rationem
780 1686 924 1735 habet,
949 1687 1051 1739 quia
1080 1701 1167 1726 non
1196 1687 1377 1739 singulis
1403 1687 1574 1727 ferculis

112 1758 293 1798 modum
336 1761 472 1812 ponit,
516 1767 563 1800 ut
606 1774 694 1801 nos.
758 1760 895 1813 Apud
939 1775 1018 1800 nos
1061 1761 1176 1800 enim
1218 1767 1336 1801 certa
1379 1762 1574 1801 carnium

97 1832 386 1884 >pisciumque
419 1846 620 1873 mensura
652 1834 956 1885 praescribitur,
987 1841 1030 1874 et
1062 1835 1209 1874 omnia
1239 1835 1489 1887 prfebentur
1520 1836 1575 1874 ad

111 1905 310 1957 pondus:
355 1906 530 1954 Carnes,
569 1907 721 1959 pisces,
761 1921 925 1956 caseus,
963 1914 1006 1947 et
1044 1908 1085 1947 id
1123 1922 1261 1960 genus
1298 1908 1413 1957 alia;
1456 1921 1577 1948 men-

111 1991 255 2018 suram
298 1992 400 2018 vero
452 1979 718 2019 secularibus
771 1980 982 2033 cujusque
1036 1980 1161 2033 dapis
1207 1986 1283 2020 aut
1333 1981 1577 2033 praescribit

93 2052 337 2104 =cupiditas,
377 2058 452 2092 aut
490 2052 683 2093 facultas.

198 2125 249 2164 In
290 2133 504 2178 apparatu
547 2140 649 2166 vero
699 2127 897 2167 ciborum
942 2128 1157 2167 seculares
1198 2141 1329 2180 saepe
1371 2128 1575 2169 “infinita

111 2199 428 2248 decoctionum,
473 2206 516 2240 et
568 2200 850 2249 frixurarum,
895 2208 938 2242 et
984 2202 1363 2241 condimentorum
1415 2216 1576 2254 genera

109 2273 402 2326 excogitant,’'
436 2280 483 2314 ut
520 2275 655 2327 Hugo
695 2273 941 2327 loquitur32
982 2275 1024 2314 in
1062 2289 1200 2328 eaque
1237 2275 1396 2328 regulae
1435 2276 1576 2328 magis

91 2360 242 2398 rquam
275 2347 523 2388 necessitati
566 2349 787 2389 serviunt:
846 2349 1002 2389 merito
1035 2356 1082 2389 ut
1115 2353 1278 2389 “terrae
1321 2348 1468 2399 filios,”
1502 2350 1576 2401 qui

108 2420 340 2460 varietates
372 2427 463 2460 tam
498 2422 764 2474 multiplices
800 2429 1119 2472 consectantur,
1144 2423 1348 2464 Clemens
1374 2424 1575 2464 Alexan-

109 2493 258 2533 drinus
309 2495 511 2547 appellet.
588 2495 658 2535 Ac
710 2497 752 2535 in
809 2497 967 2537 nostris
1019 2498 1179 2537 mensis
1231 2511 1318 2538 non
1370 2511 1571 2538 cocorum

109 2566 296 2620 refulget
337 2568 558 2617 industria,
604 2583 692 2609 non
737 2577 1020 2622 apponuntur
1060 2572 1278 2612 incentiva
1328 2572 1571 2620 libidinum,

92 2647 157 2681 ·ut
182 2640 481 2694 Hieronymus
505 2641 725 2695 loquitur.3
792 2645 851 2684 Et
873 2650 1021 2685 tamen
1045 2645 1231 2698 legimus
1260 2646 1302 2685 in
1332 2645 1571 2685 monachos

90 2715 324 2767 quosdam
348 2715 428 2756 hac
446 2716 500 2756 de
523 2730 654 2757 causa
673 2717 949 2758 Bernardum
973 2720 1129 2760 acriter
1150 2718 1323 2759 invehis*
1355 2722 1375 2737 “
1390 2717 1573 2768 Tanta‚''

208 2818 218 2837 ¹
246 2820 334 2851 Eccl.
360 2829 406 2852 10.
565 2821 578 2839 2
604 2823 711 2854 Instit.
733 2834 807 2855 nov.
831 2835 856 2855 e.
882 2833 929 2864 19.
1088 2823 1102 2843 3
1128 2825 1231 2856 Hom.
1251 2824 1293 2855 ad
1312 2823 1466 2855 Monach.

564 2872 578 2891 ⁴
601 2873 703 2914 Apol.
725 2875 769 2906 ad
786 2875 905 2908 Guliel.
928 2876 1017 2908 Abb.
1037 2886 1064 2907 e.
1083 2884 1113 2915 9.
