1903 3197
279 185 338 229 92
595 170 675 215 De
706 171 897 215 ratione
930 170 1122 217 vivendi
1157 170 1426 217 Societatz's.

274 302 643 355 approbationem
667 308 928 355 expectant;
953 310 1085 355 atque
1108 303 1224 344 hunc
1248 309 1475 343 removent
1499 302 1572 343 illa
1590 304 1747 344 verba:

277 378 301 394 “
316 389 414 427 quae
437 375 518 415 sibi
541 375 804 416 videbunter
825 390 924 416 cum
948 378 1266 430 approbatione
1294 375 1583 429 Superioris.‘’

365 449 540 489 Tertius
563 455 628 489 est
651 463 800 490 eorum
824 451 898 502 qui
928 456 1004 490 aut
1035 465 1181 503 pravo,
1201 456 1275 490 aut
1304 456 1419 490 certe
1449 463 1536 490 non
1569 450 1744 503 optimo

277 522 374 570 fine,
403 522 446 561 in
470 522 714 575 deligenda,
739 529 782 563 ct
804 524 1081 573 assumenda,
1105 530 1148 564 et
1177 524 1259 563 sibi
1292 524 1571 576 deposcenda
1601 524 1747 576 poeni--

277 597 420 636 tentia
478 598 705 637 ducuntur.
789 597 848 637 Et
894 597 993 637 huic
1045 599 1186 643 errori.
1245 611 1294 637 ea
1351 612 1449 649 quae
1502 603 1747 649 sequuntur

278 676 510 711 occurrunt
543 672 637 711 “ad
671 671 883 722 majorem
917 672 981 710 sui
1014 672 1190 724 spiritus
1226 671 1506 723 profectum.”
1571 669 1746 722 Quibus

277 744 418 783 verbis
461 759 540 797 pro
587 744 673 784 fine
725 745 1030 797 praescribitur,
1084 751 1130 784 ut
1182 758 1244 783 eze
1297 744 1544 798 deligendae
1596 758 1743 797 poenae

279 824 512 858 monentur
543 819 586 857 in
618 818 781 870 primis,
809 832 907 870 quae
940 818 1024 858 huc
1056 818 1287 870 pertinent.
1366 819 1577 858 Dicamus
1610 818 1746 870 igitur

277 892 332 930 de
355 891 547 944 singulis,
571 899 613 932 et
636 892 832 944 singulos
855 892 1090 944 eripiamus
1113 905 1288 931 errores

802 1103 856 1127 DE
889 1101 1018 1126 PRIMO
1051 1102 1230 1128 ERRORE.

365 1185 451 1238 Qui
484 1186 769 1238 poenitentias
803 1186 883 1226 sibi
921 1200 1008 1226 non
1039 1187 1296 1239 deposcunt,
1321 1187 1397 1227 sed
1422 1201 1484 1227 eae
1519 1188 1601 1228 sibi
1636 1188 1742 1228 dum

275 1261 559 1312 imponantur
606 1266 857 1313 expectant,
911 1261 1048 1300 tribus
1100 1261 1305 1301 videntur
1366 1261 1529 1314 impelli
1591 1263 1742 1302 causis.

280 1340 332 1375 10.
383 1332 499 1386 Quia
548 1334 703 1373 melius
757 1334 924 1374 consuli
980 1334 1216 1374 humilitati
1273 1341 1442 1387 putant,
1499 1341 1542 1375 et
1598 1337 1744 1375 minus

276 1409 416 1448 inesse
467 1408 647 1460 periculi
700 1409 991 1458 coenodoxiae,
1035 1408 1140 1447 dum
1192 1422 1238 1448 se
1290 1422 1377 1448 non
1429 1410 1660 1450 venditant
1703 1417 1745 1450 et

275 1486 511 1522 ostentant.
592 1482 711 1521 Dicit
736 1482 863 1521 enim
899 1481 1136 1534 Gregorius
1181 1483 1223 1521 in
1269 1482 1599 1523 Commentario
1638 1497 1744 1523 suo:

275 1555 444 1594 “Tales
473 1555 565 1607 jam
599 1555 700 1595 facti
732 1569 809 1608 per
839 1557 1164 1609 corruptionem
1197 1570 1358 1603 sumus,
1393 1563 1441 1597 ut
1473 1558 1575 1597 boni
1609 1557 1745 1597 videri

276 1629 409 1669 etiam
448 1629 503 1669 ab
541 1629 602 1678 iis,
638 1630 710 1681 qui
750 1630 878 1669 nobis
915 1636 1121 1682 praesunt,
1161 1631 1253 1670 sinc
1290 1631 1479 1671 elatione
1517 1645 1743 1684 nunquam

275 1702 559 1743 valeamus.''1
600 1703 688 1743 Sed
712 1703 812 1742 huic
837 1703 1106 1744 Constitutio
1129 1705 1316 1744 occurrit
1338 1705 1469 1744 errori
1493 1705 1598 1744 dum
1619 1705 1744 1745 dicit:

276 1776 354 1816 sed
388 1776 483 1816 illas
506 1789 730 1816 assumere
763 1777 904 1828 quivis
935 1777 1097 1829 poterit
1129 1784 1207 1817 etc.
1271 1777 1428 1829 Neque
1452 1777 1567 1816 enim
1592 1777 1748 1818 metuit

276 1850 318 1888 in
352 1849 601 1889 humilitate
634 1849 888 1902 periculum,
912 1850 1017 1889 dum
1051 1850 1153 1890 facit
1176 1850 1428 1890 assumendi
1461 1856 1743 1903 potestatem.

276 1928 319 1963 et
368 1922 613 1976 Superioris
655 1924 1023 1976 approbationem
1067 1924 1216 1977 exigit.
1296 1924 1356 1964 Et
1388 1925 1566 1977 quidem
1610 1925 1644 1964 si
1688 1924 1744 1964 ab

276 1998 594 2037 exercitatione
616 1999 790 2037 virtutis
813 1998 870 2038 ob
897 1999 1178 2038 coenodoxiae
1210 1998 1450 2051 periculum
1480 1998 1741 2038 cessandum

276 2072 342 2120 sit,
368 2085 593 2124 nunquam
627 2072 710 2111 isto
742 2078 872 2124 pacto
896 2073 1141 2111 exercenda
1171 2072 1225 2111 sit
1254 2073 1390 2111 virtus
1419 2073 1542 2124 ipsa;
1574 2072 1662 2111 imo
1685 2072 1741 2112 ab

276 2145 481 2185 omnibus
515 2145 825 2184 abstinendum
869 2146 925 2184 sit
958 2145 1209 2193 benefactis,
1243 2146 1345 2196 quia
1380 2146 1422 2184 in
1457 2145 1660 2185 omnibus
1695 2160 1741 2186 se

275 2217 364 2258 fere
386 2218 545 2270 ingerit
567 2214 845 2258 coenodoxia.
907 2218 1074 2258 Verum
1097 2218 1474 2270 quemadmodum
1505 2219 1547 2258 in
1571 2219 1741 2259 caeteris

275 2291 528 2341 benefactis,
552 2306 652 2332 cum
676 2306 726 2332 ea
758 2292 907 2332 furtim
940 2298 983 2332 et
1015 2292 1201 2332 latenter
1232 2293 1391 2345 irrepit,
1416 2292 1671 2345 exploditur
1696 2299 1740 2333 et

275 2371 447 2405 arcetur
480 2366 688 2419 ingressu,
712 2367 830 2418 quod
865 2366 1115 2406 faciendum
1150 2366 1460 2406 Bonaventura
1494 2372 1655 2415 monet,
1679 2366 1738 2407 sic

274 2440 318 2478 in
352 2440 632 2492 deposcenda
664 2446 707 2480 et
738 2440 1016 2493 suscipienda
1048 2440 1161 2480 ultro
1194 2453 1337 2493 poena,
1361 2440 1591 2480 confestim
1622 2439 1738 2492 ejici-

274 2512 389 2553 enda
426 2520 502 2554 est.
565 2513 693 2554 Velle
730 2519 877 2554 autem
911 2513 995 2554 hoc
1027 2514 1326 2554 excusationis
1363 2520 1583 2566 praetextu
1616 2513 1741 2553 dissi-

273 2587 441 2627 mulare
479 2588 773 2637 sanctitatem,
813 2601 899 2628 non
938 2594 1003 2628 est
1044 2587 1234 2628 hominis
1272 2587 1345 2639 qui
1383 2587 1540 2628 servire
1577 2587 1739 2628 debeat

273 2660 554 2701 aedificationi
588 2662 837 2709 multorum,
872 2662 995 2714 quasi
1027 2675 1129 2702 vero
1161 2661 1258 2701 aliae
1296 2661 1440 2701 desint
1471 2662 1527 2701 ad
1560 2674 1739 2714 compa-

273 2734 456 2776 randam
488 2735 783 2776 humilitatem
814 2736 906 2775 viae.

363 2815 418 2849 20.
454 2808 570 2862 Quia
607 2810 750 2849 meriti
786 2814 972 2862 possunt
1006 2822 1101 2849 esse
1135 2808 1312 2861 majoris
1348 2809 1560 2863 irrogatas
1597 2808 1740 2862 poeni-

728 2897 740 2916 1
765 2898 951 2930 Comment.
977 2906 1003 2929 1.
1023 2898 1057 2928 in
1076 2898 1157 2938 Reg.
1178 2898 1234 2929 lib.
1257 2903 1286 2938 5.
