1903 3197
480 190 559 236 De
591 189 844 236 delationis
879 188 1171 249 dcfficultate.
1473 198 1563 247 157

100 324 192 376 ejus
215 324 405 364 radicem
429 329 562 374 atque
584 326 730 361 ortum
764 320 988 372 inspicere,
1013 320 1086 371 qui
1119 320 1297 371 quidem
1330 318 1442 358 alius
1468 331 1562 358 esse

102 411 188 438 non
221 403 378 450 potest,
406 397 467 436 uti
501 395 707 441 diximus,
741 394 822 433 nisi
857 407 935 433 sua
970 392 1182 444 cujusque
1213 392 1397 432 ambitio
1430 398 1563 444 atque

101 472 347 519 aestimatio,
380 475 611 523 propterea
652 467 771 520 quod
815 467 955 519 culpae
997 480 1096 518 quae
1139 466 1330 506 defertur
1371 466 1562 507 dedecus

102 559 255 586 omnes
296 545 483 593 horrent,
527 549 570 583 et
611 547 840 595 peccatum
879 554 1006 580 suum
1049 539 1257 580 coelatum
1299 540 1473 589 vellent,
1506 554 1561 581 ne

100 619 205 671 quid
247 619 303 658 de
343 618 460 657 fama
503 622 636 668 atque
677 614 1008 654 existimatione
1060 612 1362 665 deperderent.
1448 612 1561 653 Haec

99 698 248 732 autem
286 691 560 744 apertissima
597 688 801 741 superbia
839 694 914 735 est,
953 686 1064 726 velle
1106 685 1255 725 haberi
1291 685 1432 738 qualis
1474 698 1561 725 non

101 780 157 805 cs.
241 765 292 804 Id
327 764 445 811 scire,
480 764 583 803 facit
618 768 664 802 ut
699 763 842 801 minus
874 766 1054 813 gravate
1089 759 1335 799 delatorum
1371 758 1563 799 seramus

100 838 301 886 officium,
325 837 608 888 intelligimus
632 837 747 875 enim
772 836 980 875 continuo
1004 847 1166 885 magno
1190 846 1268 872 nos
1298 832 1561 884 arrogantiae

101 912 253 951 morbo
296 911 504 959 laborare,
549 911 582 949 si
630 909 673 949 id
716 909 894 949 ferimus
936 907 1211 961 permoleste.
1296 905 1474 959 Quippe
1517 907 1560 947 in

99 985 224 1025 nobis
277 986 516 1024 etiamnum
570 983 822 1023 dominatur
872 982 1066 1028 ambitio,
1112 981 1354 1020 etiamnum
1409 984 1565 1032 regnat

101 1058 320 1111 cupiditas
351 1057 511 1109 glorize,
550 1071 648 1109 quse
682 1069 768 1096 non
803 1056 894 1095 sine
933 1055 1072 1094 multo
1115 1054 1368 1106 ignominiae
1412 1053 1564 1093 dolore

101 1131 212 1171 solet
254 1142 346 1171 esse
388 1130 630 1181 conjuncta.
706 1130 844 1169 Recte
887 1129 1002 1168 enim
1036 1126 1320 1167 Anachoreta
1360 1127 1563 1167 Marcus:

103 1204 257 1245 “Cum
309 1203 502 1251 videris,''
556 1203 707 1255 inquit,
752 1203 981 1254 “aliquem
1035 1202 1077 1239 in
1131 1200 1269 1240 multa
1320 1200 1564 1251 ignominia

102 1278 338 1324 dolentem,
363 1278 472 1316 scias
497 1290 595 1316 eum
626 1277 877 1315 ambitionis
905 1274 1245 1327 cogitationibus
1279 1271 1564 1325 impletum.”1

105 1352 221 1390 Nam
254 1351 325 1403 qui
361 1350 455 1398 Dei,
479 1364 566 1389 non
596 1363 720 1389 suam
754 1348 938 1401 gloriam
971 1349 1136 1400 quoerit,
1162 1347 1456 1386 submissione
1487 1360 1566 1386 sua

105 1438 191 1465 non
225 1425 357 1464 modo
392 1437 478 1463 non
521 1424 708 1475 angitur,
746 1436 896 1462 verum
940 1422 1072 1461 etiam
1118 1433 1386 1472 magnopere
1423 1419 1566 1460 delec-

102 1504 230 1545 tatur,
255 1504 302 1538 ut
334 1497 377 1538 S.
403 1497 628 1537 Diadocus
661 1494 751 1536 ait.2
812 1494 1106 1548 Amputanda
1139 1494 1271 1546 igitur
1302 1498 1368 1533 est
1390 1498 1565 1533 strenue

103 1585 153 1612 ac
186 1571 365 1611 viriliter
400 1572 534 1611 totius
570 1571 783 1613 molestia:
819 1570 959 1614 radix,
994 1568 1211 1621 cupiditas
1246 1566 1408 1619 gloriae,
1434 1572 1567 1618 atque

103 1646 319 1698 superbia,
352 1652 395 1686 et
437 1653 530 1685 tum
574 1645 753 1684 demum
797 1657 958 1683 mceror
999 1643 1142 1683 omnis
1186 1642 1228 1681 in
1271 1640 1566 1680 delationibus

105 1721 396 1772 conquiescet.
481 1719 622 1759 Simul
665 1725 708 1758 et
760 1717 1072 1769 concipiendus
1126 1716 1274 1755 animo
1329 1714 1568 1766 Religiosae

105 1793 383 1845 perfectionis
437 1793 575 1840 ardor,
624 1793 909 1843 studiumque
962 1790 1098 1829 nostri
1153 1787 1385 1841 profectus,
1435 1799 1566 1839 quem

105 1866 233 1906 valde
264 1873 503 1919 promovet,
535 1866 597 1905 uti
628 1865 834 1911 diximus,
865 1869 1113 1904 nostrorum
1147 1861 1310 1902 delatio
1339 1861 1567 1910 vitiorum3

105 1947 200 1980 tum
239 1941 340 1992 quia
377 1940 568 1979 indicata
606 1944 649 1978 et
685 1937 905 1991 patefacta
942 1942 1158 1983 curantur,
1181 1941 1275 1975 tum
1314 1934 1415 1986 quia
1448 1932 1567 1973 dela-

107 2015 237 2055 tionis
269 2013 459 2053 dedecus
491 2013 546 2052 ad
580 2011 924 2064 comparandam
959 2016 1002 2050 et
1038 2008 1354 2062 possidendam
1392 2005 1568 2046 humili-

107 2094 243 2128 tatem
281 2086 397 2127 valet
435 2086 680 2139 plurimum.
744 2085 897 2136 Atque
931 2083 1014 2123 hoc
1048 2082 1252 2122 videlicet
1287 2080 1569 2134 perfectionis

107 2161 301 2202 studium
356 2160 704 2201 Constitutiones
756 2164 916 2198 nostra:
966 2171 992 2196 a
1033 2156 1160 2196 nobis
1212 2152 1426 2207 exigunt,3
1468 2166 1567 2193 cum

106 2234 339 2287 diligenter
371 2240 571 2286 reputare
608 2233 766 2273 nostris
801 2244 900 2272 cum
937 2229 1096 2270 animis
1124 2229 1293 2281 jubent,
1327 2233 1371 2267 et
1407 2227 1450 2266 in
1484 2226 1568 2266 Dei

109 2313 345 2361 conspectu
388 2306 657 2360 perpendere
698 2311 913 2358 quantum
957 2303 1154 2344 conferat
1203 2301 1259 2342 ad
1300 2302 1403 2342 vitae
1446 2301 1570 2353 spiri-

106 2382 238 2424 tualis
269 2382 526 2435 profectum,
561 2380 778 2420 “omnino
808 2384 852 2419 et
883 2391 971 2418 non
1004 2390 1061 2417 ex
1093 2382 1219 2429 parte
1251 2374 1484 2416 abhorrere
1511 2373 1569 2415 ab

107 2456 311 2497 omnibus
353 2469 452 2508 quae
506 2454 696 2494 mundus
749 2459 870 2493 amat
912 2458 955 2492 et
997 2450 1305 2503 amplectitur:
1357 2454 1401 2488 et
1456 2446 1570 2487 velle

110 2529 410 2578 contumelias,
445 2528 554 2568 falsa
587 2526 851 2575 testimonia,
887 2531 931 2565 et
963 2523 1141 2576 injurias
1174 2522 1355 2576 perpeti,
1391 2520 1572 2561 stultos-

110 2616 195 2655 que
224 2602 386 2650 haberi,
404 2607 454 2642 'et
476 2599 754 2642 existimari.”
832 2599 964 2653 Quod
997 2599 1031 2638 si
1064 2598 1120 2638 ad
1151 2597 1257 2645 haec,
1282 2609 1380 2648 quae
1403 2594 1574 2646 majora

112 2683 224 2726 sunt,
246 2681 423 2728 paratos
446 2689 524 2716 nos
547 2681 696 2716 tamen
720 2674 860 2726 exigit
883 2672 1081 2712 Instituti
1104 2671 1241 2711 nostri
1264 2669 1386 2718 ratio,
1405 2672 1572 2720 quanto

111 2750 350 2803 paratiores
373 2749 429 2789 ad
463 2749 631 2789 minora
653 2748 854 2800 requiret,
877 2752 926 2787 ut
947 2746 1004 2786 ad
1036 2744 1237 2785 ferendas
1269 2755 1397 2794 aequo
1423 2739 1573 2780 animo

111 2822 365 2871 delationes,
402 2822 645 2875 praesertim
683 2834 782 2861 cum
815 2820 908 2861 sine
942 2824 1125 2873 peccato
1162 2814 1367 2870 proximi,
1401 2811 1577 2865 Deique

242 2909 252 2930 ¹
278 2911 374 2953 Disp.
395 2922 422 2943 c,
443 2919 471 2952 3.
675 2909 689 2928 ‘²
713 2909 751 2942 C.
776 2917 824 2942 12.
1017 2905 1030 2926 ³
1055 2907 1096 2937 In
1113 2906 1231 2937 Exam.
1252 2913 1280 2936 c.
1299 2912 1329 2944 4.
1352 2903 1367 2941 ἓ
1391 2910 1445 2943 44.
