1903 3197
301 189 403 244 '650
628 190 709 235 De
741 192 932 238 ratione
965 193 1159 239 vivendi
1193 193 1451 257 δοεῑὶίιῑίίς,

301 321 441 371 possit
464 321 697 364 offendere.
761 324 910 377 Quare
933 327 1044 367 sicut
1073 328 1223 367 omnia
1251 328 1457 380 praesidia
1482 340 1772 380 congeramus

301 401 486 446 oportet,
525 403 573 436 ut
614 398 858 440 alliciamus
892 401 947 441 ad
995 415 1076 441 nos
1117 402 1329 451 homines,
1369 403 1565 455 ipsorum
1608 401 1773 441 scilicet

301 468 455 509 salutis
488 484 648 522 causa;
692 479 799 526 puta
831 475 1089 525 doctrinam,
1129 476 1442 529 eloquentiam,
1483 476 1684 529 gratiam,
1732 481 1775 515 et

302 543 346 582 id
368 557 508 595 genus
531 546 637 587 alia:
659 548 721 587 sic
738 549 871 589 etiam
895 549 1101 591 habenda
1118 557 1183 591 est
1205 551 1450 591 honestatis
1468 565 1518 591 ac
1540 551 1770 590 munditiae

301 618 413 658 ratio
435 619 479 659 in
502 620 620 661 cultu
652 624 856 675 corporis,
880 625 954 676 qui
985 626 1019 664 si
1050 625 1178 665 fuerit
1207 625 1447 666 obsoletior
1475 631 1608 678 atque
1634 625 1770 664 sordi-

301 691 406 741 dior,
446 707 471 733 a
513 709 750 749 congressu
794 705 944 738 nostro
986 699 1187 739 homines
1219 700 1369 753 procul
1408 700 1542 740 dubio
1581 699 1771 752 repellet.

301 771 357 805 20.
385 767 683 810 Confirmatur
705 785 729 811 a
759 773 899 812 simili.
965 772 1082 825 Quia
1114 774 1149 813 si
1181 774 1359 827 templa,
1384 788 1482 827 quae
1515 778 1770 813 consecrata

298 847 401 881 sunt
439 842 548 892 Deo,
587 846 754 885 munda
790 860 884 886 csse
921 847 1133 896 volumus,
1168 861 1247 887 nec
1289 849 1333 887 in
1376 848 1426 888 iis
1467 848 1617 887 sordes
1660 847 1771 887 ullas

299 916 492 967 patimur
523 918 566 957 in
600 925 815 971 apparatu
849 921 1058 974 cultuque
1089 922 1383 974 templorum;
1417 937 1492 963 cur
1514 923 1557 962 in
1581 929 1768 962 externo

299 990 431 1029 etiam
475 998 725 1032 nostrorum
771 1008 1002 1047 corporum
1056 1002 1272 1048 apparatu
1315 1010 1414 1048 quze
1456 997 1624 1049 templa
1666 1003 1768 1036 sunt

299 1062 487 1115 Spiritus
539 1065 702 1115 Sancti,
741 1081 829 1107 non
872 1082 996 1109 suam
1040 1083 1214 1122 quoque
1257 1071 1520 1110 munditiam
1562 1070 1769 1110 honesta-

297 1143 476 1191 temque
508 1142 789 1192 quaeremus?

383 1212 448 1253 At
471 1214 555 1254 isto
578 1216 722 1265 modo,
747 1217 862 1257 dicet
895 1218 1063 1270 aliquis,
1087 1218 1329 1258 efficeretur
1360 1233 1488 1272 posse
1521 1233 1600 1259 nos
1633 1219 1768 1259 divite

295 1286 415 1326 cultu
453 1290 646 1341 corporis
683 1296 816 1343 atque
853 1305 1072 1344 pomposo
1110 1293 1199 1333 uti:
1252 1293 1461 1345 quoniam
1500 1293 1767 1345 templorum

294 1375 392 1401 aras
445 1376 551 1402 auro
593 1371 865 1418 argentoque
917 1373 960 1406 et
1012 1367 1214 1419 pretiosis
1263 1368 1411 1407 sericis
1444 1368 1767 1417 convestimus.

293 1435 460 1476 Verum
485 1444 629 1478 totum
659 1439 742 1479 hoc
765 1440 895 1493 longe
925 1441 1138 1481 dissimile
1164 1448 1240 1481 est.
1305 1442 1422 1495 Quia
1448 1442 1549 1482 licet
1581 1456 1767 1495 corpora

296 1517 447 1551 nostra
473 1512 641 1565 templa
671 1514 758 1554 sint
792 1514 982 1567 Spiritus
1014 1516 1179 1565 Sancti,
1203 1522 1351 1556 tamen
1382 1530 1481 1556 cum
1511 1517 1648 1556 simus
1670 1517 1769 1556 viva

296 1585 474 1638 templa,
500 1588 720 1628 exteriore
750 1602 918 1642 pompa
949 1590 1075 1630 facile
1108 1591 1374 1640 extollimur,
1399 1592 1615 1644 nobisque
1648 1592 1765 1644 ipsis,

297 1673 386 1701 non
410 1661 508 1701 Deo
530 1662 716 1714 gloriam
740 1664 983 1704 tribuimus.
1035 1665 1231 1718 Ideoque
1252 1665 1351 1718 plus
1373 1665 1552 1706 honoris
1575 1666 1767 1706 defertur

297 1734 396 1775 Deo
432 1736 474 1775 in
509 1736 576 1776 his
611 1739 771 1777 nostris
804 1739 993 1791 templiS,
1030 1740 1063 1778 si
1097 1753 1148 1779 ea
1180 1740 1452 1792 paupertatis
1485 1740 1604 1780 cultu
1638 1742 1769 1780 vesti-

297 1823 435 1859 amus,
470 1811 512 1850 id
551 1813 668 1864 quod
713 1812 871 1865 refugit
910 1812 1145 1866 horretque
1182 1821 1349 1863 natura,
1388 1829 1520 1867 quam
1558 1816 1593 1855 si
1630 1816 1768 1856 serico

298 1898 349 1923 ac
371 1885 565 1937 pretioso
588 1892 764 1925 utamur
786 1888 960 1935 amictu,
984 1901 1072 1940 quo
1101 1894 1197 1928 toto
1224 1889 1390 1942 impetu
1414 1889 1487 1929 illa
1509 1891 1764 1943 propendet.

300 1958 468 1999 Contra
519 1974 621 2000 vero
674 1962 807 2001 mutis
858 1962 1036 2014 templis
1093 1976 1316 2015 manuque
1367 1963 1504 2014 factis,
1557 1965 1777 2016 quoniam-

297 2034 494 2073 obnoxia
516 2036 702 2075 vanitati
735 2035 975 2088 gloriaeque
1003 2037 1192 2089 propriae
1224 2051 1319 2077 esse
1345 2051 1433 2077 non
1456 2045 1651 2091 possunt,
1671 2039 1769 2091 jure

299 2109 506 2148 convenit
529 2110 691 2149 sericus
718 2124 768 2149 ac
797 2110 1016 2162 pretiosus
1039 2117 1218 2151 ornatus
1241 2112 1297 2151 ad
1321 2112 1609 2152 ministerium
1633 2113 1768 2152 divini

297 2181 451 2222 cultus.
498 2182 669 2222 Eodem
694 2183 782 2223 fere
805 2184 939 2223 modo
962 2198 1061 2224 cum
1085 2185 1166 2225 sibi
1190 2186 1282 2238 ipse
1300 2186 1533 2238 objecisset
1556 2186 1766 2228 S.Thom.

297 2266 332 2295 2.
369 2267 403 2295 2.
439 2271 476 2309 q.
520 2258 609 2309 169.
643 2272 678 2297 a.
724 2270 755 2297 1.
791 2259 846 2298 de
891 2261 1205 2312 exsuperantia
1247 2274 1520 2313 excessuque
1561 2262 1603 2300 in
1647 2261 1766 2301 cultu

297 2332 503 2383 corporis,
540 2333 613 2384 qui
652 2333 832 2384 quidem
871 2347 1016 2373 carere
1050 2334 1156 2373 vitio
1193 2335 1327 2374 videri
1365 2341 1521 2387 potest,
1557 2337 1765 2387 quoniam

297 2406 549 2445 sacerdotes
588 2407 864 2459 ministrique
902 2407 1051 2447 altaris
1086 2409 1129 2448 in
1169 2422 1292 2448 sacro
1330 2409 1571 2449 ministerio
1604 2411 1765 2462 pretio-

294 2478 476 2518 sissimis
499 2480 693 2519 vestibus
726 2482 788 2520 uti
823 2481 978 2530 solent,
1003 2483 1174 2532 eodem,
1198 2484 1389 2536 inquam,
1415 2483 1502 2524 fere
1524 2485 1655 2524 mode
1677 2499 1763 2525 res—

291 2554 460 2606 pondet
483 2555 537 2593 ad
563 2555 814 2594 secundum.
874 2554 1100 2607 Quoniam
1127 2557 1313 2597 ministri
1335 2557 1484 2598 altaris
1507 2572 1558 2598 eo
1582 2565 1763 2599 utuntur

289 2634 449 2667 ornatu
487 2642 575 2668 non
618 2629 673 2668 ad
716 2631 1063 2669 ostentationem
1106 2637 1149 2670 et
1193 2631 1379 2683 gloriam
1417 2646 1555 2683 suam,
1593 2634 1667 2673 sed
1707 2635 1764 2674 ad

289 2702 627 2754 significandam
651 2703 962 2743 excellentiam
993 2705 1059 2744 sui
1090 2706 1331 2754 ministerii,
1354 2706 1422 2746 vel
1451 2707 1586 2746 divini
1608 2706 1761 2758 cultus,

286 2776 474 2829 ideoque
515 2778 558 2816 in
602 2777 685 2816 illis
726 2778 795 2817 hic
848 2785 1030 2818 ornatus
1079 2779 1187 2818 nihil
1230 2779 1365 2820 habet
1405 2781 1509 2830 vitii,
1551 2781 1593 2820 in
1635 2781 1762 2821 nobis

284 2851 430 2894 habet.

374 2928 625 2968 Redoleant
693 2929 824 2981 igitur
891 2930 1160 2971 vestimenta
1232 2938 1382 2972 nostra
1453 2938 1760 2986 paupertatem
