1903 3197
362 159 440 205 De
472 157 821 204 anteverlendis
858 156 1209 202 iesclcztz'onz'bus.
1431 153 1486 196 18
1500 166 1515 196 1

46 295 163 348 quia
195 293 485 334 tentationem
517 304 604 330 non
637 289 883 338 antevertit,
911 289 1016 327 dum
1049 292 1149 340 post
1176 287 1369 339 quietem
1403 288 1524 324 ante—

63 368 349 410 meridianam
393 364 647 406 deambulat
689 364 731 402 in
775 362 934 402 solario
977 363 1135 401 domus
1184 362 1326 412 regiae,
1369 365 1524 411 captus

63 449 130 483 est
161 454 309 483 amore
342 436 630 480 Bethsabeae.1

151 514 356 555 Secunda
389 513 546 552 dicitur
576 510 769 550 violenta
803 508 1002 555 tentatio,
1027 520 1125 559 quae
1160 519 1237 558 per
1264 505 1352 544 vim
1388 505 1526 556 quod—

62 587 271 630 ammodo
294 586 411 639 cogit
434 585 625 637 aliquem
649 583 732 623 sibi
755 582 919 622 cedere.
975 580 1096 620 Talis
1119 585 1186 619 est
1209 578 1527 630 desperationis

61 661 338 713 tristitiaeque
389 658 587 705 tentatio,
631 671 729 709 quae
775 670 885 707 quos
938 654 1106 702 invasit,
1150 653 1183 692 si
1236 650 1527 704 deprehendit

63 737 249 776 inermes
300 739 343 773 et
395 732 646 784 imparatos,
698 729 909 782 opprimit
961 735 1004 768 et
1055 741 1212 767 manus
1264 726 1346 765 sibi
1409 725 1528 776 cogit

61 810 225 851 afferre.
311 808 423 847 Haec
466 805 643 858 quidem
682 805 850 856 justum
896 803 983 855 Job
1026 802 1256 854 occupavit
1309 801 1350 839 in
1402 804 1528 839 tanto

64 883 279 924 malorum
303 886 435 933 atque
464 891 757 919 :erumnarum
788 876 976 924 cumulo,
1001 876 1078 916 sed
1108 882 1258 915 tamen
1289 887 1375 913 non
1408 886 1529 926 pros-

61 957 205 1005 travit,
250 955 478 1002 ,munitum
532 953 756 1006 patientiae
810 951 998 999 thorace,
1053 951 1272 1001 armisque
1324 948 1529 988 virtutis:

47 1028 284 1083 ·⁶‘Elegit,'’
309 1028 461 1080 inquit,
488 1026 809 1079 “suspendium
843 1025 990 1065 anima
1013 1037 1123 1072 mea,
1147 1029 1190 1062 et
1220 1028 1407 1062 mortem
1430 1034 1529 1061 ossa

52 1117 193 1154 vmea;
235 1102 475 1155 desperavi,
509 1113 789 1152 nequaquam
824 1098 937 1139 ultra
974 1098 1066 1150 jam
1099 1094 1309 1137 vivam.’'2
1371 1096 1530 1136 Nonne

62 1178 185 1218 vides
227 1182 274 1216 ut
315 1175 622 1228 desperatione
664 1179 866 1213 tentetur.
941 1172 1261 1212 Verumtamen
1305 1184 1439 1222 quam
1483 1183 1529 1209 se

65 1251 159 1304 ipse
192 1249 416 1290 contineat
449 1248 506 1287 ab
540 1247 695 1287 ultimo
737 1245 1055 1298 desperationis
1098 1245 1301 1293 remedio,
1339 1243 1422 1283 hoc
1464 1249 1531 1282 est

63 1339 90 1365 a
130 1324 195 1364 sui
249 1323 385 1375 ipsius
436 1321 568 1369 caede,
613 1320 851 1360 considera.
931 1319 1089 1358 Postea
1141 1319 1257 1357 enim
1309 1317 1531 1369 legimus:

47 1398 423 1438 “‘Verumtamen
476 1408 563 1435 non
616 1395 671 1434 ad
729 1393 1112 1445 consumptionem
1168 1404 1318 1431 eorum
1366 1390 1531 1430 emittis

66 1484 246 1512 manum
289 1476 423 1515 tuam,
468 1475 521 1516 et,
566 1468 599 1507 si
642 1467 893 1515 corruerint,
938 1467 1029 1518 ipse
1071 1462 1317 1505 salvabis.”3

1391 1464 1532 1515 Juxta

65 1545 305 1587 editionem
336 1542 628 1596 Septuaginta
654 1541 839 1594 legitur:
871 1541 1040 1580 utinam
1074 1552 1249 1592 possem
1282 1551 1353 1577 me
1385 1538 1529 1590 ipsum

66 1618 317 1665 interficere,
349 1623 425 1657 aut
458 1630 609 1669 rogare
653 1615 785 1655 alium
830 1621 878 1655 ut
918 1615 1001 1654 hoc
1034 1613 1139 1653 mihi
1182 1614 1370 1662 faceret;
1403 1612 1530 1651 nimi-

66 1707 162 1733 rum
205 1693 308 1745 quia
350 1691 623 1743 intelligebat
671 1688 899 1729 imbecillis
942 1702 1037 1728 esse
1080 1688 1213 1727 animi
1262 1687 1532 1738 minimeque

68 1766 190 1807 fortiS
232 1765 525 1817 desperationi
569 1764 864 1811 succumbere,
909 1767 952 1802 et
993 1761 1239 1801 voluntaria
1281 1761 1345 1799 sui
1397 1760 1532 1812 ipsius

56 1853 174 1881 -nece
197 1838 438 1879 remedium
469 1850 670 1889 quaerere.
752 1836 977 1887 Idemque,
1001 1848 1100 1874 cum
1123 1848 1148 1873 a
1171 1833 1358 1885 conjuge
1391 1839 1534 1873 tenta-

71 1919 187 1955 retur
209 1918 256 1952 ut
278 1912 321 1950 in
344 1911 479 1951 tantis
502 1909 627 1949 malis
655 1908 930 1961 blasphemia
954 1914 1140 1947 mortem
1164 1907 1245 1946 sibi
1273 1911 1533 1946 accerseret:

69 1986 299 2026 “Benedic
342 1984 537 2024 Domino
581 1988 624 2022 et
666 1981 869 2031 more1·e,‘'
913 1981 1013 2020 vide
1055 1994 1189 2033 quam
1243 1979 1342 2020 forti
1385 1980 1535 2019 animo

68 2062 268 2101 insanam
303 2058 510 2098 feminam
545 2056 859 2108 increpaverit:
893 2054 1065 2107 “Quasi
1101 2053 1221 2102 una,''
1258 2053 1410 2105 inquit,
1443 2052 1535 2092 “de

69 2132 213 2175 stultis
244 2131 497 2172 mulieribus
528 2131 673 2170 locuta
697 2143 768 2179 es;
801 2128 835 2167 si
867 2128 985 2168 bona
1017 2128 1289 2179 suscepimus
1316 2127 1370 2166 de
1401 2139 1532 2166 manu

1016 2200 1031 2223 4
1112 2200 1188 2240 Ad
1230 2200 1343 2240 hanc
1385 2206 1535 2240 autem

70 2208 168 2256 Dei,
212 2205 328 2246 mala
369 2219 503 2257 quare
553 2218 639 2244 non
682 2201 1005 2255 suscipiamus.''

69 2287 240 2324 tantam
271 2280 404 2320 animi
438 2278 739 2319 fortitudinem
770 2291 820 2317 ac
849 2275 1129 2317 tolerantiam
1164 2275 1369 2314 diuturna
1399 2274 1536 2314 medi-

71 2355 238 2396 tatione
290 2360 423 2405 atque
474 2351 803 2398 exercitatione,
849 2357 895 2390 ut
938 2349 1281 2401 Chrysostomus
1328 2349 1400 2397 ait,
1442 2361 1538 2387 sese

59 2434 205 2470 ¹antea
246 2427 332 2479 Job
375 2431 715 2479 comparaverat.
781 2424 865 2465 “Si
907 2421 1182 2475 antequam‚'’
1217 2422 1369 2474 inquit,
1403 2423 1535 2462 “cum

57 2500 250 2543 diabolo
283 2505 506 2541 certamen
535 2499 621 2551 Job
653 2499 760 2548 iniit,
788 2511 876 2538 non
910 2497 1105 2537 animum
1139 2496 1418 2545 exercuisset,
1451 2507 1540 2535 non

74 2581 303 2627 tantopere
341 2587 398 2613 ex
430 2571 782 2613 contentionibus
819 2570 959 2611 clarus
992 2584 1041 2610 ac
1074 2569 1232 2610 nobilis
1264 2568 1471 2620 fuisset;’'
1496 2574 1541 2608 et

62 2663 176 2704 *quae
214 2652 463 2700 sequuntur.
547 2646 607 2686 Et
648 2644 780 2698 paulo
813 2644 934 2694 infra,
972 2644 1131 2697 probat
1168 2643 1284 2683 idem
1324 2642 1539 2694 Chrysos-

76 2731 226 2765 tomus
267 2735 325 2761 ex
367 2721 461 2774 ipso
505 2719 742 2773 Scripturae
785 2724 926 2768 textu,
969 2718 1043 2758 ubi
1086 2718 1147 2758 sie
1190 2716 1382 2769 loquitur
1421 2714 1540 2766 Job:

63 2795 226 2850 ''⁶⁸Quia
254 2795 396 2842 timor,
421 2807 551 2847 quem
580 2793 804 2843 timebam,
827 2791 972 2833 evenit
1000 2789 1119 2840 mihi,
1142 2796 1186 2831 et
1217 2790 1336 2842 quod
1361 2788 1542 2829 verebar

208 2884 220 2903 ¹
245 2893 275 2917 2.
299 2885 381 2926 Reg.
407 2891 456 2916 11.
583 2882 597 2901 ‘⁶'
617 2882 695 2924 Job.
717 2889 746 2923 7.
882 2881 896 2901 2³
921 2880 1007 2914 Ibid.
1028 2887 1079 2921 30.
1215 2878 1229 2898 ⁴
1252 2878 1337 2910 Ibid.
1365 2886 1395 2910 2.
