1903 3197
531 180 610 226 De
642 180 923 240 Disciplina
959 181 1153 227 Mensoe.
1478 191 1572 239 373

119 314 355 355 Rationem
410 311 553 352 reddit
608 311 842 352 Clemens:
895 310 1048 363 “Quia
1106 311 1218 351 inter
1275 311 1575 351 mandendum

110 387 316 427 indecora
349 385 398 426 fit
426 398 527 433 vox,
557 397 638 424 nec
670 384 776 424 satis
813 397 1022 436 expressa
1059 390 1192 436 atque
1228 383 1488 435 significans,
1524 389 1573 424 ut

111 473 212 513 quae
240 459 379 512 plenis
402 457 593 498 maxillis
620 458 662 496 in
685 462 921 509 angustum
944 462 1191 505 coercetur;
1225 462 1267 496 et
1290 457 1449 509 lingua,
1472 470 1572 509 quae

113 534 380 574 nutrimento
410 532 633 584 premitur,
663 544 689 570 a
721 530 905 570 naturali
938 530 1191 582 operatione
1222 530 1465 582 praepedita
1496 543 1574 582 op—

111 620 307 660 pressam
333 606 425 645 edit
446 602 797 657 prolationem.''l
852 603 952 643 Hoc
980 602 1176 655 intellige
1204 603 1321 655 apud
1353 609 1572 651 externos,

111 694 211 722 cum
243 679 362 732 loqui
400 679 510 718 licet.
573 678 689 717 Nam
725 677 841 730 apud
875 691 954 717 nos
986 678 1029 717 in
1063 677 1220 717 nostris
1252 676 1487 716 coenaculis
1520 689 1574 715 ne

112 753 358 794 mussitatio
382 753 559 804 quidem
583 751 876 804 permittitur;
908 757 1077 791 arctum
1108 751 1224 790 enim
1254 750 1392 789 sancti
1424 749 1575 789 Patres

111 828 155 867 in
188 827 256 867 his
289 826 396 866 locis
430 826 651 865 silentium
690 826 918 878 imperant,
948 831 995 864 ut
1032 838 1086 864 ne
1120 824 1363 864 necessaria
1395 823 1574 875 quidem

111 900 289 953 petendi
323 899 365 938 in
398 904 666 952 potestatem
700 898 871 938 faciant.
934 897 1067 950 Quod
1089 897 1144 937 de
1165 897 1390 950 AEgyptiis
1422 910 1574 936 mona-

111 972 202 1014 chis
236 974 296 1014 ita
326 973 536 1025 scriptum
560 972 734 1024 reliquit
758 971 1018 1012 Cassianus:
1043 971 1214 1024 “Apud
1238 971 1488 1024 AEgyptios,
1507 970 1575 1010 vel

115 1047 312 1088 maxime
353 1047 736 1086 Tabennensiotas
787 1050 961 1085 tantum
1013 1044 1231 1084 silentium
1274 1044 1330 1084 ab
1373 1043 1577 1083 omnibus

113 1121 357 1170 exhibetur,
401 1126 449 1160 ut
490 1133 589 1159 cum
633 1120 675 1159 in
719 1132 853 1159 unum
895 1124 1019 1158 tanta
1061 1117 1350 1157 numerositas
1393 1117 1575 1156 fratrum

113 1195 358 1235 refectionis
400 1194 584 1234 obtentu
626 1193 882 1242 consederit,
917 1192 1059 1231 nullus
1102 1205 1155 1231 ne
1196 1192 1354 1231 mutire
1395 1189 1575 1242 quidem

112 1268 275 1308 audeat
304 1272 463 1320 praeter
491 1280 602 1314 eum,
627 1267 700 1318 qui
731 1279 820 1305 suae
850 1265 1043 1305 decaniae
1076 1270 1243 1317 praeest.
1308 1264 1395 1317 Qui
1425 1269 1574 1303 tamen

113 1342 148 1382 si
191 1341 296 1393 quid
338 1354 503 1380 mensae
545 1339 819 1392 superinferri
851 1339 919 1379 vel
961 1338 1116 1379 auferri
1154 1339 1446 1378 necessarium
1482 1349 1576 1376 esse

112 1414 358 1468 perviderit,
402 1414 547 1453 sonitu
589 1413 737 1465 potius
778 1426 910 1465 quam
952 1425 1059 1452 voce
1100 1409 1376 1464 significat.’'²
1443 1409 1575 1461 Quod

114 1490 257 1542 ipsum
301 1487 525 1527 Pachomii
578 1486 726 1539 regula
772 1486 995 1538 praecipit:
1044 1485 1128 1526 “Si
1178 1483 1378 1536 aliquid,''
1424 1483 1575 1535 inquit,

113 1564 442 1604 “necessarium
472 1561 600 1601 fuerit
632 1562 687 1601 ad
723 1573 931 1609 mensam,
965 1573 1094 1599 nemo
1127 1558 1306 1599 audebit
1339 1557 1468 1609 loqui,
1499 1555 1576 1596 sed

113 1636 461 1677 ministrantibus
498 1635 609 1688 signi
647 1635 840 1674 sonitum
876 1631 1058 1673 dabit.”3
1119 1633 1178 1672 Et
1212 1633 1256 1671 B.
1283 1631 1577 1671 Benedictus:

114 1710 387 1751 “Summum
425 1708 646 1749 silentium
684 1708 761 1748 fiat
798 1708 853 1747 ad
897 1720 1093 1747 mensam
1137 1711 1185 1745 ut
1222 1705 1380 1744 nullius
1423 1703 1578 1744 mussi-

114 1784 225 1824 tatio
258 1783 326 1823 vel
360 1797 461 1830 vox,
498 1783 579 1821 nisi
616 1782 750 1821 solius
787 1781 971 1833 legentis
1009 1781 1066 1820 ibi
1099 1779 1310 1819 audiatur.
1387 1777 1432 1818 Si
1471 1777 1576 1829 quid

114 1871 223 1910 opus
246 1857 384 1904 fuerit,
409 1856 553 1896 sonitu
581 1855 895 1906 cujuscumque
922 1854 1033 1905 signi
1063 1854 1210 1905 potius
1239 1857 1424 1904 petatur,
1444 1863 1576 1902 quam

114 1929 280 1971 voce.'’4
343 1929 444 1973 Hoc
494 1935 644 1968 tamen
695 1927 826 1968 hodie
877 1928 1050 1979 signum
1103 1926 1385 1965 tabernarum
1431 1924 1578 1976 potius

112 2004 294 2048 videtur.
328 2016 461 2055 quam
496 2002 684 2054 religiosi
719 2000 960 2049 coenaculi3
995 2000 1093 2039 ideo
1129 2000 1265 2038 satius
1303 2004 1368 2038 est
1400 1997 1577 2037 nutibus

114 2077 351 2118 admonere
383 2076 614 2125 ministros,
643 2081 690 2115 ut
722 2074 871 2127 regula
904 2079 1051 2113 nostra
1084 2072 1311 2124 significat,
1335 2078 1411 2111 aut
1442 2072 1576 2110 etiam

115 2151 234 2192 tenui
267 2163 384 2199 voce,
419 2163 551 2202 quam
587 2149 743 2189 sonitu.
808 2148 867 2187 Et
900 2148 1235 2186 Bonaventura:
1268 2145 1446 2197 “Loqui
1475 2157 1578 2184 vero

114 2237 189 2265 seu
225 2224 455 2264 mussitare
491 2223 548 2262 ad
586 2235 796 2272 mensam,
832 2221 905 2261 ubi
942 2221 1163 2260 silentium
1202 2226 1266 2260 est
1303 2220 1577 2266 servandum,

113 2304 239 2350 turpe
260 2297 415 2336 vitium
448 2294 573 2335 est.'’5

199 2376 257 2421 40.
308 2371 360 2410 In
413 2368 692 2409 moderandis
736 2367 937 2408 manibus
989 2366 1311 2420 praeseferenda
1362 2365 1579 2405 modestia

115 2444 263 2485 multis
300 2444 452 2483 modis.
516 2442 722 2491 Primum,
757 2455 810 2481 ne
847 2441 1094 2494 promiscue
1132 2441 1175 2479 in
1212 2439 1436 2492 capiendis
1469 2439 1578 2478 escis

117 2518 253 2558 altera
303 2531 381 2570 pro
423 2516 559 2557 altera
601 2521 861 2569 usurpetur;
906 2515 1102 2563 Basilius,
1148 2514 1217 2553 De
1259 2513 1581 2553 renuntiatione

116 2591 246 2631 vitae:
279 2590 388 2629 “Ad
424 2603 621 2629 mensam
656 2590 729 2629 ubi
770 2589 942 2638 sederis,
978 2602 1082 2628 cave
1117 2602 1170 2628 ne
1212 2588 1386 2627 sinistra
1423 2599 1578 2626 manus

118 2663 346 2704 inhoneste
368 2677 414 2703 se
435 2669 570 2715 gerat,
587 2669 662 2703 aut
677 2662 849 2702 dextrae
872 2668 1018 2715 partes
1041 2662 1319 2715 impudenter
1341 2657 1579 2712 usurpet.’'6

121 2735 384 2785 Secundum,
408 2748 462 2774 ne
494 2735 536 2774 in
565 2735 729 2775 alienas
758 2736 992 2788 portiones,
1017 2740 1092 2774 aut
1121 2748 1172 2774 ea
1206 2747 1304 2786 quae
1337 2738 1439 2772 ante
1470 2732 1578 2772 alios

161 2849 173 2869 ¹
199 2850 330 2890 Paedag.
351 2850 371 2880 l.
393 2857 422 2880 2.
444 2859 470 2880 c.
496 2857 520 2880 1.
613 2847 626 2866 ²
650 2849 758 2881 Instit.
779 2850 800 2881 1.
820 2859 851 2890 4.
871 2860 898 2881 c.
924 2856 972 2888 17.
1064 2846 1077 2866 ³
1102 2848 1184 2888 Reg.
1209 2855 1256 2886 13.
1349 2846 1362 2864 ⁴
1386 2847 1426 2877 In
1450 2847 1533 2887 Reg.

305 2899 319 2919 ⁵
348 2900 443 2942 Spec.
465 2900 555 2932 Disc.
575 2911 607 2942 p.
632 2909 658 2932 1.
679 2911 706 2932 c.
727 2909 778 2933 21.
914 2899 927 2918 ‘³
956 2900 1066 2931 Ascet.
1088 2898 1158 2930 Ser.
1179 2898 1220 2929 de
1245 2898 1386 2929 Renunt.
