1903 3197
291 209 388 266 246
611 208 693 254 De
730 207 917 255 ratione
952 209 1147 256 vivendi
1180 209 1439 257 Socz‘etatzk.

298 345 465 381 rectam
500 347 696 382 mentem
732 343 941 396 possidet,
980 343 1017 384 is
1049 357 1138 384 non
1173 357 1310 392 suam,
1348 344 1426 384 sed
1463 343 1549 384 Dei
1585 343 1760 384 laudem

297 420 342 455 et
363 415 551 468 gloriam
575 422 756 469 spectat.
821 416 924 457 Non
956 418 1089 471 igitur
1119 423 1266 471 potest
1297 418 1474 458 laudem
1503 423 1547 458 et
1577 417 1762 471 gloriam

292 489 383 530 Dei
416 503 622 543 quaerere,
646 491 753 543 quin
785 505 908 532 suam
943 492 1187 532 detestetur
1211 499 1255 532 et
1281 492 1429 545 fugiat.
1493 491 1764 544 Quaerebant

287 563 480 617 gloriam
524 565 609 605 Dei
653 566 806 606 Petrus
849 573 892 607 et
933 567 1137 619 Joannes,
1171 580 1271 607 cum
1308 567 1434 619 signa
1475 573 1519 606 et
1561 566 1762 619 prodigia

294 638 548 690 faciebant;
600 639 700 680 ideo
752 641 965 681 restitutis
1016 642 1059 681 in
1111 642 1330 694 integrum
1373 641 1532 681 claudo
1588 640 1762 694 plantis,

292 714 517 755 intuentes
555 729 614 765 se,
652 729 710 755 ex
748 730 799 756 ea
837 729 892 765 re,
931 716 1131 756 homines
1173 722 1489 769 stupentesque
1525 716 1636 757 ferre
1672 729 1761 756 non

290 794 512 841 poterant,
551 789 675 829 veriti
714 803 768 829 ne
806 789 890 829 Dei
933 790 1120 842 gloriam
1164 790 1243 830 sibi
1286 791 1552 840 tribuerent3
1599 790 1760 831 idcirco

292 863 444 903 statim
498 862 783 902 exclamant:
838 863 968 903 “Viri
1021 864 1246 914 Israelitae,
1288 864 1394 916 quid
1445 865 1664 904 miramini
1715 865 1760 904 in

290 936 389 987 hoc,
433 943 509 977 aut
551 950 632 977 nos
674 937 779 990 quid
824 937 1063 986 intuemini,
1107 938 1232 990 quasi
1275 945 1425 978 nostra
1474 940 1634 979 virtute
1684 945 1761 979 aut

291 1017 514 1065 potestate
551 1011 781 1051 fecerimus
818 1011 934 1052 hunc
967 1012 1224 1052 ambulare?
1287 1013 1409 1052 Deus
1441 1012 1684 1063 Abraham,
1715 1020 1761 1054 et

293 1085 418 1126 Deus
443 1086 580 1134 Isaac,
605 1092 648 1126 et
672 1085 796 1126 Deus
817 1086 967 1138 Jacob,
993 1087 1116 1127 Deus
1141 1092 1316 1140 patrum
1350 1093 1599 1127 nostrorum
1630 1087 1761 1140 glori-

292 1159 439 1201 ficavit
473 1160 634 1200 Filium
668 1174 796 1200 suum
818 1159 1038 1213 Jesum.”1
1100 1161 1263 1201 Nonne
1291 1162 1425 1211 vides,
1449 1162 1674 1215 quomodo
1707 1176 1763 1203 ne

292 1234 349 1275 ad
381 1241 596 1288 punctum
630 1235 809 1287 quidem
833 1236 1045 1288 temporis
1067 1236 1184 1289 passi
1207 1236 1295 1276 sint
1316 1235 1468 1288 gloriae
1489 1236 1572 1276 sibi
1595 1236 1760 1289 aliquid

293 1310 503 1363 usurpari,
546 1310 623 1350 sed
666 1315 809 1350 totum
854 1310 953 1350 Deo
1000 1310 1150 1350 statim
1193 1310 1494 1351 reddiderint?
1585 1311 1760 1364 Nempe

293 1384 396 1437 quIa
447 1397 573 1424 mens
624 1398 776 1424 eorum
829 1391 948 1424 recta
1000 1385 1261 1425 intendebat
1311 1385 1355 1424 in
1406 1384 1564 1425 Deum.
1639 1384 1760 1438 Quid

293 1457 487 1510 Joannes
511 1458 748 1511 Baptista?
811 1458 984 1506 Nonne,
1009 1472 1109 1498 cum
1141 1458 1342 1499 Christus
1373 1458 1524 1499 haberi
1556 1458 1761 1512 perfacile

294 1538 455 1585 posset,
480 1532 854 1584 interrogantibus
886 1546 937 1572 ea
969 1533 1024 1572 de
1057 1547 1101 1572 re
1133 1533 1301 1584 Judaeis
1324 1532 1586 1572 “confessus
1618 1538 1693 1581 est,
1716 1539 1762 1573 et

296 1618 385 1646 non
409 1607 595 1659 negavit,
620 1607 723 1659 quia
755 1620 843 1646 non
877 1620 973 1646 sum
997 1620 1081 1659 ego
1105 1606 1370 1646 Christus?’'
1389 1604 1405 1628 ²
1446 1606 1544 1646 Imo
1576 1620 1631 1646 ne
1661 1619 1760 1659 pro-

295 1680 442 1734 phetae
486 1681 676 1733 quidem,
729 1687 805 1721 aut
859 1681 971 1720 Elias
1023 1681 1199 1721 laudem
1252 1681 1333 1721 sibi
1383 1681 1629 1729 vindicavit,
1682 1681 1758 1721 sed

297 1755 475 1795 inanem
518 1755 743 1808 quandam
785 1769 939 1795 vocem
983 1769 1028 1795 se
1070 1770 1165 1795 esse
1206 1755 1349 1805 dixit3
1397 1756 1458 1795 ita
1494 1769 1584 1794 suae
1622 1755 1764 1795 laudis

298 1843 385 1869 non
425 1835 516 1869 erat
554 1830 730 1869 amicus.
797 1830 1013 1882 Idemque
1050 1829 1224 1870 dicebat
1261 1830 1316 1870 de
1359 1829 1560 1870 Christo:
1594 1829 1759 1870 “Illum

298 1909 475 1957 oportet
517 1918 720 1953 crescere,
765 1918 837 1944 me
880 1910 1028 1944 autem
1072 1903 1275 1944 minui.’'3
1356 1904 1513 1956 Itaque
1563 1904 1763 1944 videmus

299 1992 453 2019 omnes
479 1978 678 2027 Sanctos,
699 1992 885 2031 quorum
910 1979 966 2018 ad
990 1978 1135 2019 Deum
1154 1992 1328 2032 semper
1348 1980 1518 2019 intenta
1539 1992 1664 2018 mens
1685 1984 1762 2027 est,

298 2053 387 2093 suis
421 2067 515 2093 esse
549 2053 753 2093 laudibus
786 2053 997 2102 inimicos,
1021 2053 1161 2093 celare
1192 2067 1270 2093 sua
1302 2053 1529 2093 benefacta
1551 2053 1762 2102 homines,

298 2127 484 2181 gloriam
509 2127 657 2180 fugere
677 2142 684 2177 ;
708 2134 755 2167 ut
779 2128 833 2167 de
858 2127 996 2167 Beato
1020 2128 1254 2167 Francisco
1273 2127 1580 2167 Bonaventura
1603 2127 1761 2176 scribit,

299 2207 344 2241 et
381 2201 436 2240 de
468 2201 600 2253 justis
639 2201 745 2241 dicit
785 2200 1048 2253 Gregorius:
1082 2201 1237 2241 “Laus
1273 2215 1352 2240 sua
1384 2201 1526 2253 justos
1564 2201 1762 2241 cruciat.’'

300 2274 470 2315 Contra
491 2289 592 2315 vero
621 2275 695 2327 qui
728 2289 863 2328 prava
896 2281 998 2315 sunt
1026 2281 1185 2325 mente,
1218 2289 1296 2315 nec
1330 2276 1414 2315 Dei
1437 2276 1621 2328 gloriam
1645 2289 1764 2328 quae—

297 2355 411 2398 runt,
436 2349 526 2388 suis
559 2355 735 2389 tantum
770 2349 972 2389 laudibus
1004 2350 1222 2400 serviunt3
1255 2356 1302 2390 ut
1332 2350 1486 2390 Simon
1510 2350 1580 2390 ille
1603 2351 1764 2402 Magus

297 2424 342 2463 in
377 2422 506 2463 Actis
542 2423 830 2476 Apostolicis,
866 2425 938 2476 qui
978 2424 1285 2464 miraculorum
1323 2424 1637 2477 patrandorum
1673 2424 1762 2464 vim

297 2512 348 2538 ac
381 2503 665 2551 potestatem,
699 2498 851 2551 gloriae
884 2512 974 2538 suae
1007 2512 1148 2548 causa,
1187 2499 1468 2539 mercandam
1500 2499 1581 2538 sibi
1614 2498 1765 2538 existi—

297 2573 461 2613 mabat.
527 2572 620 2612 Nec
660 2574 779 2612 enim
819 2579 985 2613 rectum
1023 2587 1097 2613 cor
1133 2573 1224 2625 ejus
1262 2579 1354 2614 erat
1390 2587 1536 2613 coram
1575 2573 1685 2621 Deo,
1716 2579 1765 2613 ut

297 2648 451 2687 Petrus
473 2645 564 2687 ait.4

387 2721 602 2775 Quisquis
645 2722 779 2762 etiam
822 2736 900 2762 sua
943 2722 1175 2762 benefacta
1216 2723 1363 2775 palam
1405 2722 1609 2762 omnibus
1650 2721 1764 2771 facit,

298 2795 508 2836 humanae
555 2796 698 2836 laudis
746 2797 904 2846 studio,
953 2802 996 2836 et
1043 2797 1166 2849 quasi
1219 2797 1326 2837 tuba
1375 2797 1504 2846 canit,
1550 2809 1764 2850 perversae

301 2871 460 2911 mentis
494 2877 572 2920 est,
599 2877 642 2911 et
675 2871 717 2910 in
750 2870 1079 2924 hypocritarum
1112 2884 1342 2911 numerum
1373 2871 1518 2921 venit;
1551 2877 1617 2910 est
1647 2871 1764 2910 enim

478 2958 490 2978 ³
515 2961 589 2992 Act.
611 2969 640 3000 3.
778 2959 790 2978 ²
812 2961 908 3002 Joan.
934 2969 960 2992 1.
1096 2959 1110 2979 ³
1134 2961 1220 2992 Ibid.
1242 2968 1271 3000 3.
1407 2960 1422 2979 4
1444 2961 1520 2992 Act.
1541 2959 1572 2992 8.
