1903 3197
298 164 386 222 198
617 164 697 209 De
729 165 920 211 ratione
954 165 1149 212 vivendi
1181 165 1441 212 Socz'etatzlc.

289 296 452 338 sanctis
482 310 531 336 ac
559 295 761 337 fidelibus
794 297 1060 347 adversatur,
1085 305 1128 338 et
1160 305 1394 352 propterea
1427 297 1542 337 dixit
1564 296 1762 350 Aposto-

291 370 357 410 lus
376 384 383 410 :
417 372 439 389 “
455 368 571 422 Quia
594 370 867 411 adversarius
888 377 1057 423 vester3
1079 372 1096 384 ”
1131 372 1372 413 secundum
1396 377 1462 411 est
1485 370 1695 411 fortitudo
1719 379 1761 411 et

290 444 489 497 potentia
519 458 573 484 ne
607 445 704 496 quis
739 444 797 484 illi
834 445 1017 495 resistat,
1048 460 1159 498 quae,
1196 452 1243 486 ut
1277 445 1485 493 diximus,
1516 443 1761 485 declaratur

289 532 368 571 per
389 518 635 568 “leonem,”
659 519 726 558 cui
750 518 1004 559 difficillime
1028 520 1167 560 resisti
1191 525 1338 572 potest
1358 534 1365 569 ;
1399 519 1576 558 tertium
1600 518 1762 558 esuries

288 598 332 633 et
369 593 604 633 crudelitas
639 607 693 633 ne
735 594 803 633 cui
845 600 1006 647 parcat,
1047 593 1165 647 quod
1205 607 1282 646 per
1318 593 1510 645 rugitum
1549 599 1592 632 et
1630 593 1761 633 devo-

289 668 504 708 rationem
535 667 831 720 significatur3
865 674 1070 721 quartum
1102 673 1168 708 est
1195 667 1428 708 solicitudo
1461 674 1504 706 et
1532 666 1760 719 vigilantia

290 755 345 782 ne
387 742 484 794 quis
526 742 719 794 effugiat,
763 742 869 782 dum
914 742 1073 782 dicitur
1106 740 1356 782 “circuire''
1435 741 1519 780 His
1562 746 1762 792 quatuor,

289 830 388 869 quae
432 831 489 857 ex
531 822 656 870 parte
698 816 860 856 diaboli
903 822 1015 865 sunt,
1052 816 1238 856 totidem
1284 816 1436 855 Petrus
1479 814 1665 868 opponit
1703 827 1759 853 ex

289 896 415 944 parte
451 890 652 939 hominis,
687 897 733 930 ut
766 890 965 930 resistere
997 895 1140 943 queat.
1205 890 1322 929 Nam
1361 895 1514 929 contra
1551 889 1762 942 perversi—

287 970 427 1006 tatem
466 964 570 1017 ejus,
605 965 677 1016 qui
722 977 896 1016 semper
933 964 1061 1003 bonis
1098 963 1302 1004 omnibus
1336 963 1603 1011 adversatur,
1636 964 1763 1003 resis-

291 1040 477 1080 tentiam
520 1039 677 1078 suadet
720 1051 819 1077 cum
867 1037 1001 1077 dicit:
1046 1036 1308 1085 “resistite,''
1353 1036 1464 1077 sicut
1506 1042 1549 1076 et
1590 1036 1679 1088 Jac.
1723 1050 1761 1087 4.

241 1149 244 1152 .
290 1112 531 1153 “Resistite
550 1111 727 1151 diabolo
751 1117 794 1151 et
811 1111 952 1164 fugiat
975 1125 1000 1151 a
1017 1110 1185 1160 vobis;”
1221 1124 1335 1159 nam,
1353 1116 1402 1150 ut
1425 1111 1486 1150 ait
1511 1110 1760 1163 Gregorius,

291 1199 379 1227 non
422 1191 487 1226 est
529 1185 753 1226 timendus
795 1185 933 1225 hostis
975 1185 1049 1237 qui
1101 1198 1186 1224 non
1229 1184 1362 1224 vincit
1405 1184 1485 1224 nisi
1529 1184 1761 1224 volentem.

293 1259 458 1301 Contra
489 1259 791 1299 fortitudinem
815 1273 866 1299 ac
893 1259 1140 1311 potentiam
1164 1258 1258 1310 ejus
1289 1257 1594 1298 fortitudinem
1625 1258 1765 1298 homi-

294 1335 360 1374 nis
402 1340 446 1374 et
489 1333 622 1374 animi
676 1332 1028 1386 magnitudinem
1068 1333 1203 1385 ponit,
1249 1346 1348 1372 curn
1392 1331 1499 1372 dicit
1539 1331 1765 1381 “fortes;''

293 1409 408 1461 quia,
428 1413 475 1448 ut
498 1408 541 1447 in
565 1406 801 1447 Exercitiis
826 1407 1037 1447 admonet
1063 1406 1105 1447 P.
1129 1406 1340 1459 Ignatius‚
1364 1412 1516 1446 contra
1538 1406 1764 1446 diabolum

291 1481 530 1535 plurimum
582 1480 699 1520 valet
751 1480 885 1520 animi
940 1480 1215 1532 magnitudo,
1265 1479 1376 1519 sicut
1427 1478 1765 1532 pusillanimitas

293 1555 423 1596 valde
464 1561 602 1595 nocet.
697 1554 863 1595 Contra
905 1553 1211 1594 crudelitatem
1258 1568 1308 1593 ac
1346 1553 1631 1594 voracitatem
1674 1554 1769 1606 ejus

294 1628 395 1670 fidei
439 1629 822 1669 mansuetudinem
867 1633 914 1668 ut
957 1633 1128 1668 scutum
1173 1627 1369 1681 opponit,
1403 1627 1508 1666 dum
1548 1627 1653 1667 dicit
1687 1628 1765 1666 “in

294 1703 380 1743 fide
400 1702 436 1743 :'’
471 1702 855 1742 mansuetudinem
881 1701 1060 1754 quidem
1085 1702 1199 1754 quia,
1224 1707 1272 1740 ut
1299 1700 1467 1748 dicitur,
1493 1703 1514 1719 “
1531 1700 1582 1739 In
1605 1699 1692 1740 fide
1724 1709 1766 1740 et

294 1777 478 1817 lenitate
508 1776 643 1829 ipsius
670 1782 871 1816 sanctum
896 1775 997 1815 fecit
1032 1775 1152 1815 illum
1172 1773 1233 1824 ;”1
1266 1780 1439 1814 scutum
1473 1779 1634 1823 autem,
1665 1775 1767 1827 quia

297 1856 448 1891 monet
492 1849 681 1890 Paulus:
729 1849 817 1888 “In
861 1849 1066 1889 omnibus
1104 1854 1328 1889 sumentes
1365 1854 1537 1888 scutum
1571 1847 1685 1897 fidei,
1725 1848 1767 1888 in

294 1939 382 1979 quo
404 1924 580 1978 possitis
603 1924 751 1964 omnia
775 1924 863 1964 tela
886 1923 1141 1976 nequissimi
1166 1923 1295 1976 ignea
1318 1921 1638 1975 extinguere.‘’2
1703 1923 1768 1963 Ut

298 1999 415 2040 enim
457 1999 676 2038 feritatem
724 1998 1011 2047 inimicorum,
1045 1997 1118 2050 qui
1171 2004 1296 2037 scuto
1338 1997 1442 2036 tecti
1495 2003 1607 2045 sunt,
1646 1998 1766 2050 parvi

297 2072 508 2127 pendunt,
560 2073 621 2112 sic
663 2071 824 2112 diaboli
868 2071 1185 2119 crudelitatem,
1229 2071 1302 2123 qui
1351 2070 1451 2110 fidei
1495 2077 1619 2110 scuto
1670 2085 1769 2124 pro-

299 2152 517 2199 teguntur.
583 2145 786 2198 Denique
832 2152 984 2185 contra
1028 2144 1366 2185 sollicitudinem
1410 2150 1454 2184 et
1494 2144 1766 2197 vigilantiam

300 2220 516 2260 daemonis
547 2219 820 2272 vigilantiam
859 2219 1049 2259 hominis
1086 2219 1238 2272 poscit,
1272 2232 1371 2258 cum
1407 2218 1514 2258 dicit
1548 2222 1628 2258 “et
1659 2218 1768 2271 vigi-

299 2293 451 2344 late;''
500 2307 599 2345 quae
640 2293 814 2346 vigilize,
857 2292 1076 2333 orationes
1123 2293 1403 2345 potissimum
1456 2306 1551 2332 esse
1593 2291 1768 2339 debent,

298 2367 418 2420 quod
471 2373 536 2407 est
578 2366 849 2420 praecipuum
902 2373 1054 2407 contra
1101 2366 1327 2407 diabolum
1380 2365 1527 2412 telum,
1571 2372 1619 2406 ut
1660 2366 1789 2406 infra

299 2441 507 2481 dicemus.
573 2439 721 2492 Quare
758 2454 857 2480 cum
896 2441 951 2480 de
988 2441 1152 2481 diaboli
1191 2440 1436 2481 tentatione
1472 2446 1684 2492 ageretur,
1721 2454 1771 2480 ea

301 2514 476 2555 fuerunt
507 2514 761 2554 adhibenda
793 2515 985 2555 remedia
1023 2529 1121 2567 quae
1155 2520 1306 2554 contra
1338 2513 1563 2553 diabolum
1597 2514 1770 2567 potissi-

301 2602 422 2629 mum
455 2588 613 2637 valent,
649 2594 692 2628 et
730 2588 976 2629 indicandae
1015 2588 1241 2629 resistendi
1281 2588 1481 2627 rationes.
1558 2586 1690 2640 Quod
1729 2588 1769 2627 in

300 2668 450 2704 nostra
492 2662 653 2714 regula,
695 2676 794 2715 quae
848 2669 895 2702 ut
937 2663 1133 2703 diximus
1177 2662 1375 2702 universe
1427 2662 1482 2701 de
1526 2662 1770 2702 tentatione

298 2737 503 2790 loquitur,
553 2737 641 2777 imo
684 2736 739 2776 de
790 2737 841 2777 iis
894 2737 1090 2778 maxime
1127 2751 1225 2790 quae
1273 2737 1471 2777 oriuntur
1521 2750 1578 2776 ex
1631 2736 1767 2785 nobis,

299 2810 446 2852 locum
479 2824 567 2852 non
599 2810 744 2852 habet.

680 2900 693 2920 ²
718 2902 808 2934 Ecel.
829 2911 860 2943 4.
882 2909 911 2943 5.
1205 2899 1219 2920 2
1244 2901 1331 2943 Eph.
1352 2901 1381 2933 6.
