1903 3197
684 176 762 222 De
798 175 846 220 V
839 176 1089 223 aletmz'inc.
1510 193 1540 237 4
1553 194 1567 223 1
1585 194 1613 237 9

154 324 312 363 corpus
351 309 571 362 pertinent
611 314 704 348 tam
751 308 1001 360 importune
1052 309 1260 360 flagitare,
1314 323 1521 362 magnam
1570 310 1613 350 id

158 384 352 436 inopiam
385 382 560 435 spiritus
591 381 792 420 indicare.

245 457 335 498 Sed
377 456 495 509 quod
537 455 715 495 tandem
758 455 814 494 ad
867 456 1121 507 aequitatem
1164 457 1616 510 tranquillitatemque

158 531 292 572 animi
346 530 643 577 obtinendam,
695 533 930 580 postquam
992 528 1158 580 aliquid
1220 530 1486 581 denegatum
1551 538 1617 571 est

155 605 337 656 corpori,
372 603 623 655 praesidium
660 602 926 641 afferemus?
970 602 1163 641 Primum
1198 603 1375 654 quidem
1409 604 1463 651 id,
1498 606 1614 656 quod

159 679 201 717 in
234 683 434 717 extrema
464 681 589 728 parte
619 676 813 728 suggerit
852 676 1145 716 Constitutio:
1191 680 1213 696 “
1232 676 1296 717 Ut
1328 677 1409 716 sibi
1442 692 1618 729 persua-

156 751 260 791 deat
296 751 339 790 id
377 750 516 801 magis
552 749 763 802 expedire
795 749 849 789 ad
880 749 1075 789 divinum
1111 750 1370 802 obsequium
1406 765 1456 790 ac
1488 765 1615 792 suurn

160 823 300 874 majus
341 822 519 869 bonum,
563 823 681 874 quod
726 821 945 875 Superiori
984 836 1028 862 re
1070 822 1291 863 intellecta
1328 824 1370 862 in
1409 824 1615 875 Domino,

157 897 298 937 visum
335 895 524 947 fuerit;”
577 897 612 936 si
650 896 745 948 quis
780 896 894 936 enim
933 896 1027 936 haec
1062 897 1144 936 sibi
1180 898 1452 949 persuadeat,
1488 913 1617 951 aequo

157 972 305 1011 animo
327 970 436 1010 feret
457 971 613 1010 omnia.
679 970 900 1022 Quorsum
924 971 1038 1009 enim
1063 971 1148 1010 alio
1178 976 1379 1023 spectant
1401 979 1616 1025 susceptae

157 1045 259 1084 vitae
282 1050 442 1084 nostrae
465 1044 666 1091 rationes,
691 1044 771 1083 nisi
801 1050 848 1083 ut
875 1044 917 1082 in
940 1044 1142 1084 omnibus
1166 1045 1375 1085 Divinum
1400 1052 1620 1097 quaeratur

157 1117 430 1169 obsequium,
472 1122 516 1156 et
557 1122 802 1156 nostrarum
846 1117 1011 1157 utilitas
1051 1117 1327 1157 animarum?
1412 1118 1511 1158 Hoc
1554 1127 1620 1160 est

157 1191 274 1230 enim
322 1190 462 1241 majus
508 1189 673 1229 bonum
720 1203 852 1241 quam
871 1191 1072 1242 corporis.
1157 1191 1390 1243 Propterea
1434 1191 1619 1232 Basilius

157 1264 229 1311 ait,
269 1268 470 1315 oportere
506 1263 794 1314 Praepositum
838 1263 880 1302 in
909 1263 1148 1314 judicando
1182 1265 1287 1316 quid
1322 1265 1479 1316 cuique
1514 1266 1619 1306 utile

155 1337 222 1384 sit,
246 1349 395 1375 curare
418 1336 460 1374 in
482 1335 633 1387 primis
656 1336 774 1387 quod
797 1336 956 1375 animae
978 1338 1142 1388 prosit3
1173 1338 1365 1377 secundo
1387 1352 1486 1377 vere
1509 1338 1618 1389 loco,

156 1423 254 1461 quae
286 1409 342 1448 ad
375 1408 567 1461 corporis
599 1409 905 1448 necessitatem
935 1411 1156 1462 pertinent
1185 1424 1263 1462 pro
1288 1411 1371 1450 Dei
1394 1411 1622 1452 voluntate

155 1482 355 1523 tribuere.
419 1482 638 1534 Loquitur
670 1487 817 1522 autem
847 1482 928 1522 hac
961 1483 1054 1535 ipsa
1077 1484 1131 1523 de
1164 1497 1208 1523 re
1241 1484 1282 1522 in
1316 1483 1404 1523 suis
1438 1485 1620 1536 Regulis

155 1554 455 1596 brevioribus.1

245 1628 418 1669 Deinde
450 1629 583 1668 etiam
621 1630 814 1681 proderit
846 1630 1060 1682 quidquid
1093 1631 1299 1670 acciderit
1332 1631 1374 1670 in
1413 1631 1619 1672 Divinam

158 1702 313 1742 referre
345 1703 678 1754 providentiam.
742 1702 872 1752 Nam,
900 1709 947 1743 ut
980 1704 1041 1743 ait
1069 1703 1274 1744 Clemens
1296 1703 1328 1744 :⁸2
1371 1708 1393 1724 “
1413 1704 1492 1745 Cui
1528 1719 1623 1757 per-

157 1789 333 1816 suasum
357 1781 421 1815 est
444 1789 542 1828 quae
564 1782 666 1815 sunt
699 1777 741 1815 in
775 1777 941 1816 mundo
971 1778 1138 1829 optime
1161 1778 1467 1826 administrarI,
1491 1793 1620 1831 aequo

156 1855 273 1889 certe
305 1849 387 1889 fert
419 1850 566 1889 animo
599 1849 746 1889 omnia
779 1863 878 1901 quae
911 1851 1124 1891 eveniunt.
1189 1851 1349 1891 Merito
1380 1865 1483 1904 ergo
1515 1852 1622 1892 nihil

158 1923 336 1976 requirit
373 1936 430 1962 ex
474 1923 524 1963 iis
558 1936 655 1975 quae
700 1924 754 1963 ad
790 1924 925 1963 vitam
969 1925 1189 1976 pertinent
1223 1925 1279 1964 ad
1314 1939 1440 1965 usum
1476 1940 1623 1966 neces-

157 1998 330 2045 sarium,
364 2002 411 2036 ut
443 1997 511 2036 cui
544 1997 600 2036 sit
629 1997 758 2049 plane
790 2011 1046 2049 persuasum
1070 1998 1189 2050 quod
1219 1999 1292 2051 qui
1319 1999 1467 2039 omnia
1490 2001 1622 2051 novit,

157 2070 288 2117 Deus,
311 2070 353 2109 id
377 2069 496 2121 quod
519 2075 585 2109 est
614 2070 721 2109 utile
751 2071 1006 2123 suppeditat
1035 2071 1163 2111 bonis
1186 2073 1319 2111 etiam
1351 2085 1437 2112 non
1469 2080 1622 2125 peten-

156 2142 307 2183 tibus.”
392 2143 491 2182 Hoc
536 2148 685 2183 autem
735 2144 896 2183 sanctis
937 2145 1038 2184 viris
1080 2144 1266 2197 legimus
1309 2146 1529 2193 usitatum,
1574 2153 1623 2186 ut

156 2216 212 2257 de
248 2230 349 2256 sene
401 2216 485 2265 illo,
528 2217 650 2268 cujus
689 2216 782 2268 jam
825 2231 943 2270 scepe
984 2218 1100 2257 facta
1143 2224 1208 2258 est
1250 2220 1428 2267 mentio,
1471 2220 1622 2260 scribit

156 2290 417 2339 Dorotheus,
452 2291 525 2343 qui
561 2291 636 2330 lini
669 2290 767 2331 oleo
799 2298 931 2344 epoto
969 2305 1047 2344 pro
1086 2292 1224 2341 melle,
1264 2293 1383 2345 quod
1422 2293 1620 2334 minister

157 2364 410 2416 imprudens
452 2363 671 2404 infuderat
713 2366 756 2404 in
799 2365 1087 2417 pulmentum,
1127 2379 1234 2406 mox
1284 2380 1383 2405 cum
1427 2367 1624 2407 minister

155 2437 247 2490 ipse
279 2451 404 2477 suam
442 2451 661 2478 excusans
703 2439 1045 2491 imprudentiam
1087 2440 1260 2479 veniam
1299 2441 1618 2493 deprecaretur,

159 2514 179 2530 ‘¹
194 2511 264 2550 Ne
285 2511 363 2561 te,''
388 2512 541 2564 inquit,
566 2514 828 2553 “excrucies
850 2513 909 2553 fili
930 2526 939 2563 ;
972 2514 1007 2553 si
1040 2514 1157 2554 enim
1180 2514 1390 2554 voluisset
1424 2515 1545 2554 Deus
1575 2522 1623 2556 ut

158 2584 244 2624 mel
266 2585 452 2633 ederem,
477 2586 563 2626 mel
593 2588 743 2639 utique
772 2587 1024 2640 posuisset.''
1088 2588 1250 2628 Narrat
1278 2594 1426 2628 autem
1458 2589 1622 2628 Beatus

161 2658 411 2699 Dorotheus
466 2660 617 2700 solitos
678 2660 809 2701 fuisse
873 2662 1023 2702 Patres
1074 2662 1170 2702 illos
1218 2668 1386 2702 veteres
1442 2662 1625 2702 minima

159 2745 344 2784 quaeque
375 2746 426 2772 ac
447 2733 549 2773 vilia
580 2734 623 2773 in
655 2734 802 2774 Deum
836 2748 1008 2788 semper
1036 2735 1202 2775 referre.
1267 2735 1413 2787 Quam
1437 2734 1508 2774 ille
1531 2748 1621 2775 rem

159 2805 358 2858 pluribus
381 2807 585 2860 explicat,
604 2814 647 2848 et
669 2807 764 2848 haec
786 2809 929 2850 addit:
963 2808 1065 2850 “Sic
1087 2809 1219 2861 igitur
1241 2823 1340 2849 cum
1363 2809 1490 2850 alicui
1513 2822 1624 2864 opus

542 2895 552 2915 ¹
579 2897 661 2938 Reg.
684 2898 776 2931 Brev.
800 2909 830 2940 q.
856 2907 924 2940 132.
1062 2897 1074 2916 2
1099 2898 1140 2929 In
1155 2899 1231 2931 vita.

337 2959 395 2989 BB
428 2960 452 2989 2
