1903 3197
285 177 377 233 672
603 172 683 218 De
719 171 906 217 ratione
941 171 1136 218 vivendi
1169 172 1432 221 Socz'elatz'S.

285 307 446 347 mentis
465 319 473 356 ;
502 320 601 346 cum
625 305 669 345 id
698 305 862 345 scilicet
884 307 1003 359 quod
1026 306 1192 347 bonum
1223 314 1298 356 est,
1321 322 1456 361 prava
1479 315 1626 350 mente
1657 324 1756 363 pra-

284 395 428 434 voque
480 381 661 421 consilio
713 380 878 420 factum
926 395 1020 421 esse
1067 382 1235 422 dicitur.
1318 382 1395 423 Ad
1446 383 1527 424 hos
1569 391 1757 437 quatuor

285 457 443 496 modos
466 456 658 496 revocari
682 455 806 495 facile
827 462 1013 508 possunt
1035 457 1282 509 complures
1305 457 1378 508 illi,
1394 471 1505 510 quos
1528 461 1756 512 excogitat

288 531 419 583 Lyra,
453 531 543 570 sive
591 530 633 569 in
681 530 842 570 Daniel
884 540 919 582 7.
957 531 1029 570 ubi
1072 531 1225 571 decem
1268 531 1554 572 detractionis
1597 534 1755 575 modos

285 611 515 645 enumerat
557 618 634 658 per
675 605 827 644 decem
870 619 1033 645 cornua
1067 612 1235 658 quartae
1278 606 1430 646 bestiae
1473 607 1756 660 significatos,

285 692 420 732 quam
451 693 496 718 se
520 678 739 732 Propheta
761 679 921 719 vidisse
943 686 1289 730 commemorat;
1321 681 1390 720 vel
1420 681 1463 720 in
1497 681 1635 722 Levit.
1659 696 1692 722 c.
1717 684 1754 724 8.

284 754 360 793 ubi
384 754 496 794 circa
518 759 789 806 praeceptum
812 754 867 792 de
890 767 978 793 non
1009 753 1243 794 revelanda
1266 755 1539 807 turpitudine
1562 757 1755 808 proximi

284 829 362 877 sui,
387 828 620 868 duodecim
655 828 811 867 modos
843 827 980 875 affert,
1005 841 1115 880 quos
1145 829 1219 880 qui
1242 828 1438 879 voluerit,
1462 829 1606 883 legere
1638 832 1755 884 apud

285 903 429 955 ipsum
454 902 624 955 poterit.
691 901 929 942 Ordiamur
950 901 1083 954 igitur
1114 915 1139 941 a
1171 902 1312 954 primo
1334 915 1343 952 ;
1376 910 1420 943 et
1445 917 1578 956 quam
1602 905 1757 957 ingens

286 977 453 1017 malum
486 976 701 1016 detractio
734 977 800 1025 sit,
834 977 1132 1016 ostendamus.

375 1051 534 1104 Quoad
578 1051 780 1103 primum.
855 1050 1084 1103 Quantum
1128 1050 1292 1091 malum
1336 1052 1551 1092 detractio
1593 1054 1658 1102 sit,
1698 1068 1756 1095 ex

287 1126 380 1179 ejus
416 1125 620 1165 videlicet
653 1126 779 1165 malis
813 1125 996 1178 intelligi
1029 1131 1206 1178 potest;
1249 1139 1348 1178 quae
1386 1127 1442 1166 ad
1485 1127 1568 1167 tria
1610 1129 1757 1181 capita

284 1202 476 1241 revocari
507 1207 701 1253 possunt.
766 1201 874 1240 Tres
897 1201 1014 1239 enim
1038 1200 1260 1240 detractor
1281 1200 1492 1252 offendit3
1516 1215 1573 1251 se,
1598 1202 1756 1253 Deum,

285 1281 329 1315 et
360 1276 627 1329 proximum.
692 1275 750 1316 Sc
783 1275 961 1327 quidem
995 1281 1184 1327 quatuor
1215 1275 1368 1315 modis.

377 1356 428 1390 10.
465 1350 546 1390 Per
587 1349 748 1389 animae
797 1349 1028 1397 maculam,
1073 1355 1115 1389 et
1162 1349 1337 1402 culpam
1381 1363 1514 1403 quarn
1566 1351 1755 1392 incurrit.

284 1424 609 1473 Bonaventura,
654 1424 696 1463 in
750 1423 874 1476 Spec.
921 1423 1065 1464 Disc.:
1109 1423 1327 1464 “Pessimi
1371 1425 1464 1464 vitii
1509 1425 1756 1478 corruptela

286 1500 513 1548 detractio,
548 1512 647 1552 quae
691 1499 885 1538 animam
921 1498 1140 1548 maculat;
1174 1498 1313 1538 multo
1351 1499 1467 1538 enim
1510 1499 1651 1552 major
1691 1505 1757 1540 est

284 1574 380 1614 haec
423 1581 529 1613 nota
582 1587 715 1625 quarn
766 1587 856 1612 suae
907 1574 1067 1612 animae
1109 1573 1330 1613 detractor
1380 1573 1512 1613 inurit
1554 1588 1605 1614 ea
1647 1575 1754 1627 ipsa,

287 1662 420 1701 quam
453 1648 582 1688 samae
613 1649 745 1687 inurit
768 1648 932 1687 alienae.
997 1647 1118 1687 Nihil
1151 1649 1268 1687 enim
1298 1648 1427 1701 culpa
1454 1648 1625 1697 foedius,
1649 1649 1756 1689 nihil

285 1724 465 1776 turpius.
531 1722 662 1775 Quod
687 1722 754 1761 vel
787 1736 844 1761 ex
878 1723 972 1774 ipso
1003 1736 1166 1773 angore
1198 1736 1434 1775 morsuque
1466 1724 1756 1773 conscientiae,

285 1799 360 1851 qui
393 1804 494 1850 post
526 1810 762 1845 susurrum,
792 1803 835 1836 et
863 1797 1180 1836 detractionem
1214 1804 1421 1846 remanet,
1451 1797 1631 1850 planum
1665 1797 1756 1838 fieri

285 1879 462 1925 potcst3
495 1879 541 1912 ut
579 1872 719 1924 quivis
750 1872 985 1924 experitur,
1016 1872 1089 1924 qui
1124 1872 1256 1911 modo
1288 1872 1449 1911 callum
1492 1872 1755 1913 facinoribus

285 1962 373 1988 non
407 1945 679 1988 obduxerit.‘’

374 2030 429 2062 20.
466 2023 547 2062 Per
581 2035 726 2074 poenae
762 2021 1037 2074 supplicium,
1067 2021 1134 2060 cui
1170 2035 1215 2061 56
1244 2021 1466 2062 detractor
1498 2022 1755 2073 obnoxium,

285 2111 335 2137 ac
369 2111 489 2136 reum
523 2096 653 2146 facit;
686 2096 794 2135 Psal.
831 2106 935 2135 100:
971 2095 1326 2136 “Detrahentem
1359 2103 1526 2137 secreto
1548 2097 1754 2149 proximo

284 2185 375 2220 suo,
415 2173 531 2211 hunc
564 2170 892 2224 persequebar.'’
957 2170 1016 2210 Et
1060 2170 1168 2210 Psal.
1207 2171 1286 2211 81:
1321 2171 1565 2212 “Dilexisti
1607 2173 1756 2213 omnia

284 2247 418 2286 verba
469 2246 842 2299 praecipitationis,
896 2245 1045 2298 lingua
1097 2245 1260 2285 dolosa.
1343 2246 1579 2300 Propterea
1631 2247 1755 2287 Deus

285 2321 483 2361 destruet
513 2328 556 2360 te
590 2322 633 2360 in
668 2320 813 2369 finem,
845 2320 1001 2360 evellet
1034 2327 1087 2368 te,
1112 2326 1155 2360 et
1188 2321 1421 2373 emigrabit
1452 2328 1496 2361 te
1528 2322 1582 2361 de
1613 2322 1757 2361 taber-

283 2395 440 2435 naculo
474 2402 562 2443 tuo,
595 2402 638 2435 et
673 2396 865 2434 radicem
905 2401 1026 2434 tuam
1065 2396 1120 2434 de
1154 2401 1268 2434 terra
1295 2395 1570 2435 viventium.”
1634 2396 1755 2437 Nota

282 2477 432 2510 autem
456 2470 550 2510 haec
574 2476 762 2522 quatuor
779 2484 878 2522 quae
902 2470 958 2509 ad
982 2470 1244 2522 supplicium
1268 2470 1442 2511 faciunt.
1478 2470 1752 2521 “Destruet,''

281 2545 433 2597 inquit,
461 2550 539 2584 “te
570 2545 613 2584 in
645 2544 826 2594 finem;”
851 2544 934 2584 hoc
964 2551 1040 2593 est,
1070 2546 1113 2584 in
1147 2546 1473 2598 sempiternum.
1539 2546 1754 2587 Praeterea

281 2634 370 2660 non
406 2620 548 2659 solum
582 2620 778 2659 destruet
808 2625 851 2658 te
882 2632 1161 2671 quocumque
1185 2620 1330 2670 modo,
1353 2621 1429 2660 sed
1459 2621 1649 2660 “evellet
1671 2620 1752 2670 te‚''

281 2700 330 2733 ut
361 2700 576 2746 tanquam
609 2707 634 2733 a
666 2693 885 2732 radicibus
918 2693 1066 2732 evulsa
1099 2693 1228 2733 arbor
1259 2707 1347 2734 non
1379 2700 1631 2734 renascatur
1661 2707 1754 2734 am-

282 2769 397 2821 plius
428 2782 590 2808 nomen
621 2774 775 2817 tuum;
813 2767 972 2807 deinde
1004 2768 1271 2821 “emigrabit
1305 2774 1349 2808 te
1382 2769 1437 2808 de
1470 2769 1754 2810 tabernaculo

283 2841 412 2893 tuo;''
448 2843 571 2891 idest,
606 2843 821 2895 emigrare
854 2842 985 2882 saciet
1007 2844 1061 2882 de
1085 2843 1367 2883 tabernaculo
1396 2845 1588 2897 corporis
1610 2845 1684 2894 tui,
1707 2850 1756 2885 ut

284 2930 373 2957 non
407 2917 597 2970 amplius
620 2917 837 2970 gloriosus
861 2930 1074 2970 appareas
1099 2917 1141 2956 in
1164 2918 1254 2957 vita
1277 2924 1363 2964 tua,
1388 2918 1461 2970 qui
1485 2918 1757 2959 detrahendo
