1903 3197
300 165 396 223 428
630 162 709 208 De
742 160 930 207 ratione
963 159 1156 206 vivendi
1189 157 1450 204 Socz'etcztz'S.

301 295 518 337 serviebat
539 293 716 347 Joseph‚
740 299 900 333 terram
931 292 988 332 ibi
1018 291 1236 345 portabat,
1260 290 1363 342 quia
1385 289 1541 329 lateres
1567 287 1766 334 faciebat,

304 370 424 424 quod
465 368 697 408 humilium
735 381 822 408 non
860 366 1072 407 nobilium
1110 365 1339 405 hominum
1372 361 1490 403 est.''1
1553 361 1679 402 Idem
1716 362 1772 401 de

304 442 527 497 Apostolo
557 442 704 491 Paulo,
728 441 802 494 qui
834 454 911 493 per
939 439 1233 480 humilitatem
1256 435 1511 477 voluntariis
1540 449 1586 475 se
1615 434 1771 474 labori-

305 517 387 557 bus
424 515 714 556 demittebat:
748 514 891 554 “Non
928 510 1275 565 dedignaretur,'’
1307 509 1459 562 inquit,
1490 507 1773 561 “Apostolus

305 590 396 631 sive
437 589 704 629 rusticanum
747 602 857 641 opus
900 587 1079 639 aliquod
1123 584 1316 638 aggredi,
1350 584 1440 623 sive
1480 582 1523 621 in
1567 580 1774 634 opificum

308 664 457 704 labore
498 661 695 703 versari.’'
764 660 865 714 Quo
900 661 943 700 in
977 659 1188 712 opusculo
1225 656 1443 710 significat
1483 654 1774 707 Augustinus,

306 743 523 791 quantum
558 736 774 789 superbiae
812 742 957 775 tumor
994 734 1139 786 operis
1176 732 1325 771 labore
1363 735 1566 770 sanetur:
1600 728 1687 769 “Si
1719 728 1774 767 ad

306 810 457 860 hanc,”
496 811 647 862 inquit,
685 809 857 849 “vitam
905 821 962 847 ex
1005 807 1139 846 divite
1183 806 1369 857 quisque
1416 803 1693 850 convertitur,
1733 807 1776 841 et

310 885 430 926 nulla
467 884 721 924 infirmitate
753 883 945 934 corporis
978 880 1225 932 impeditur,
1260 880 1321 918 ita
1357 892 1412 918 ne
1448 877 1718 930 desipiamus
1753 890 1778 915 a

310 972 466 1012 sapore
516 957 688 1006 Christi,
732 961 779 995 ut
830 968 917 994 non
970 953 1267 1005 intelligamus
1319 956 1510 1003 quantus
1561 950 1776 1003 superbiae

309 1032 465 1086 prioris
502 1037 648 1071 tumor
683 1035 870 1076 sanetur,
904 1027 1170 1067 circumcisis
1208 1024 1448 1077 superfluis,
1483 1024 1640 1075 quibus
1677 1028 1780 1062 ante

311 1107 484 1147 animus
519 1104 757 1144 exitialiter
791 1102 1160 1149 inflammabatur,
1185 1100 1239 1140 ad
1273 1098 1458 1145 modica,
1483 1111 1581 1149 quae
1615 1103 1781 1136 restant

311 1180 413 1220 huic
445 1179 547 1219 vitae
591 1177 847 1218 naturaliter
885 1175 1139 1223 necessaria,
1175 1174 1308 1213 etiam
1348 1171 1517 1224 opificis
1557 1170 1782 1210 humilitas

314 1254 496 1295 minime
537 1249 820 1292 recusatur.''2
882 1250 1072 1290 Sanctus
1110 1248 1242 1288 etiam
1288 1245 1540 1286 Dorotheus
1582 1258 1681 1284 curn
1724 1257 1780 1284 ex

316 1327 394 1369 SS.
413 1326 613 1367 Patribus
642 1324 902 1365 humilitatis
924 1324 1017 1363 vias
1047 1323 1186 1369 docet,
1211 1320 1406 1360 laborem
1437 1319 1479 1357 in
1509 1319 1560 1357 iis
1589 1318 1782 1370 corporis

315 1406 547 1442 munerat:
593 1397 971 1452 “Interrogatus'’
1011 1397 1162 1449 inquit,
1202 1394 1382 1433 “senior
1422 1407 1447 1432 a
1496 1392 1638 1441 fratre,
1676 1391 1779 1443 quid

317 1482 432 1516 esset
482 1473 720 1522 humilitas,
774 1471 999 1524 respondit
1047 1482 1259 1522 magnum
1311 1481 1421 1520 opus
1488 1480 1539 1506 ac
1586 1466 1782 1505 divinum

316 1549 464 1589 nescio
498 1547 631 1600 quid:
663 1546 755 1586 vias
781 1559 883 1585 vero
917 1543 1187 1590 humilitatis,
1216 1542 1386 1581 labores
1417 1554 1510 1580 esse
1539 1552 1782 1592 corporeos,

313 1636 426 1675 quos
468 1634 568 1661 cum
612 1620 795 1660 scientia
836 1618 952 1668 facis,
991 1618 1071 1657 etsi
1117 1622 1162 1656 te
1204 1615 1384 1655 omnino
1426 1614 1546 1653 omni
1594 1612 1780 1664 sujicias,

319 1709 503 1747 oresque
535 1694 627 1733 sine
656 1689 1035 1733 inter1r1issione.''3

409 1765 667 1809 Cassianus4
696 1766 809 1805 inter
839 1765 946 1805 alias
980 1777 1133 1803 causas
1172 1761 1374 1802 manibus
1406 1759 1635 1800 laborandi
1673 1757 1785 1797 hanc

317 1848 589 1896 postremam
623 1841 761 1889 affert,
792 1846 839 1879 ut
868 1839 965 1890 quis
1000 1843 1043 1876 et
1077 1836 1215 1876 fastus
1243 1835 1345 1874 vitae
1379 1833 1612 1887 praeteritae
1647 1832 1785 1884 possit

322 1923 366 1957 et
413 1916 590 1957 delicias
637 1914 844 1962 oblivisci,
889 1918 932 1952 et
983 1911 1278 1950 humilitatem
1331 1908 1472 1948 cordis
1524 1907 1786 1946 contritione

319 1991 481 2032 laboris
513 1991 744 2043 acquirere.

411 2066 500 2107 Sed
535 2066 652 2104 dicet
679 2063 924 2116 quispiam:
968 2059 1073 2112 quid
1107 2057 1342 2097 humilitati
1377 2068 1477 2095 cum
1512 2054 1660 2094 labore
1694 2066 1787 2092 cor-

321 2140 472 2194 poris?
525 2138 766 2192 praesertim
820 2148 918 2175 cum
972 2134 1044 2173 illa
1095 2133 1138 2171 in
1186 2131 1344 2178 animo,
1387 2129 1456 2168 hic
1497 2133 1692 2167 versetur
1743 2126 1784 2165 in

319 2227 513 2266 corpore.
597 2211 768 2263 Quaerit
804 2209 886 2248 hoc
924 2208 969 2247 B.
997 2205 1247 2245 Dorotheus
1283 2217 1358 2243 cur
1395 2214 1628 2254 corporeus
1664 2200 1786 2240 labor

320 2286 616 2326 humilitatem
658 2285 822 2337 gignat,
859 2294 998 2333 eaque
1039 2280 1094 2318 de
1136 2292 1180 2317 re
1216 2277 1344 2317 valde
1385 2276 1588 2324 dubitat;
1637 2275 1784 2326 aitque

322 2361 562 2401 secundam
595 2365 638 2398 et
669 2358 844 2398 tertiam
876 2354 1136 2394 humilitatis
1157 2353 1272 2391 viam
1306 2365 1331 2390 a
1363 2355 1514 2389 sancto
1547 2348 1621 2388 illo
1653 2347 1786 2388 tradi-

322 2441 415 2476 tam
450 2434 555 2474 satis
587 2446 632 2472 se
665 2430 916 2482 intelligere,
949 2441 1107 2479 nempe
1139 2425 1364 2478 quomodo
1396 2422 1609 2475 subjectio
1635 2421 1786 2461 volun-

321 2509 434 2549 taria
475 2513 519 2547 et
560 2507 788 2546 continens
830 2502 969 2543 oratio
1010 2500 1304 2540 humilitatem
1348 2502 1525 2550 ponant.
1600 2495 1666 2535 At
1699 2508 1786 2546 quo

321 2589 454 2637 pacto
496 2581 619 2621 labor
660 2579 851 2631 corporis
893 2576 936 2615 id
979 2575 1137 2614 efficiat
1174 2586 1259 2612 non
1303 2585 1349 2611 se
1386 2571 1491 2610 satis
1533 2568 1786 2620 intelligere,

322 2656 608 2710 pluribusque
654 2659 803 2693 tamen
850 2649 992 2690 verbis
1043 2646 1273 2687 confirmat
1324 2645 1440 2684 senis
1490 2642 1786 2683 sententiam:

323 2729 480 2782 “Quia
522 2724 822 2780 compatitur‚”
867 2724 1018 2776 inquit,
1052 2721 1244 2769 “anima‚
1287 2717 1503 2769 simulque
1545 2715 1789 2768 disponitur

512 2842 522 2862 ¹
549 2843 585 2875 L.
609 2843 649 2873 de
673 2842 737 2882 Op.
760 2839 914 2871 Monach.
1051 2836 1063 2854 ‘³
1089 2837 1124 2867 C.
1151 2844 1197 2875 13.
1223 2840 1243 2866 t.
1266 2843 1294 2874 3.
1431 2832 1444 2851 ³
1469 2833 1547 2863 Lev.
1569 2840 1598 2863 2.

757 2891 770 2910 ⁴
795 2892 847 2922 De
872 2889 979 2921 Instit.
1002 2887 1158 2919 Monaeh.
1180 2887 1199 2918 1.
1222 2894 1251 2917 2.
1274 2896 1299 2918 c.
1322 2892 1352 2924 3.
