1903 3197
210 191 236 235 3
249 192 264 222 1
277 178 304 222 8
535 175 618 222 De
648 175 841 223 ratione
872 174 1065 222 vivendi
1097 174 1356 222 Societatz's.

210 308 603 361 Quemadmodum
655 314 803 348 autem
850 320 1012 361 sponsa
1052 313 1148 347 tum
1190 312 1310 347 casta
1361 306 1530 355 dicitur,
1573 322 1674 351 cum

209 394 337 422 suum
380 383 620 422 dumtaxat
661 394 873 434 sponsum
917 381 1108 430 adamat,
1140 393 1220 420 nec
1261 379 1396 420 alium
1432 386 1674 423 amatorem

211 455 424 509 agnoscit,
461 460 539 495 aut
580 455 637 495 ad
678 454 809 495 aliam
852 455 1007 496 faciem
1049 454 1265 495 convertit
1305 459 1563 506 aspectum;
1615 455 1677 497 ita

210 535 381 570 mentes
413 528 510 579 illae,
534 542 634 581 quae
666 541 862 569 amorem
884 542 1011 569 suum
1044 529 1088 568 in
1121 528 1220 568 Deo
1242 533 1417 568 tantum
1449 527 1677 579 collocant,

208 603 454 657 purissimae
488 603 783 652 nominantur,
806 608 855 643 ut
886 602 992 643 illud
1025 607 1214 643 testatur
1245 601 1461 655 Agnetis:
1494 602 1678 655 “Quem

211 690 311 718 cum
342 690 557 726 amavero,
580 682 701 717 casta
730 689 827 717 sum
848 690 857 727 ;
891 690 990 717 cum
1021 689 1121 716 eum
1143 676 1341 729 tetigero,
1365 675 1531 716 munda
1552 689 1649 716 sum
1668 689 1678 725 ;

211 764 312 792 cum
354 764 574 803 accepero,
611 751 735 803 virgo
772 748 905 790 sum.’'
981 749 1148 790 Contra
1182 763 1297 798 vero,
1335 762 1434 801 quae
1471 749 1514 788 in
1551 750 1681 790 rebus

212 825 369 865 creatis
411 837 606 865 amorem
649 837 777 864 suum
814 822 1044 872 collocant,
1080 822 1299 863 habentur
1334 823 1527 876 impurae.
1593 823 1681 864 Hic

212 898 330 939 enim
363 898 577 938 castitatis
603 903 670 937 est
698 896 807 946 finis,
830 897 1053 936 continere
1084 909 1131 936 se
1161 896 1219 936 ab
1251 909 1401 936 amore
1431 896 1681 949 affectuque

212 977 520 1019 creaturarum,
554 970 637 1010 hoc
670 975 737 1010 est
766 969 1028 1018 hominum;
1061 969 1135 1021 qui
1169 968 1349 1021 quidem
1385 969 1567 1009 affectus
1601 970 1682 1010 im-

212 1057 348 1097 purus
385 1050 460 1092 est,
498 1056 744 1096 corpusque
784 1055 904 1095 saepe
945 1042 1187 1095 corrumpit
1224 1047 1268 1081 et
1308 1041 1437 1082 solvit
1478 1042 1522 1081 in
1558 1047 1681 1082 actus

213 1117 420 1170 impuros,
463 1129 561 1169 quae
604 1122 671 1157 est
713 1116 834 1156 labes
877 1116 1034 1156 ultima
1074 1115 1299 1155 castitatis.
1384 1114 1491 1155 Mali
1533 1121 1682 1155 autem

215 1189 372 1243 angeli,
395 1189 498 1242 quia
527 1195 836 1242 apostatarunt
864 1203 890 1229 a
919 1189 1029 1239 Deo,
1053 1194 1097 1228 et
1125 1188 1169 1228 in
1198 1202 1244 1229 se
1273 1188 1355 1241 ipsi
1378 1193 1685 1229 converterunt

214 1275 411 1305 amorem
447 1276 579 1316 quem
623 1264 707 1303 Dei
742 1263 976 1312 debebant,
1015 1262 1176 1303 idcirco
1213 1262 1418 1303 dicuntur
1454 1262 1684 1312 immundi,

215 1343 265 1378 ut
293 1337 428 1377 modo
457 1337 740 1386 dicebamus;
784 1350 1039 1389 quanquam
1072 1342 1116 1377 et
1147 1341 1327 1389 propter
1357 1336 1685 1376 immunditiam

216 1411 418 1451 elationis
460 1416 593 1463 atque
634 1410 861 1463 superbiae,
901 1424 1000 1462 quae
1043 1411 1086 1449 in
1129 1410 1191 1450 eis
1233 1410 1429 1449 maxime
1466 1415 1541 1458 est,
1576 1409 1686 1450 tales

215 1489 438 1533 vocantur,
476 1485 579 1536 quia
616 1485 870 1524 immundus
909 1488 974 1523 est
1011 1483 1129 1536 apud
1173 1483 1319 1523 Deum
1357 1483 1500 1522 omnis
1537 1496 1686 1535 super-

218 1558 311 1607 bus,
354 1563 402 1598 ut
443 1558 561 1597 enim
603 1558 842 1597 immundis
885 1557 1063 1597 inflatur
1103 1570 1181 1609 per
1220 1556 1448 1596 libidinem
1480 1569 1591 1605 caro,
1625 1557 1687 1597 ita

219 1631 418 1684 superbis
462 1644 540 1684 per
581 1630 817 1671 elationem
869 1631 1053 1680 animus,
1107 1630 1295 1682 ideoque
1345 1630 1517 1682 utrique
1567 1629 1686 1682 apud

219 1705 367 1746 Deum
391 1705 617 1745 immundi.

306 1778 459 1818 Tertia
489 1791 632 1827 causa,
665 1778 768 1829 quia
807 1776 1029 1829 §.Angeli
1063 1790 1120 1817 ex
1152 1776 1372 1817 consortio
1405 1776 1553 1816 Divini
1585 1789 1687 1816 con-

219 1857 407 1905 spectUS,
440 1865 466 1891 a
502 1865 591 1903 quo
627 1864 854 1903 nunquam
892 1851 1112 1899 recedunt,
1146 1856 1189 1890 et
1225 1864 1283 1890 ex
1319 1850 1477 1891 decore
1513 1850 1688 1890 Divinae

221 1925 387 1977 gratiae,
424 1924 703 1977 pulcherrimi
741 1925 1069 1977 gratiarumque
1105 1923 1223 1977 pleni
1262 1929 1373 1964 sunt.
1438 1923 1546 1964 Ideo
1588 1936 1688 1963 cum

223 1999 477 2052 quempiam
519 1998 843 2051 pulchritudine
895 2012 945 2039 ac
982 1998 1124 2038 forma
1174 2002 1460 2051 praestantem
1511 1997 1691 2037 laudare

222 2073 437 2122 volumus,
479 2072 638 2125 angelo
681 2085 999 2125 comparamus.
1084 2072 1158 2113 Sic
1201 2071 1363 2112 Esther
1403 2072 1459 2111 ad
1512 2083 1690 2123 regem:

225 2146 365 2187 “Vidi
397 2152 452 2196 te,
475 2146 665 2195 domine,
690 2147 814 2198 quasi
846 2145 1052 2199 angelum
1086 2146 1182 2195 Dei,
1207 2151 1251 2185 et
1282 2145 1591 2186 conturbatum
1625 2148 1692 2184 est

225 2234 299 2262 cor
330 2233 479 2261 meum
510 2234 600 2273 prae
623 2220 782 2259 timore
812 2219 962 2271 gloriae
997 2225 1095 2259 tuae.
1156 2218 1301 2259 Valde
1331 2218 1448 2258 enim
1481 2218 1692 2258 mirabilis

227 2307 284 2344 es,
321 2294 511 2342 domine,
549 2298 592 2333 et
628 2292 759 2333 facies
793 2299 869 2333 tua
909 2291 1040 2344 plena
1077 2297 1143 2332 est
1183 2289 1481 2344 gratiarum.’'¹
1543 2291 1603 2331 Et
1635 2291 1691 2331 de

228 2367 275 2408 Β.
309 2367 565 2420 Stephano:
619 2367 886 2407 “intuentes
929 2378 1029 2405 eum
1071 2377 1236 2414 omnes,
1278 2364 1353 2417 qui
1394 2364 1608 2405 sedebant
1649 2364 1693 2404 in

229 2441 425 2490 concilio,
459 2440 662 2481 viderunt
703 2439 858 2480 faciem
901 2438 995 2492 ejus
1036 2444 1248 2491 tanquam
1290 2437 1446 2478 faciem
1488 2435 1696 2491 angeli‚'’2

227 2515 274 2555 id
307 2520 373 2555 est
403 2513 752 2567 pulcherrimam.
817 2513 949 2553 Porro
980 2511 1260 2566 pulchritudo
1291 2512 1409 2553 beati
1441 2512 1618 2565 spiritus
1649 2512 1694 2551 in

228 2588 420 2642 puritate
461 2587 671 2637 consistit,
714 2600 812 2639 quae
858 2587 893 2626 si
945 2587 1070 2635 absit,
1107 2586 1201 2638 jam
1253 2599 1340 2626 non
1391 2585 1572 2639 pulcher
1615 2585 1694 2626 sed

229 2661 438 2703 deformis
489 2661 680 2701 efficitur.
774 2660 839 2701 Ut
890 2665 1039 2700 autem
1085 2659 1129 2698 in
1180 2659 1344 2700 sanctis
1405 2659 1586 2712 angelis,
1635 2672 1693 2699 ex

231 2736 432 2777 ubertate
464 2735 639 2775 Divinae
672 2734 826 2787 gratiae
868 2734 912 2773 in
949 2747 1038 2786 qua
1069 2731 1316 2774 confirmati
1350 2739 1463 2783 sunt,
1495 2737 1540 2772 et
1570 2745 1696 2772 novae

232 2809 518 2851 beatitudinis
569 2821 656 2862 qua
706 2813 862 2861 postea
912 2812 1015 2848 sunt
1070 2806 1198 2857 aucti,
1250 2806 1405 2859 ingens
1469 2811 1567 2846 orta
1631 2809 1698 2846 est
1758 2799 1765 2803 ⁵

619 2895 633 2915 ²
657 2896 778 2929 Esther
803 2902 852 2937 15.
1139 2893 1153 2914 2
1176 2895 1251 2927 Act.
1271 2894 1301 2929 6.
