1903 3197
218 117 315 175 696
541 112 622 158 De
653 112 846 159 ratione
878 111 1072 158 vivendi
1109 111 1372 160 Socz'etatzk.

219 249 276 290 de
316 248 445 288 nobis
486 246 686 287 dicamus
729 245 907 300 aliquid,
950 246 1067 287 unde
1109 247 1250 288 redire
1289 248 1347 288 ad
1388 261 1469 289 nos
1509 248 1605 290 laus
1646 256 1693 293 et

217 322 360 376 gloria
409 321 551 374 possit
577 337 585 361 :
637 333 740 361 nam
793 333 1072 373 quacumque
1124 321 1180 361 ad
1234 320 1353 361 hunc
1399 323 1690 365 vanissimum

220 396 356 437 finem
397 396 533 437 verba
577 395 866 449 proferuntur,
909 395 1004 436 sine
1055 394 1140 436 fine
1191 402 1304 446 sunt,
1347 397 1558 450 quoniam
1610 412 1691 440 suo

220 470 307 511 fine
328 476 488 519 carent,
511 469 586 522 qui
613 476 680 510 est
710 470 860 521 Deus;
894 469 1259 523 appellanturque
1280 484 1306 511 a
1329 470 1495 524 Spiritu
1524 472 1691 514 Sancto

218 543 354 585 verba
374 550 570 585 ventosa.
630 543 728 596 Job.
757 544 817 584 16.
883 543 953 583 “N
959 543 1126 597 unquid
1151 544 1380 585 habebunt
1402 544 1535 586 finem
1557 546 1693 588 verba

219 619 478 660 ventosa?''
553 619 644 661 Ubi
688 618 960 672 Gregorius:
1012 619 1282 669 “Ventosa,”
1324 620 1478 674 inquit,
1525 621 1694 663 “verba

220 699 334 743 sunt,
372 708 471 747 quae
514 692 729 734 inflationi
774 693 1009 746 temporali
1051 694 1210 746 potius,
1252 708 1387 748 quam
1439 696 1692 737 rectitudini

219 771 424 811 serviunt.
488 769 619 823 Saepe
650 776 800 810 autem
833 769 938 810 mali
970 770 1104 810 etiam
1136 769 1255 811 bona
1285 771 1450 821 dicunt,
1477 772 1555 813 sed
1587 773 1693 826 quia

218 846 332 887 bene
384 858 472 885 non
514 845 678 893 dicunt,
721 850 907 884 ventosa
947 844 1080 884 verba
1121 844 1375 897 proferunt:
1427 859 1530 886 nam
1571 847 1692 889 dicta

219 932 371 959 eorum
403 919 439 959 si
471 919 651 971 quando
684 932 791 958 sana
823 924 926 958 sunt
956 931 1034 971 per
1059 920 1335 968 sententiam,
1360 920 1513 961 inflata
1540 927 1690 962 tamen

219 999 323 1033 sunt
356 1007 434 1046 per
466 993 715 1033 elationem.
793 992 1057 1033 Cenodoxia
1089 993 1221 1046 igitur
1252 1000 1295 1034 et
1327 993 1545 1047 jactantia
1579 995 1693 1049 fugi-

219 1068 335 1109 enda
371 1067 499 1108 nobis
541 1073 669 1107 sunt:
712 1067 850 1107 altera
887 1073 1035 1108 autem
1073 1081 1131 1108 ex
1169 1067 1307 1108 altera
1344 1070 1491 1110 oritur.
1574 1069 1693 1123 Quia

220 1143 337 1183 enim
370 1142 521 1196 gloriae
554 1141 744 1183 stimulis
776 1142 811 1181 is
840 1142 914 1195 qui
948 1141 1152 1195 loquitur,
1176 1143 1391 1193 incitatur,
1415 1144 1694 1198 compellitur

220 1219 355 1260 etiam
389 1220 445 1260 de
479 1234 525 1260 se
552 1220 648 1273 ipso
674 1219 826 1272 gloriae
858 1233 991 1260 causa
1023 1219 1171 1273 aliqua
1202 1221 1356 1271 dicere,
1380 1222 1423 1261 in
1456 1236 1545 1275 quo
1576 1223 1692 1264 inest

216 1294 442 1348 jactantia.

309 1369 444 1409 Nulla
481 1376 629 1410 autem
668 1370 711 1409 in
749 1370 923 1409 actione
952 1369 1137 1410 fortasse
1168 1371 1230 1410 ita
1259 1385 1353 1411 sese
1385 1371 1537 1424 gloriae
1564 1385 1692 1413 vanae

221 1445 440 1497 cupiditas
464 1444 691 1492 immiscet,
717 1449 764 1484 ut
796 1445 839 1483 in
873 1443 1104 1484 locutione.
1170 1443 1298 1497 Quia,
1322 1452 1370 1486 ut
1391 1446 1453 1486 ait
1477 1445 1691 1499 Chrysos·

221 1525 380 1567 tomUS,
399 1518 464 1571 Jo.
484 1529 509 1571 7
530 1535 537 1559 :
571 1521 591 1537 “
609 1517 697 1571 Qui
720 1532 745 1558 a
769 1519 1008 1571 semetipso
1030 1518 1232 1572 loquitur,
1255 1519 1442 1572 gloriam
1465 1521 1689 1574 propriam

223 1593 416 1646 quaerit.''
499 1593 558 1633 Et
593 1592 907 1645 “loquacitas,”
942 1598 989 1632 ut
1025 1594 1087 1633 ait
1121 1593 1353 1642 ClimacuS,
1384 1594 1453 1635 Gr.
1487 1606 1564 1635 11:
1598 1598 1694 1636 “est

222 1667 366 1708 inanis
407 1667 558 1720 gloriae
603 1667 742 1716 sedeS,
782 1681 858 1719 per
899 1680 1033 1720 quam
1076 1668 1267 1721 seipsam
1314 1669 1518 1719 indicare,
1556 1675 1693 1723 atque

224 1741 267 1781 in
300 1741 525 1795 publicum
558 1741 800 1794 producere
831 1740 961 1781 solita
992 1742 1093 1782 est.”

312 1816 447 1856 Ratio
469 1815 599 1868 hujus
621 1822 697 1864 est,
717 1816 820 1868 quia
842 1830 943 1877 cum
965 1830 992 1856 a
1013 1817 1192 1865 ratione,
1211 1831 1309 1870 quae
1333 1824 1399 1858 est
1421 1818 1694 1860 nobilissima

224 1891 268 1931 in
305 1891 484 1931 homine
520 1905 634 1944 pars,
669 1891 835 1931 oriatur
871 1891 1038 1931 oratio:
1074 1891 1186 1931 sicut
1224 1893 1404 1932 rationis
1436 1894 1694 1946 praestantia

223 1966 475 2019 gloriamur,
506 1965 567 2005 ita
599 1972 643 2005 et
677 1979 879 2005 sermone
911 1972 954 2005 et
990 1966 1199 2015 oratione,
1224 1980 1323 2019 quae
1355 1967 1448 2020 ejus
1480 1968 1694 2021 interpres

225 2047 301 2081 est.
366 2041 492 2081 Idem
526 2041 644 2080 enim
683 2046 749 2080 est
787 2041 899 2080 bene
935 2041 1210 2094 scienterque
1240 2041 1372 2094 loqui,
1400 2057 1450 2082 ac
1486 2043 1599 2083 bene
1630 2043 1694 2083 uti

224 2116 406 2155 ratione.
462 2115 665 2167 Reliquae
683 2128 786 2155 vero
809 2115 1016 2164 actiones,
1035 2115 1078 2155 in
1101 2116 1260 2168 quibus
1281 2116 1465 2169 gloriam
1483 2118 1693 2171 aucupari

226 2191 322 2242 quis
359 2196 518 2243 potest,
552 2190 686 2230 etiam
725 2190 832 2242 ipsae
869 2190 904 2229 si
946 2189 1141 2243 pulchrae
1178 2191 1275 2239 sint,
1308 2205 1334 2231 a
1366 2192 1547 2232 rationis
1581 2206 1693 2245 prae-

226 2265 391 2304 stantia
421 2265 703 2314 derivantur;
739 2270 782 2304 ct
820 2270 1001 2304 eatenus
1034 2264 1209 2304 laudem
1242 2265 1418 2314 habent,
1452 2272 1500 2306 ut
1535 2273 1695 2307 cuncta

226 2339 375 2379 animo
427 2339 684 2391 rationeque
742 2339 908 2378 nuntiae
970 2339 1317 2392 interpretesque
1368 2341 1559 2391 rationis,
1611 2355 1692 2382 nec

224 2415 379 2468 primae
418 2413 528 2462 filiae,
561 2420 608 2453 ut
646 2414 707 2453 ita
739 2413 940 2462 dixerim,
971 2414 1083 2454 sicut
1116 2415 1264 2454 oratio.
1330 2414 1443 2455 Cum
1481 2416 1613 2468 igitur
1648 2417 1692 2457 in

225 2502 475 2529 sermonem
503 2488 630 2528 facile
659 2489 821 2540 irrepat
844 2488 1064 2540 cupiditas
1095 2488 1257 2541 gloriae,
1281 2490 1431 2530 danda
1462 2497 1528 2531 est
1559 2505 1694 2544 opera

226 2564 340 2604 inter
381 2563 663 2616 loquendum,
707 2577 761 2602 nc
810 2576 966 2615 parum
1010 2564 1220 2613 modeste,
1262 2564 1571 2618 humiliterque
1612 2580 1694 2606 nos

225 2651 443 2691 geramus,
468 2652 576 2678 neve
597 2637 749 2691 gloriae
776 2637 923 2690 cupidi
953 2637 1344 2690 deprehendamur.
1409 2638 1522 2680 Sunt
1543 2646 1693 2681 autem

224 2713 352 2765 signa
393 2712 550 2765 aliqua,
587 2712 745 2765 quibus
783 2711 1050 2764 deprehendi
1094 2712 1311 2766 quispiam
1353 2719 1502 2767 potest
1541 2714 1694 2767 gloriae

224 2787 431 2827 inservire
463 2787 569 2826 dum
602 2786 804 2839 loquitur.

318 2867 369 2901 10.
405 2860 452 2902 Si
485 2861 696 2901 curiosius
729 2874 843 2900 nova
876 2866 920 2901 et
952 2861 1152 2902 inaudita
1182 2862 1402 2914 proferat:
1433 2867 1694 2916 argumento
