1903 3197
258 131 364 217 704*
574 154 655 200 De
689 153 877 200 ratione
911 152 1107 200 vivendi
1140 152 1402 201 Socz‘etatz's.

257 288 461 342 compitis
494 301 699 328 somnum
734 287 936 328 cibumve
969 301 1135 341 capere,
1165 301 1265 328 cum
1298 289 1335 329 is
1368 288 1452 328 cibi
1489 289 1722 343 somnique

257 363 380 404 locus
401 375 488 402 non
511 362 578 412 sit,
600 375 746 402 nonne
771 367 924 402 contra
952 362 1161 403 decorum
1183 362 1321 416 agas?

344 437 446 489 Jam
462 436 610 476 videre
630 436 732 477 licet
754 437 886 477 etiam
909 437 952 477 in
975 443 1142 486 natura,
1161 450 1262 490 quae
1283 450 1363 477 suo
1379 451 1603 490 quamque
1625 437 1722 479 loco

257 525 348 552 rem
380 524 554 564 semper
584 510 696 552 facit.
761 511 821 552 Et
852 511 1030 565 quidem
1063 513 1106 552 in
1138 512 1333 552 humano
1364 525 1545 565 corpore
1576 513 1726 554 omnia

256 599 337 626 suo
372 584 470 626 loco
506 592 756 626 constructa
791 592 1036 637 cernuntur,
1074 600 1173 639 quae
1215 586 1250 626 si
1286 587 1450 636 sedem,
1488 585 1724 640 locumque

258 665 441 709 mutent,
480 660 625 700 omnis
664 661 851 702 intereat
892 661 1181 714 pulchritudo.
1267 661 1332 703 Ut
1373 662 1408 701 si
1450 661 1493 701 in
1534 661 1723 714 genibus

257 734 407 776 oculos
449 734 644 785 collocet,
681 749 808 776 aures
848 737 892 776 in
934 736 1160 786 calcaneis,
1197 736 1328 777 tibias
1369 736 1412 776 in
1455 735 1719 777 lacertorum

255 809 373 860 sede,
410 816 454 850 et
494 811 538 850 in
578 810 785 850 tibiarum
826 810 923 852 loco
964 811 1162 860 lacertos,
1200 825 1325 852 nares
1366 811 1410 851 in
1451 817 1640 864 pectore,
1676 817 1721 853 et

257 884 344 925 alia
378 884 422 924 in
459 884 555 924 aliis
591 885 768 926 sedibus
804 884 999 938 locisque
1035 886 1235 926 membra
1270 891 1465 939 reponat,
1503 892 1717 939 quantam

255 958 634 1013 perturbationem
670 965 716 1000 et
746 959 1071 1001 deformitatem
1109 960 1262 1001 afferat
1292 960 1486 1001 humano
1518 959 1722 1014 corpori?

257 1033 378 1087 Ergo
410 1040 454 1074 et
485 1034 529 1074 in
561 1034 795 1088 loquendo,
819 1035 900 1076 nisi
933 1050 1012 1076 suo
1044 1035 1141 1076 loco
1171 1036 1306 1076 verba
1336 1035 1541 1088 proferas,
1565 1035 1724 1076 nihilo-

255 1110 402 1150 minus
433 1114 585 1150 contra
616 1109 823 1151 decorum
855 1124 1021 1164 pecces,
1054 1116 1295 1164 contraque
1326 1110 1605 1152 modestiam.

345 1184 569 1225 Habenda
601 1190 668 1225 est
700 1190 849 1226 autem
883 1186 1104 1240 praecipue
1134 1186 1265 1226 trium
1298 1185 1495 1227 locorum
1526 1186 1648 1236 ratio,
1675 1190 1725 1226 ut

255 1273 388 1313 supra
409 1260 648 1313 attigimus,
666 1260 710 1300 in
732 1261 891 1314 quibus
913 1268 990 1302 aut
1011 1261 1155 1301 nullus
1176 1261 1462 1314 proferendus
1479 1267 1545 1302 est
1568 1274 1723 1311 sermo,

256 1339 333 1376 aut
354 1335 389 1375 si
412 1335 648 1375 necessitas
671 1335 834 1390 exigat,
857 1335 986 1377 valde
1007 1350 1173 1390 parcus.

350 1415 403 1450 10.
439 1409 662 1450 Habenda
692 1415 760 1451 est
790 1411 902 1451 ratio
930 1410 1013 1451 loci
1043 1411 1179 1462 sacri;
1217 1410 1330 1464 quia,
1353 1417 1402 1451 ut
1432 1424 1490 1450 ex
1523 1410 1721 1463 August—

258 1485 333 1526 ino
369 1485 577 1535 diximus,
609 1485 653 1525 in
684 1486 873 1527 oratorio
910 1485 1018 1526 nihil
1050 1486 1272 1539 agendum
1314 1491 1380 1526 est
1405 1491 1564 1538 praeter
1591 1485 1634 1525 id
1666 1484 1722 1526 ad

257 1560 378 1614 quod
419 1559 585 1600 factum
627 1566 703 1600 est.
786 1561 869 1601 Est
910 1561 1026 1601 enim
1069 1561 1249 1601 minime
1291 1561 1527 1601 reverentis
1572 1560 1721 1609 animi,

257 1635 528 1688 minimeque
564 1635 760 1676 timentis
797 1635 930 1675 divini
972 1636 1178 1676 Nominis
1219 1634 1498 1688 majestatem
1536 1635 1580 1675 in
1616 1634 1723 1675 locis

257 1710 390 1750 sacris
411 1710 505 1749 sine
533 1711 795 1750 necessitate
820 1710 1001 1750 miscere
1023 1710 1252 1763 colloquia.
1315 1710 1551 1763 Propterea
1573 1708 1726 1762 regula

257 1789 408 1824 nostra
439 1784 686 1824 communis
716 1789 837 1825 vetat
872 1784 915 1824 in
950 1784 1144 1835 ecclesia,
1167 1799 1218 1825 ac
1250 1784 1447 1825 sacristia
1477 1797 1558 1824 nos
1589 1783 1721 1837 loqui,

256 1859 337 1899 nisi
359 1859 470 1900 forte
492 1859 643 1909 obiter,
665 1873 717 1899 ac
737 1860 979 1913 perpaucis.

344 1933 474 1973 Nilus
515 1933 559 1973 in
604 1934 850 1974 Paraenesi:
888 1933 1206 1985 “Ecclesiam,’'
1244 1935 1397 1987 inquit,
1432 1936 1555 1975 “non
1596 1948 1720 1974 secus

255 2021 308 2049 ac
328 2007 490 2048 coelum
519 2007 759 2061 frequenta,
782 2008 977 2062 nihilque
1008 2009 1051 2049 in
1075 2023 1126 2050 ea
1155 2023 1230 2050 seu
1262 2009 1442 2062 loquere
1469 2023 1544 2050 seu
1575 2009 1722 2062 cogita

254 2081 513 2123 terrenum.'’

342 2158 398 2196 2⁰.
435 2157 659 2198 Habenda
694 2163 761 2198 est
797 2159 907 2199 ratio
943 2158 1133 2211 publici;
1167 2164 1215 2198 ut
1251 2158 1295 2198 in
1331 2158 1518 2211 publicis
1545 2158 1636 2208 viis,
1668 2171 1719 2198 ac

254 2230 507 2272 celebritate
547 2245 795 2272 sermonem
838 2233 1128 2282 moderemur,
1167 2239 1211 2273 et
1245 2246 1426 2273 vocem:
1467 2232 1632 2272 scilicet
1674 2237 1722 2273 ut

255 2306 473 2346 modestia
514 2312 663 2346 nostra
704 2312 809 2347 nota
851 2308 908 2347 sit
949 2307 1154 2347 omnibus
1188 2307 1450 2347 hominibus.
1514 2305 1646 2359 Quod
1685 2307 1720 2347 si

253 2379 403 2421 oculos
435 2380 478 2420 in
509 2380 686 2434 publico
723 2381 1059 2430 circumducere,
1094 2381 1309 2434 facileque
1340 2380 1422 2421 hac
1455 2386 1589 2434 atque
1621 2380 1721 2421 illac

251 2468 422 2513 versare
453 2456 683 2508 proximos
717 2455 1000 2496 vehementer
1036 2455 1231 2505 offendit,
1261 2462 1309 2496 ut
1345 2469 1475 2509 supra
1512 2455 1720 2504 diximus,

245 2529 351 2582 quid
384 2529 515 2570 faciat
538 2529 702 2570 multus
727 2529 770 2569 in
800 2529 957 2570 eodem
985 2529 1164 2583 publico
1193 2544 1244 2570 ac
1266 2529 1520 2571 celebritate
1542 2529 1718 2570 sermo?

248 2604 344 2645 Nec
366 2605 483 2644 enim
506 2603 666 2644 desunt
687 2618 713 2644 a
743 2610 879 2658 tergo,
905 2604 979 2657 qui
1011 2604 1313 2657 religiosorum
1335 2604 1468 2645 verba
1489 2605 1721 2657 diligenter

249 2678 509 2728 auscultent,
545 2685 621 2719 aut
657 2692 759 2719 casu
798 2678 903 2718 dum
941 2684 1220 2732 praetereunt,
1255 2679 1410 2719 missas
1443 2692 1572 2719 voces
1608 2679 1720 2719 acci-

250 2753 385 2806 piant,
428 2753 795 2806 offendanturque
834 2752 1128 2803 vehementer,
1172 2754 1206 2793 si
1255 2754 1359 2806 quid
1412 2754 1523 2794 forte
1563 2766 1719 2806 parum

250 2828 451 2882 religiose
501 2828 721 2882 prolatum
773 2828 1059 2869 exaudierint.
1144 2827 1371 2881 Quocirca,
1420 2828 1454 2868 si
1507 2827 1716 2880 loquendi

249 2904 495 2954 necessitas,
529 2905 635 2945 dum
667 2904 748 2945 iter
778 2903 973 2954 facimus,
996 2903 1275 2957 charitasque
1306 2903 1501 2952 suaserit,
1527 2902 1717 2944 memin-
