1903 3197
454 165 533 212 De
564 169 858 226 (egrotorum
892 178 1012 208 cura
1038 160 1262 223 gerenda.
1494 173 1516 217 5
1529 175 1550 204 2
1563 172 1586 218 7

119 316 216 343 sum
253 306 329 351 est,
364 303 545 352 reparet.
624 297 852 338 Postremo
887 300 1065 346 propter
1095 293 1358 333 levationem
1392 291 1585 344 aliquam

98 376 272 416 solatii.
357 373 472 426 Quia
515 371 668 411 morbo
710 368 888 414 affectis,
932 381 1032 406 cum
1080 366 1437 406 animadvertunt
1478 365 1586 405 alios

118 455 290 503 partem
342 448 407 488 sui
459 445 621 487 doloris
673 441 950 483 condolendo
1003 441 1231 492 suscipere,
1284 446 1327 480 et
1383 440 1438 479 ad
1495 453 1584 479 suae

96 522 404 576 <reparationis
426 520 619 560 studium
652 516 838 557 fideliter
870 514 1088 566 adjuvare,
1113 514 1193 553 hac
1216 527 1262 552 se
1284 513 1584 553 consolatione

119 602 379 644 sustentant,
396 601 439 635 et
461 594 613 634 dicunt
635 605 734 631 cum
759 589 895 631 Saule
914 587 944 628 z1
964 587 1220 627 “Benedicti
1238 600 1315 627 vos
1334 601 1358 627 a
1378 587 1583 636 Domino,

116 671 192 723 qui
215 670 414 710 doluistis
435 668 575 708 vicem
599 663 783 705 meam.”

207 750 261 784 20.
297 742 500 783 Deterior
521 746 587 780 est
609 745 874 791 aegrotorum
899 736 1105 784 conditiO,
1129 735 1232 787 quia
1254 748 1353 787 quae
1375 740 1585 786 parantur

119 818 306 870 aegrotis,
347 830 466 869 saepe
518 829 605 855 non
648 815 708 854 ita
760 812 995 860 delectant,
1040 823 1118 849 nec
1171 809 1231 849 ita
1284 815 1385 848 sunt
1436 809 1585 848 suavia

116 892 323 945 gustatui,
347 898 397 931 ut·
426 904 524 943 quae
556 888 805 930 valentibus
838 890 1120 939 apparantur.

207 971 262 1016 30.
297 964 413 1017 Quia
435 964 509 1004 illa
532 965 636 1016 ipsa,
660 976 760 1015 quae
787 966 979 1009 sumunt,
1006 959 1255 1011 frequenter
1287 970 1386 997 cum
1420 957 1587 1010 pudore

117 1045 309 1089 sumunt,
333 1045 377 1079 et
408 1051 571 1091 angore
603 1036 750 1076 animi.

205 1119 264 1163 40.
298 1112 414 1165 Quia
452 1095 827 1162 novis-variisque
865 1107 1086 1156 ministris,
1126 1106 1399 1146 necessitatis
1443 1118 1586 1152 causa,

120 1186 303 1238 subjecti
346 1200 441 1225 esse
481 1186 655 1232 debent,
699 1197 786 1236 qua
828 1183 1040 1223 servitute
1093 1180 1215 1220 liberi
1258 1185 1360 1219 sunt
1401 1179 1507 1227 sani,
1547 1185 1591 1218 et

119 1260 282 1301 multos
315 1261 358 1299 in
391 1259 539 1299 multis
572 1258 698 1298 rebus
731 1258 873 1297 ferant
905 1269 1087 1295 necesse
1120 1261 1196 1303 est,
1220 1259 1267 1293 ut
1300 1253 1443 1293 ferant
1475 1253 1567 1304 ipsi.

211 1340 264 1384 50.
299 1333 417 1385 Quia
454 1331 603 1372 multis
651 1331 861 1371 molestiis
898 1329 1177 1380 tristitiisque
1213 1332 1440 1374 vexantur,
1480 1339 1589 1378 quas

120 1407 287 1448 invehit
320 1407 507 1447 morbus.

207 1482 264 1522 60.
300 1480 415 1533 Quia
446 1481 510 1520 vis
544 1479 683 1520 morbi
718 1478 867 1518 multis
901 1482 968 1517 est
1004 1476 1176 1516 occasio
1213 1488 1298 1514 non
1332 1480 1423 1513 tam
1458 1473 1589 1512 bene-

121 1555 315 1595 merendi
348 1568 481 1607 quam
514 1552 778 1601 demerendi,
801 1556 982 1604 propter
1017 1562 1224 1598 murmur,
1248 1547 1587 1595 intolerantiam,

120 1628 556 1681 imbecillitatemque
579 1626 744 1667 ferendi
768 1625 921 1674 morbi,
948 1631 991 1665 et
1013 1623 1099 1664 alia
1126 1622 1379 1675 hujusmodi
1403 1620 1527 1661 mala.

209 1709 266 1755 70.
302 1701 417 1755 Quia
450 1703 643 1742 sentiunt
665 1714 711 1740 se
734 1713 828 1740 esse
860 1699 978 1739 oneri
1013 1698 1075 1745 iis,
1102 1697 1219 1750 apud
1252 1710 1362 1748 quos
1395 1700 1588 1745 manent,

120 1791 200 1817 nec
223 1777 283 1816 ita
305 1776 490 1816 libenter
511 1780 701 1827 aegrotos
723 1787 773 1814 ac
795 1787 880 1821 eos,
901 1772 975 1825 qui
1000 1777 1115 1811 recte
1137 1770 1295 1818 valent,
1317 1770 1359 1809 in
1383 1769 1589 1809 domibus

120 1856 165 1891 et
187 1850 381 1904 collegiis
404 1850 563 1890 haberi.

209 1926 265 1966 80.
302 1924 417 1977 Quia
440 1937 549 1964 onus
573 1922 828 1975 disciplinae,
848 1921 928 1961 etsi
951 1920 1047 1960 haec
1072 1919 1215 1960 laxior
1237 1918 1468 1971 aegrotanti
1493 1932 1589 1971 per-

123 1999 320 2048 mittitur,
357 1998 531 2051 gravius
568 1996 896 2037 valetudinariis
933 2000 1067 2047 atque
1114 1992 1405 2033 imbecillibus
1453 2006 1586 2044 quam

119 2072 378 2113 valentibus.

207 2152 265 2199 90.
300 2145 417 2198 Quia
458 2144 607 2185 multis
656 2149 806 2184 carent
855 2141 1154 2196 spiritualibus
1203 2140 1589 2189 consolationibus,

121 2220 282 2273 quibus
316 2218 545 2260 abundant
579 2219 617 2267 ii,
643 2218 716 2270 qui
754 2223 870 2257 recte
906 2216 1083 2257 valent:
1118 2221 1266 2256 carent
1300 2214 1416 2254 enim
1455 2227 1588 2254 sacrae

121 2294 321 2334 lectionis
343 2293 518 2346 pabulo,
537 2293 783 2332 divinorum
807 2291 1060 2339 officiorum,
1081 2289 1300 2338 orationiS,
1319 2294 1363 2329 et
1385 2288 1428 2328 id
1451 2301 1590 2340 genus

121 2368 304 2409 aliarum
328 2368 695 2408 exercitationum
719 2365 871 2415 fructu,
894 2371 1028 2417 atque
1050 2363 1297 2404 commodo.

216 2448 296 2482 100.
332 2442 537 2494 Denique
560 2441 703 2481 minus
725 2441 817 2493 apti
840 2445 941 2479 sunt
964 2439 1014 2478 iis
1037 2436 1311 2490 exequendis
1334 2435 1588 2476 muneribus

122 2521 255 2568 atque
292 2515 455 2565 officiis,
493 2514 610 2555 unde
646 2514 884 2567 plurimum
926 2513 1081 2553 lucrari
1125 2517 1168 2552 et
1205 2511 1359 2551 mereri
1397 2515 1588 2563 possent.

104 2588 394 2641 =Quanqua1n
436 2589 552 2628 enim
590 2602 647 2628 ex
684 2587 917 2629 tolerantia
954 2587 1095 2627 morbi
1133 2598 1288 2638 capere
1334 2584 1429 2624 haec
1471 2584 1589 2622 lucra

122 2663 320 2715 possint;
353 2668 502 2702 tomen
526 2676 614 2702 non
643 2675 806 2712 omnes,
830 2667 879 2702 ut
905 2661 1010 2709 dixi,
1035 2665 1214 2713 propter
1240 2657 1586 2698 imbecillitatem

88 2761 98 2768 ·
121 2737 317 2789 corporis
355 2742 398 2776 et
434 2737 569 2776 animi
607 2750 658 2776 ea
699 2736 888 2789 capiunt.
973 2735 1072 2774 Imo
1114 2733 1336 2786 perpauci,
1381 2744 1587 2784 saepeque

125 2810 166 2861 ii,
185 2811 259 2863 qui
277 2809 370 2863 jam
388 2810 650 2850 videbantur
668 2811 710 2850 in
729 2810 889 2850 virtute
906 2807 1098 2862 perfecti,
1119 2808 1351 2859 minusque
1373 2805 1590 2859 patientes

731 2898 743 2918 1
771 2908 797 2931 1.
820 2900 901 2940 Reg.
924 2907 974 2939 23.
