1903 3197
549 180 617 225 In
651 179 868 241 Regulas
901 180 1159 228 Modestzae.
1309 164 1314 172 ’
1490 186 1586 243 693

131 315 154 332 “
168 310 381 365 Spiritum
404 324 549 352 coram
572 312 719 365 aliquo
741 326 797 353 ne
817 312 1019 365 projicias
1038 331 1046 355 :
1071 315 1107 354 si
1129 316 1321 356 evenerit
1342 315 1421 356 tibi
1444 317 1587 368 tussis,

127 392 248 426 verte
279 386 433 426 faciem
465 392 587 426 tuam
619 392 745 436 retro,
774 392 817 426 et
848 387 992 427 tussi.''

216 460 268 500 In
290 474 396 500 voce
427 473 602 513 quoque
632 461 777 513 posita
798 466 864 500 est
886 462 997 501 ratio
1021 476 1073 502 ac
1105 463 1245 503 forma
1274 464 1509 516 loquendi;
1542 466 1585 506 in

128 547 268 587 eaque
298 535 387 574 duo
419 533 662 586 spectanda
691 539 804 584 sunt,
829 536 1063 586 quantitas,
1095 543 1138 576 et
1167 537 1356 589 qualitas
1384 540 1512 580 vocis.

217 606 455 660 Quantitas
486 608 676 660 quidem,
706 621 762 648 ne
794 609 850 648 sit
881 609 1011 649 nimis
1042 609 1168 659 elata,
1195 617 1272 651 aut
1302 613 1456 652 tenuis.
1519 614 1588 654 Ne

127 682 185 722 sit
216 682 345 722 nimis
376 681 517 722 elata:
551 682 654 735 quia
675 683 795 722 vocis
826 682 957 723 elatio
989 683 1225 724 elationem
1258 687 1392 725 animi
1424 687 1588 739 signifi-

126 762 208 796 cat.
271 755 419 808 Quare
441 762 484 796 et
508 756 549 797 S.
571 757 835 797 Benedictus
857 757 1097 798 secundum
1120 758 1379 799 humilitatis
1400 762 1586 813 gradum

125 830 281 883 ponit:
329 829 510 870 “Pauca
547 830 677 883 loqui,
713 844 801 870 non
837 831 1032 871 clamosa
1067 832 1209 872 voce.”
1271 833 1331 873 Et
1369 833 1585 884 Clemens,

127 914 163 944 2.
188 903 360 956 Paedag.
384 904 491 944 dicit
513 917 607 944 esse
635 904 844 944 indicium
874 905 1147 958 arrogantiae,
1171 912 1219 946 ut
1241 920 1348 947 mox
1376 908 1584 949 dicemus.

126 977 336 1018 Bernardi
359 978 493 1018 etiam
515 979 758 1019 sententia:
792 978 1009 1019 “Clamor
1038 980 1081 1020 in
1104 980 1325 1021 locutione
1354 982 1490 1022 index
1520 989 1587 1023 est

126 1052 376 1106 superbiae.”
439 1052 499 1093 Et
531 1052 739 1105 Pynufius
769 1053 887 1093 Abb.
919 1053 1036 1106 apud
1072 1054 1190 1095 Cass.
1218 1055 1242 1095 1.
1265 1068 1303 1106 4.
1326 1070 1359 1096 c.
1385 1067 1449 1108 39.
1474 1057 1588 1097 inter

124 1132 285 1167 caetera
339 1126 599 1167 humilitatis
650 1128 776 1180 signa
827 1141 993 1167 nonum
1044 1129 1198 1180 ponit:
1250 1132 1271 1148 ‘⁶
1290 1129 1337 1170 Si
1389 1130 1585 1183 linguam

125 1200 339 1251 cohibeat,
363 1207 407 1241 et
438 1215 524 1242 non
557 1202 614 1241 sit
645 1201 863 1241 clamosus
895 1201 939 1241 in
970 1201 1112 1242 voce.”

210 1275 303 1316 Alii
338 1289 514 1329 quoque
544 1276 698 1316 vitium
734 1275 818 1316 hoc
849 1282 1062 1329 tanquam
1094 1290 1121 1316 a
1152 1277 1362 1331 religione
1393 1279 1586 1320 alienum

126 1349 256 1390 valde
288 1350 515 1390 damnant.
579 1350 694 1403 Ugo,
717 1355 839 1389 tract.
862 1350 934 1389 De
968 1349 1073 1390 Inst.
1098 1350 1209 1391 Nov.
1234 1365 1266 1392 c.
1296 1361 1372 1403 17:
1405 1353 1588 1394 “Sonus

123 1422 345 1476 loquentis
366 1424 498 1464 debet
523 1437 618 1463 esse
639 1424 856 1463 demissus
872 1438 883 1474 ;
914 1437 968 1463 ne
990 1424 1174 1476 strepitu
1197 1431 1274 1464 aut
1295 1425 1589 1468 immoderata

123 1497 399 1537 clamositate
435 1498 657 1538 auditores
693 1511 796 1538 suos
837 1503 913 1537 aut
949 1497 1110 1550 injuste
1145 1504 1317 1547 terreat,
1357 1506 1432 1539 aut
1469 1500 1589 1552 juste

123 1571 356 1612 offendat”

211 1647 534 1695 Bonaventura,
558 1644 683 1699 Spec.
708 1645 824 1685 Disc.
848 1659 887 1698 p.
914 1656 948 1696 3.
972 1659 1005 1685 c.
1032 1656 1083 1685 2:
1121 1645 1304 1686 “Sonus
1333 1647 1466 1687 debet
1492 1661 1588 1689 esse

123 1720 340 1760 demissus
387 1720 550 1773 pariter
590 1726 634 1760 et
675 1720 831 1768 suavis,
869 1719 1079 1772 quoniam
1121 1720 1373 1761 clamositas
1415 1728 1458 1761 et
1494 1736 1587 1762 ver—

123 1796 281 1836 borum
312 1796 525 1848 asperitas
554 1794 819 1834 locutionem
850 1794 1039 1847 religiosi
1071 1794 1309 1847 plurimum
1333 1797 1510 1848 quidem
1542 1803 1588 1837 et

125 1869 311 1910 dedecet
357 1876 401 1910 et
442 1869 683 1922 deturpat.''
745 1869 883 1917 Idem,
927 1870 983 1909 de
1034 1869 1165 1910 Infor.
1210 1870 1319 1910 Nov.
1363 1885 1396 1911 c.
1437 1882 1500 1922 30.
1543 1877 1590 1912 et

124 1943 239 1985 alibi.
321 1945 382 1984 Et
432 1944 475 1983 in
529 1944 653 1996 Spec.
692 1943 810 1983 Disc.
848 1957 888 1996 p.
924 1955 962 1994 4
1007 1958 1041 1984 c.
1080 1952 1138 1994 5:
1192 1945 1587 1995 “Vitiosissimus,”

125 2018 280 2071 inquit,
317 2018 483 2072 “plane
532 2017 735 2070 religioso
783 2017 991 2070 loquendi
1040 2018 1210 2068 modus,
1251 2019 1287 2058 si
1336 2020 1589 2060 notabiliter

126 2106 252 2133 suam
294 2093 339 2132 in
381 2092 556 2145 loquela
595 2092 819 2132 communi
859 2105 1011 2132 vocem
1049 2092 1227 2133 exaltet.
1291 2093 1490 2134 Sufficiat
1535 2095 1587 2146 ei,

124 2167 244 2220 quod
288 2167 492 2220 proxime
527 2166 609 2207 sibi
646 2172 842 2207 astantes
883 2166 1054 2218 possint
1089 2166 1308 2219 loquentis
1345 2168 1588 2222 intelligere

119 2241 338 2283 verbum.''

213 2316 354 2356 Isaias
388 2315 557 2364 Abbas,
582 2315 654 2356 Or.
687 2323 737 2366 5:
769 2314 853 2356 “Si
885 2315 998 2355 inter
1029 2329 1108 2355 vos
1141 2316 1305 2356 oriatur
1337 2331 1481 2358 sermo
1512 2319 1588 2372 qui

125 2391 260 2430 risum
291 2396 479 2439 moveat,
502 2396 653 2430 cavete
681 2403 737 2430 ne
757 2403 910 2429 vocem
939 2396 1129 2430 vestram
1157 2391 1309 2432 sinatis
1330 2392 1530 2432 exaudiri
1548 2393 1588 2443 ;’'

125 2470 170 2505 et
200 2478 259 2505 or.
284 2474 348 2517 27.
370 2479 404 2505 c.
435 2464 515 2505 16:
548 2464 631 2505 “Si
663 2464 873 2517 tempus‚'’
903 2465 1055 2517 inquit,
1084 2467 1104 2483 “
1118 2465 1327 2515 inciderit,
1361 2472 1408 2506 ut
1440 2480 1588 2507 neces-

126 2539 241 2579 sario
262 2538 533 2591 loquendum
560 2539 627 2588 sit,
651 2544 726 2578 aut
758 2544 938 2591 praestet
966 2538 1085 2591 loqui
1117 2552 1250 2591 quam
1279 2546 1449 2591 tacere3
1481 2547 1587 2581 tunc

128 2627 179 2653 os
200 2618 325 2654 tuum
348 2614 548 2666 aperiens
571 2626 671 2653 cum
694 2614 852 2653 timore
881 2613 977 2662 Dei,
1001 2620 1134 2666 atque
1155 2620 1354 2664 tremore,
1379 2622 1421 2655 et
1443 2616 1588 2669 capite

128 2687 332 2737 demisso,
356 2688 557 2728 modeste
577 2693 621 2728 et
642 2687 860 2728 submissa
880 2702 987 2728 voce
1006 2688 1140 2728 verba
1160 2688 1328 2729 facito.''

210 2761 356 2801 Nimis
387 2768 535 2802 autem
567 2762 720 2812 tenuis,
743 2768 821 2803 aut
850 2762 1043 2802 demissa
1067 2777 1157 2802 vox
1179 2776 1273 2803 esse
1305 2778 1392 2804 non
1424 2765 1556 2805 debet
1573 2780 1584 2817 ;

125 2841 175 2876 ut
224 2836 425 2876 exaudiri
466 2836 593 2876 facile
633 2837 783 2890 possit,
827 2850 907 2877 nec
949 2837 1284 2890 interrogandus
1325 2839 1383 2878 sis
1425 2840 1585 2893 saepius

127 2909 234 2963 quid
275 2910 448 2951 locutus
489 2911 630 2952 fueris,
710 2911 881 2952 Vitium
929 2912 1045 2952 enim
1092 2911 1177 2952 hoc
1217 2913 1465 2954 maximum
1507 2921 1586 2966 est,
