1903 3197
364 174 443 219 De
475 171 630 218 nimia
664 171 879 233 corporis
912 169 1242 215 sollicitudine.
1446 180 1539 227 397

77 309 197 348 Deus
225 306 359 347 habet
389 304 652 359 peculiarem
687 308 731 342 et
764 302 1029 342 ordinariam
1063 315 1225 341 curam.
1289 300 1348 340 Et
1382 300 1540 341 sollici-

76 381 185 421 tudo
219 382 315 433 ipsa
346 379 572 432 aptissime
612 376 746 417 verbo
780 375 934 415 Graeco
964 376 1117 423 μὲριμνα
1149 374 1432 427 significatur,
1468 377 1539 412 ἀπὸ

78 461 134 492 e:512
166 454 318 505 μερίζειν
358 451 477 505 quod
520 456 712 491 mentem
754 448 1086 501 quodammodo
1129 447 1308 496 dividat,
1343 454 1386 488 et
1427 448 1540 488 circa

75 529 194 568 varia
231 526 445 567 distrahat
481 525 750 576 anxiamque
791 522 932 562 faciat.
997 521 1097 573 Quo
1134 522 1247 560 circa
1292 521 1539 562 Bernardus

77 603 120 641 in
148 601 396 641 Psalmum:
444 598 567 650 “Qui
597 596 802 646 habitat,”
835 596 958 645 hanc,
991 597 1103 635 inter
1129 594 1430 647 religiosorum
1463 596 1537 646 qui

75 676 217 729 primo
239 675 294 715 ad
320 674 561 714 Dominum
587 676 899 712 convertuntur
925 670 1207 717 tentationes,
1233 675 1401 709 naturae
1423 668 1540 708 solli-

73 749 313 789 citudinem
343 753 572 796 numerat;
603 746 691 786 imo
720 746 911 798 primum
943 744 1004 784 ait
1032 743 1244 783 adversus
1274 756 1348 782 eos
1378 742 1422 781 id
1445 755 1539 782 esse

75 819 354 862 certamen.’'1
416 820 475 861 Et
516 820 570 860 de
612 825 766 859 satana
807 818 867 858 sic
909 817 995 857 ait:
1034 816 1218 856 “Primo
1262 815 1452 868 quidem,
1492 822 1540 856 ut

74 896 240 936 auctori
292 900 459 934 naturae
511 894 704 945 ingratos
746 892 888 940 faciat,
940 890 1200 944 ampliorem
1253 890 1411 942 ingerit
1461 903 1540 942 pro

76 974 230 1008 natura
261 967 627 1017 sollicitudinem;
665 964 1044 1018 quemadmodum
1079 964 1213 1004 etiam
1248 963 1328 1015 ipsi
1364 962 1540 1003 Christo

74 1056 206 1082 ausus
238 1048 304 1082 est
329 1042 497 1081 dicere:
531 1040 652 1079 “Dic
681 1046 729 1080 ut
759 1040 928 1092 lapides
959 1039 1028 1078 isti
1058 1051 1194 1091 panes
1224 1036 1367 1077 fiant.’'
1403 1036 1541 1089 Quasi

77 1129 178 1156 vero
211 1115 470 1169 figmentum
500 1120 699 1154 nostrum
730 1114 899 1166 ignoret
929 1113 1031 1165 ipse,
1063 1112 1136 1164 qui
1167 1111 1308 1159 finxit,
1343 1115 1419 1150 aut
1451 1124 1539 1150 non

77 1195 198 1230 curet
239 1189 449 1238 homines,
493 1188 566 1240 qui
609 1187 708 1227 coeli
756 1187 952 1227 volucres
995 1184 1195 1238 pascit.”·2
1274 1184 1542 1236 Abjicienda

80 1269 146 1303 est
174 1277 277 1315 ergo
310 1261 562 1314 hujusmodi
595 1261 844 1301 sollicitudo
878 1267 1104 1312 tamquam
1138 1265 1303 1298 satanae
1342 1258 1540 1305 tentatio,

78 1342 126 1376 ut
158 1350 255 1388 qua:
290 1341 383 1375 tum
418 1335 501 1374 Dei
537 1334 703 1374 cultum
738 1334 933 1386 impedit,
970 1340 1064 1373 tum
1099 1333 1295 1372 animum
1330 1345 1407 1371 sua
1441 1345 1543 1371 cura

77 1409 319 1449 defraudat.
385 1409 528 1457 Porro,
554 1409 627 1460 qui
658 1408 849 1460 corporis
879 1407 1071 1454 nimiam,
1100 1406 1260 1445 animae
1282 1418 1383 1444 vero
1416 1405 1542 1444 mini-

80 1497 198 1523 mam
241 1496 388 1523 curam
431 1488 598 1534 gerunt,
643 1495 793 1521 eorum
845 1480 1008 1520 similes
1057 1486 1168 1528 sunt,
1212 1484 1324 1518 teste
1367 1477 1541 1525 Basilio,

79 1558 204 1610 “Qui
237 1558 626 1597 instrumentorum
660 1555 857 1603 multam,
881 1555 985 1594 artis
1011 1567 1113 1593 vero
1145 1567 1244 1605 quae
1277 1566 1354 1605 per
1384 1553 1543 1592 instru-

83 1637 231 1671 menta
267 1637 471 1684 operatur
508 1629 672 1669 nullam
714 1628 880 1668 habent
924 1627 1148 1667 rationem.
1213 1625 1383 1678 Corpus
1425 1626 1541 1665 enim

84 1706 421 1745 instrumentum
452 1709 518 1743 est
539 1703 709 1752 animae,
734 1708 777 1742 et
799 1702 855 1741 ad
879 1701 1155 1741 serviendum
1180 1699 1363 1753 Spiritui
1390 1700 1543 1739 datum

85 1777 209 1819 est.’'3
272 1778 336 1819 Ut
364 1777 572 1817 Bernardi
604 1776 747 1816 verbis
777 1781 892 1815 utar:
917 1775 1146 1827 “Ideoque
1176 1788 1262 1814 non
1290 1774 1350 1813 sic
1379 1773 1545 1813 haben-

85 1853 191 1892 dum
229 1857 305 1901 est,
337 1857 550 1903 tanquam
592 1856 770 1902 propter
811 1848 917 1888 illud
958 1848 1168 1896 vivamus,
1211 1846 1287 1886 sed
1329 1852 1542 1898 tanquam

86 1927 178 1965 sine
210 1939 297 1977 quo
326 1926 470 1965 vivere
502 1937 589 1963 non
621 1921 905 1976 possimus.’'4

171 2000 333 2049 Tertio,
397 1997 746 2051 reprehensibilis
807 2002 872 2036 est
937 1996 1040 2048 quia
1100 1994 1273 2034 inutilis.
1373 1993 1545 2033 Inutilis

86 2078 233 2113 autem
256 2072 513 2125 dupliciter3
547 2072 748 2124 primum,
767 2070 870 2122 quia
892 2070 935 2108 in
958 2068 1024 2108 his
1047 2068 1347 2120 religiosorum
1370 2067 1545 2106 familiis

85 2162 165 2200 pro
194 2146 380 2187 subditis
409 2145 580 2186 solliciti
609 2151 711 2184 sunt
740 2145 767 2183 ii
798 2143 871 2196 qui
898 2147 1102 2196 praesunt,
1127 2148 1171 2182 et
1193 2142 1248 2181 ad
1279 2155 1353 2181 eos
1375 2147 1546 2194 spectat

85 2221 179 2261 haec
211 2220 471 2269 sollicitudo,
503 2220 577 2271 qui
610 2218 788 2271 quidem
821 2217 989 2257 affatim
1021 2215 1361 2267 uniuscujusque
1398 2228 1546 2254 neces-

87 2296 204 2336 sitati
226 2295 508 2348 prospiciunt,
534 2293 706 2332 etiamsi
728 2305 815 2332 non
839 2296 1054 2344 rogentur.
1105 2290 1234 2330 Certe
1256 2290 1299 2329 in
1324 2289 1547 2330 Societate

87 2375 234 2410 nostra
276 2382 448 2421 magnae
490 2373 557 2407 est
599 2366 906 2419 Superioribus
948 2378 1063 2404 curae
1104 2363 1379 2403 subditorum
1432 2362 1549 2402 salus

89 2457 139 2483 ac
198 2442 416 2491 valetudo,
474 2455 612 2494 eaque
673 2441 728 2480 de
788 2453 920 2480 causa
983 2439 1332 2479 Constitutiones
1392 2436 1550 2489 jubent

89 2516 280 2568 aliquem
323 2530 416 2556 esse
458 2515 590 2564 domi,
635 2515 709 2567 qui
750 2515 900 2567 praesit
942 2513 984 2552 in
1028 2513 1077 2551 iis
1120 2525 1218 2564 quae
1257 2511 1312 2551 ad
1354 2511 1547 2563 corporis

88 2591 251 2630 bonam
301 2590 600 2630 valetudinem
651 2588 873 2641 pertinent
924 2588 1057 2627 etiam
1109 2586 1152 2625 in
1203 2586 1319 2625 sanis
1377 2597 1548 2624 conser-

87 2664 289 2714 vandam,
319 2664 562 2716 praesertim
591 2662 907 2712 imbecillibu53
940 2674 1041 2700 nam
1065 2661 1120 2700 de
1146 2673 1208 2708 ea,
1237 2673 1335 2711 quae
1362 2657 1550 2697 habetur

91 2739 134 2778 in
171 2737 449 2779 restituendis
486 2737 673 2789 aegrotis,
708 2736 819 2776 infra
855 2735 1060 2775 dicemus.
1126 2733 1274 2773 Inanis
1311 2737 1377 2772 est
1419 2731 1552 2783 igitur

523 2849 536 2869 1
563 2851 632 2883 Ser.
653 2851 682 2882 6.
700 2855 732 2883 et
751 2860 799 2893 14.
936 2848 949 2867 2
974 2850 1042 2881 Ser.
1067 2857 1114 2888 14.

322 2902 335 2923 ³
363 2904 415 2935 De
439 2903 500 2945 leg.
522 2903 578 2936 lib.
600 2903 723 2935 Gentil.
868 2902 923 2934 Ad
940 2902 1029 2934 Frat.
1049 2901 1091 2933 de
1115 2900 1221 2933 Mont.
1242 2899 1317 2932 Dei.
