<?xml version="1.0" encoding="UTF-8"?>
<!DOCTYPE html PUBLIC "-//W3C//DTD XHTML 1.0 Transitional//EN"
    "http://www.w3.org/TR/xhtml1/DTD/xhtml1-transitional.dtd">
<html xmlns="http://www.w3.org/1999/xhtml" xml:lang="en" lang="en">
 <head>
  <title>
</title>
<meta http-equiv="Content-Type" content="text/html;charset=utf-8" />
  <meta name='ocr-system' content='tesseract 3.04.00' />
  <meta name='ocr-capabilities' content='ocr_page ocr_carea ocr_par ocr_line ocrx_word'/>
</head>
<body>
  <div class='ocr_page' id='page_1' title='image "./nicolaiorlandini00orla/nicolaiorlandini00orla_0372.png"; bbox 0 0 1903 3197; ppageno 0'>
   <div class='ocr_carea' id='block_1_1' title="bbox 297 183 1438 242">
    <p class='ocr_par' dir='ltr' id='par_1_1' title="bbox 297 183 1438 242">
     <span class='ocr_line' id='line_1_1' title="bbox 297 183 1438 242; baseline 0.003 -14"><span class='ocrx_word' id='word_1_1' title='bbox 297 196 352 242; x_wconf 82' lang='lat'>35</span> <span class='ocrx_word' id='word_1_2' title='bbox 365 199 387 228; x_wconf 91' lang='lat'>2</span> <span class='ocrx_word' id='word_1_3' title='bbox 618 183 698 229; x_wconf 77' lang='lat' dir='ltr'>De</span> <span class='ocrx_word' id='word_1_4' title='bbox 729 183 920 242; x_wconf 69' lang='lat' dir='ltr'>ratione</span> <span class='ocrx_word' id='word_1_5' title='bbox 951 184 1146 230; x_wconf 71' lang='lat' dir='ltr'>vivendi</span> <span class='ocrx_word' id='word_1_6' title='bbox 1178 184 1438 232; x_wconf 61' lang='lat' dir='ltr'>Socz&#39;etcctzk.</span> 
     </span>
    </p>
   </div>
   <div class='ocr_carea' id='block_1_2' title="bbox 289 315 1787 2809">
    <p class='ocr_par' dir='ltr' id='par_1_2' title="bbox 290 315 1762 1108">
     <span class='ocr_line' id='line_1_2' title="bbox 290 315 1762 369; baseline 0.003 -14"><span class='ocrx_word' id='word_1_7' title='bbox 290 316 393 356; x_wconf 88' lang='lat' dir='ltr'>vino</span> <span class='ocrx_word' id='word_1_8' title='bbox 414 315 558 368; x_wconf 83' lang='lat' dir='ltr'>plenae</span> <span class='ocrx_word' id='word_1_9' title='bbox 581 321 625 356; x_wconf 90' lang='lat' dir='ltr'>et</span> <span class='ocrx_word' id='word_1_10' title='bbox 647 315 835 368; x_wconf 79' lang='lat' dir='ltr'>dapibus</span> <span class='ocrx_word' id='word_1_11' title='bbox 857 316 1165 369; x_wconf 81' lang='lat' dir='ltr'>inflammatae;</span> <span class='ocrx_word' id='word_1_12' title='bbox 1199 324 1247 358; x_wconf 91' lang='lat' dir='ltr'>ut</span> <span class='ocrx_word' id='word_1_13' title='bbox 1270 318 1427 357; x_wconf 85' lang='lat' dir='ltr'>mirum</span> <span class='ocrx_word' id='word_1_14' title='bbox 1450 332 1539 358; x_wconf 90' lang='lat' dir='ltr'>non</span> <span class='ocrx_word' id='word_1_15' title='bbox 1561 319 1762 359; x_wconf 84' lang='lat' dir='ltr'>videatur</span> 
     </span>
     <span class='ocr_line' id='line_1_3' title="bbox 292 389 1760 446; baseline 0.002 -16"><span class='ocrx_word' id='word_1_16' title='bbox 292 404 368 430; x_wconf 91' lang='lat' dir='ltr'>cur</span> <span class='ocrx_word' id='word_1_17' title='bbox 416 389 576 429; x_wconf 89' lang='lat' dir='ltr'>Paulus</span> <span class='ocrx_word' id='word_1_18' title='bbox 618 390 807 430; x_wconf 78' lang='lat' dir='ltr'>dixerit:</span> <span class='ocrx_word' id='word_1_19' title='bbox 851 391 941 430; x_wconf 86' lang='lat' dir='ltr'>“In</span> <span class='ocrx_word' id='word_1_20' title='bbox 982 392 1084 431; x_wconf 90' lang='lat' dir='ltr'>vino</span> <span class='ocrx_word' id='word_1_21' title='bbox 1131 398 1196 432; x_wconf 91' lang='lat' dir='ltr'>est</span> <span class='ocrx_word' id='word_1_22' title='bbox 1243 390 1482 431; x_wconf 78' lang='lat' dir='ltr'>luxuria.’&#39;1</span> <span class='ocrx_word' id='word_1_23' title='bbox 1564 393 1760 446; x_wconf 82' lang='lat' dir='ltr'>Ideoque</span> 
     </span>
     <span class='ocr_line' id='line_1_4' title="bbox 291 465 1756 518; baseline 0.002 -15"><span class='ocrx_word' id='word_1_24' title='bbox 291 477 432 517; x_wconf 88' lang='lat' dir='ltr'>parce,</span> <span class='ocrx_word' id='word_1_25' title='bbox 477 477 528 503; x_wconf 86' lang='lat' dir='ltr'>ac</span> <span class='ocrx_word' id='word_1_26' title='bbox 565 478 619 504; x_wconf 92' lang='lat' dir='ltr'>ne</span> <span class='ocrx_word' id='word_1_27' title='bbox 655 478 786 517; x_wconf 89' lang='lat' dir='ltr'>parce</span> <span class='ocrx_word' id='word_1_28' title='bbox 823 465 1002 517; x_wconf 89' lang='lat' dir='ltr'>quidem</span> <span class='ocrx_word' id='word_1_29' title='bbox 1041 465 1394 505; x_wconf 76' lang='lat' dir='ltr'>adolescentibus</span> <span class='ocrx_word' id='word_1_30' title='bbox 1435 465 1756 518; x_wconf 80' lang='lat' dir='ltr'>attingendum.</span> 
     </span>
     <span class='ocr_line' id='line_1_5' title="bbox 295 538 1757 591; baseline 0.002 -14"><span class='ocrx_word' id='word_1_31' title='bbox 295 538 521 578; x_wconf 85' lang='lat' dir='ltr'>Diadocus</span> <span class='ocrx_word' id='word_1_32' title='bbox 558 538 720 578; x_wconf 85' lang='lat' dir='ltr'>etiam:</span> <span class='ocrx_word' id='word_1_33' title='bbox 755 538 905 579; x_wconf 88' lang='lat' dir='ltr'>“Cum</span> <span class='ocrx_word' id='word_1_34' title='bbox 944 538 1101 588; x_wconf 84' lang='lat' dir='ltr'>mens,”</span> <span class='ocrx_word' id='word_1_35' title='bbox 1136 540 1287 591; x_wconf 90' lang='lat' dir='ltr'>inquit,</span> <span class='ocrx_word' id='word_1_36' title='bbox 1322 543 1506 580; x_wconf 84' lang='lat' dir='ltr'>“nostra</span> <span class='ocrx_word' id='word_1_37' title='bbox 1542 540 1586 580; x_wconf 88' lang='lat' dir='ltr'>in</span> <span class='ocrx_word' id='word_1_38' title='bbox 1623 540 1757 581; x_wconf 88' lang='lat' dir='ltr'>fluctu</span> 
     </span>
     <span class='ocr_line' id='line_1_6' title="bbox 292 612 1758 665; baseline 0.002 -14"><span class='ocrx_word' id='word_1_39' title='bbox 292 612 401 665; x_wconf 78' lang='lat' dir='ltr'>largi</span> <span class='ocrx_word' id='word_1_40' title='bbox 430 618 561 665; x_wconf 89' lang='lat' dir='ltr'>potus</span> <span class='ocrx_word' id='word_1_41' title='bbox 584 618 719 663; x_wconf 87' lang='lat' dir='ltr'>natat,</span> <span class='ocrx_word' id='word_1_42' title='bbox 743 627 831 653; x_wconf 94' lang='lat' dir='ltr'>non</span> <span class='ocrx_word' id='word_1_43' title='bbox 855 612 994 652; x_wconf 91' lang='lat' dir='ltr'>solum</span> <span class='ocrx_word' id='word_1_44' title='bbox 1027 613 1260 653; x_wconf 77' lang='lat' dir='ltr'>libidinose</span> <span class='ocrx_word' id='word_1_45' title='bbox 1290 613 1483 654; x_wconf 87' lang='lat' dir='ltr'>intuetur</span> <span class='ocrx_word' id='word_1_46' title='bbox 1513 614 1758 663; x_wconf 87' lang='lat' dir='ltr'>simulacra,</span> 
     </span>
     <span class='ocr_line' id='line_1_7' title="bbox 293 687 1759 740; baseline 0.001 -14"><span class='ocrx_word' id='word_1_47' title='bbox 293 700 392 739; x_wconf 78' lang='lat' dir='ltr'>quae</span> <span class='ocrx_word' id='word_1_48' title='bbox 422 700 499 739; x_wconf 90' lang='lat' dir='ltr'>per</span> <span class='ocrx_word' id='word_1_49' title='bbox 527 700 731 726; x_wconf 89' lang='lat' dir='ltr'>somnum</span> <span class='ocrx_word' id='word_1_50' title='bbox 762 687 987 727; x_wconf 59' lang='lat' dir='ltr'>daemones</span> <span class='ocrx_word' id='word_1_51' title='bbox 1017 687 1217 739; x_wconf 81' lang='lat' dir='ltr'>figurant,</span> <span class='ocrx_word' id='word_1_52' title='bbox 1242 688 1317 727; x_wconf 88' lang='lat' dir='ltr'>sed</span> <span class='ocrx_word' id='word_1_53' title='bbox 1351 688 1394 727; x_wconf 89' lang='lat' dir='ltr'>in</span> <span class='ocrx_word' id='word_1_54' title='bbox 1426 702 1472 727; x_wconf 90' lang='lat' dir='ltr'>se</span> <span class='ocrx_word' id='word_1_55' title='bbox 1504 688 1600 740; x_wconf 88' lang='lat' dir='ltr'>ipsa</span> <span class='ocrx_word' id='word_1_56' title='bbox 1631 702 1759 740; x_wconf 89' lang='lat' dir='ltr'>quas-</span> 
     </span>
     <span class='ocr_line' id='line_1_8' title="bbox 293 760 1757 814; baseline 0.002 -15"><span class='ocrx_word' id='word_1_57' title='bbox 293 761 395 800; x_wconf 84' lang='lat' dir='ltr'>dam</span> <span class='ocrx_word' id='word_1_58' title='bbox 419 761 581 800; x_wconf 87' lang='lat' dir='ltr'>formas</span> <span class='ocrx_word' id='word_1_59' title='bbox 603 760 807 813; x_wconf 86' lang='lat' dir='ltr'>pulchras</span> <span class='ocrx_word' id='word_1_60' title='bbox 830 760 1012 813; x_wconf 80' lang='lat' dir='ltr'>fingens,</span> <span class='ocrx_word' id='word_1_61' title='bbox 1027 761 1129 800; x_wconf 87' lang='lat' dir='ltr'>visis</span> <span class='ocrx_word' id='word_1_62' title='bbox 1151 762 1238 801; x_wconf 87' lang='lat' dir='ltr'>suis</span> <span class='ocrx_word' id='word_1_63' title='bbox 1262 767 1473 814; x_wconf 86' lang='lat' dir='ltr'>tanquam</span> <span class='ocrx_word' id='word_1_64' title='bbox 1493 762 1757 814; x_wconf 86' lang='lat' dir='ltr'>quibusdam</span> 
     </span>
     <span class='ocr_line' id='line_1_9' title="bbox 293 834 1758 887; baseline 0.001 -12"><span class='ocrx_word' id='word_1_65' title='bbox 293 835 510 875; x_wconf 79' lang='lat' dir='ltr'>adamatis</span> <span class='ocrx_word' id='word_1_66' title='bbox 554 836 690 874; x_wconf 87' lang='lat' dir='ltr'>utitur</span> <span class='ocrx_word' id='word_1_67' title='bbox 731 835 943 874; x_wconf 76' lang='lat' dir='ltr'>ardenter.</span> <span class='ocrx_word' id='word_1_68' title='bbox 1026 834 1279 887; x_wconf 85' lang='lat' dir='ltr'>Tepefactis</span> <span class='ocrx_word' id='word_1_69' title='bbox 1320 836 1437 875; x_wconf 90' lang='lat' dir='ltr'>enim</span> <span class='ocrx_word' id='word_1_70' title='bbox 1479 837 1634 876; x_wconf 83' lang='lat' dir='ltr'>ardore</span> <span class='ocrx_word' id='word_1_71' title='bbox 1670 836 1758 876; x_wconf 86' lang='lat' dir='ltr'>vini</span> 
     </span>
     <span class='ocr_line' id='line_1_10' title="bbox 292 908 1757 960; baseline 0.001 -12"><span class='ocrx_word' id='word_1_72' title='bbox 292 908 375 948; x_wconf 88' lang='lat' dir='ltr'>illis</span> <span class='ocrx_word' id='word_1_73' title='bbox 418 909 615 960; x_wconf 84' lang='lat' dir='ltr'>partibus</span> <span class='ocrx_word' id='word_1_74' title='bbox 657 908 859 960; x_wconf 87' lang='lat' dir='ltr'>corporis,</span> <span class='ocrx_word' id='word_1_75' title='bbox 903 921 1001 959; x_wconf 80' lang='lat' dir='ltr'>quae</span> <span class='ocrx_word' id='word_1_76' title='bbox 1044 908 1100 947; x_wconf 86' lang='lat' dir='ltr'>ad</span> <span class='ocrx_word' id='word_1_77' title='bbox 1141 911 1444 960; x_wconf 79' lang='lat' dir='ltr'>generandum</span> <span class='ocrx_word' id='word_1_78' title='bbox 1487 910 1602 950; x_wconf 77' lang='lat' dir='ltr'>datae</span> <span class='ocrx_word' id='word_1_79' title='bbox 1646 917 1757 958; x_wconf 88' lang='lat' dir='ltr'>sunt,</span> 
     </span>
     <span class='ocr_line' id='line_1_11' title="bbox 293 981 1756 1023; baseline 0.001 -2"><span class='ocrx_word' id='word_1_80' title='bbox 293 995 471 1021; x_wconf 85' lang='lat' dir='ltr'>necesse</span> <span class='ocrx_word' id='word_1_81' title='bbox 520 981 701 1020; x_wconf 89' lang='lat' dir='ltr'>omnino</span> <span class='ocrx_word' id='word_1_82' title='bbox 753 986 801 1020; x_wconf 86' lang='lat' dir='ltr'>ut</span> <span class='ocrx_word' id='word_1_83' title='bbox 853 994 976 1020; x_wconf 88' lang='lat' dir='ltr'>mens</span> <span class='ocrx_word' id='word_1_84' title='bbox 1028 981 1108 1021; x_wconf 88' lang='lat' dir='ltr'>sibi</span> <span class='ocrx_word' id='word_1_85' title='bbox 1161 982 1364 1022; x_wconf 88' lang='lat' dir='ltr'>umbram</span> <span class='ocrx_word' id='word_1_86' title='bbox 1416 983 1607 1023; x_wconf 75' lang='lat' dir='ltr'>libidinis</span> <span class='ocrx_word' id='word_1_87' title='bbox 1659 998 1756 1023; x_wconf 91' lang='lat' dir='ltr'>cum</span> 
     </span>
     <span class='ocr_line' id='line_1_12' title="bbox 291 1053 893 1108; baseline -0.003 -12"><span class='ocrx_word' id='word_1_88' title='bbox 291 1056 518 1108; x_wconf 81' lang='lat' dir='ltr'>voluptate</span> <span class='ocrx_word' id='word_1_89' title='bbox 551 1053 893 1107; x_wconf 73' lang='lat' dir='ltr'>1·ep1·aesentet.’&#39;2</span> 
     </span>
    </p>

    <p class='ocr_par' dir='ltr' id='par_1_3' title="bbox 289 1129 1787 2809">
     <span class='ocr_line' id='line_1_13' title="bbox 379 1129 1760 1183; baseline 0.001 -14"><span class='ocrx_word' id='word_1_90' title='bbox 379 1129 584 1170; x_wconf 78' lang='lat' dir='ltr'>Alterum</span> <span class='ocrx_word' id='word_1_91' title='bbox 637 1129 882 1181; x_wconf 79' lang='lat' dir='ltr'>castigandi</span> <span class='ocrx_word' id='word_1_92' title='bbox 935 1131 1126 1182; x_wconf 86' lang='lat' dir='ltr'>corporis</span> <span class='ocrx_word' id='word_1_93' title='bbox 1175 1143 1313 1182; x_wconf 80' lang='lat' dir='ltr'>genus</span> <span class='ocrx_word' id='word_1_94' title='bbox 1365 1136 1431 1170; x_wconf 91' lang='lat' dir='ltr'>est</span> <span class='ocrx_word' id='word_1_95' title='bbox 1473 1144 1550 1183; x_wconf 85' lang='lat' dir='ltr'>per</span> <span class='ocrx_word' id='word_1_96' title='bbox 1589 1130 1760 1183; x_wconf 80' lang='lat' dir='ltr'>vigilias</span> 
     </span>
     <span class='ocr_line' id='line_1_14' title="bbox 293 1203 1762 1257; baseline 0.001 -13"><span class='ocrx_word' id='word_1_97' title='bbox 293 1205 525 1256; x_wconf 79' lang='lat' dir='ltr'>somnique</span> <span class='ocrx_word' id='word_1_98' title='bbox 562 1203 1001 1253; x_wconf 84' lang='lat' dir='ltr'>incommoditatem3</span> <span class='ocrx_word' id='word_1_99' title='bbox 1049 1217 1229 1243; x_wconf 85' lang='lat' dir='ltr'>somnus</span> <span class='ocrx_word' id='word_1_100' title='bbox 1267 1204 1395 1252; x_wconf 88' lang='lat' dir='ltr'>enim,</span> <span class='ocrx_word' id='word_1_101' title='bbox 1433 1205 1475 1243; x_wconf 90' lang='lat' dir='ltr'>in</span> <span class='ocrx_word' id='word_1_102' title='bbox 1513 1218 1601 1257; x_wconf 90' lang='lat' dir='ltr'>quo</span> <span class='ocrx_word' id='word_1_103' title='bbox 1644 1205 1762 1245; x_wconf 89' lang='lat' dir='ltr'>calor</span> 
     </span>
     <span class='ocr_line' id='line_1_15' title="bbox 292 1277 1758 1331; baseline 0 -13"><span class='ocrx_word' id='word_1_104' title='bbox 292 1279 348 1318; x_wconf 86' lang='lat' dir='ltr'>ad</span> <span class='ocrx_word' id='word_1_105' title='bbox 393 1284 600 1318; x_wconf 80' lang='lat' dir='ltr'>externas</span> <span class='ocrx_word' id='word_1_106' title='bbox 642 1277 834 1330; x_wconf 87' lang='lat' dir='ltr'>corporis</span> <span class='ocrx_word' id='word_1_107' title='bbox 873 1283 1019 1329; x_wconf 89' lang='lat' dir='ltr'>partes</span> <span class='ocrx_word' id='word_1_108' title='bbox 1058 1284 1218 1326; x_wconf 89' lang='lat' dir='ltr'>manat,</span> <span class='ocrx_word' id='word_1_109' title='bbox 1257 1278 1487 1318; x_wconf 83' lang='lat' dir='ltr'>insidiatur</span> <span class='ocrx_word' id='word_1_110' title='bbox 1523 1279 1758 1331; x_wconf 78' lang='lat' dir='ltr'>pudicitiae,</span> 
     </span>
     <span class='ocr_line' id='line_1_16' title="bbox 293 1351 1761 1405; baseline 0 -13"><span class='ocrx_word' id='word_1_111' title='bbox 293 1366 343 1392; x_wconf 79' lang='lat' dir='ltr'>ac</span> <span class='ocrx_word' id='word_1_112' title='bbox 373 1359 606 1405; x_wconf 86' lang='lat' dir='ltr'>propterea</span> <span class='ocrx_word' id='word_1_113' title='bbox 638 1352 885 1404; x_wconf 84' lang='lat' dir='ltr'>appellatur</span> <span class='ocrx_word' id='word_1_114' title='bbox 906 1366 932 1391; x_wconf 93' lang='lat' dir='ltr'>a</span> <span class='ocrx_word' id='word_1_115' title='bbox 956 1351 1197 1392; x_wconf 74' lang='lat' dir='ltr'>Cassiano:</span> <span class='ocrx_word' id='word_1_116' title='bbox 1233 1353 1479 1405; x_wconf 82' lang='lat' dir='ltr'>“deceptor</span> <span class='ocrx_word' id='word_1_117' title='bbox 1512 1353 1761 1393; x_wconf 85' lang='lat' dir='ltr'>fraudulen-</span> 
     </span>
     <span class='ocr_line' id='line_1_17' title="bbox 292 1426 1760 1479; baseline 0.001 -13"><span class='ocrx_word' id='word_1_118' title='bbox 292 1426 486 1466; x_wconf 84' lang='lat' dir='ltr'>tissimus</span> <span class='ocrx_word' id='word_1_119' title='bbox 520 1427 733 1479; x_wconf 85' lang='lat' dir='ltr'>puritatis,</span> <span class='ocrx_word' id='word_1_120' title='bbox 763 1433 805 1466; x_wconf 91' lang='lat' dir='ltr'>et</span> <span class='ocrx_word' id='word_1_121' title='bbox 839 1426 1024 1465; x_wconf 74' lang='lat' dir='ltr'>aemulus</span> <span class='ocrx_word' id='word_1_122' title='bbox 1057 1427 1387 1479; x_wconf 83' lang='lat' dir='ltr'>contrariusque</span> <span class='ocrx_word' id='word_1_123' title='bbox 1419 1427 1608 1467; x_wconf 73' lang='lat' dir='ltr'>castitati</span> <span class='ocrx_word' id='word_1_124' title='bbox 1628 1427 1665 1476; x_wconf 89' lang='lat'>;”</span> <span class='ocrx_word' id='word_1_125' title='bbox 1702 1428 1760 1467; x_wconf 82' lang='lat' dir='ltr'>Et</span> 
     </span>
     <span class='ocr_line' id='line_1_18' title="bbox 296 1500 1758 1553; baseline 0 -12"><span class='ocrx_word' id='word_1_126' title='bbox 296 1501 517 1541; x_wconf 82' lang='lat' dir='ltr'>Climacus</span> <span class='ocrx_word' id='word_1_127' title='bbox 540 1502 626 1541; x_wconf 87' lang='lat' dir='ltr'>ait:</span> <span class='ocrx_word' id='word_1_128' title='bbox 662 1504 684 1520; x_wconf 91' lang='lat'><em>“</em></span> <span class='ocrx_word' id='word_1_129' title='bbox 703 1501 918 1541; x_wconf 79' lang='lat' dir='ltr'>Somnum</span> <span class='ocrx_word' id='word_1_130' title='bbox 942 1500 1057 1540; x_wconf 85' lang='lat' dir='ltr'>viam</span> <span class='ocrx_word' id='word_1_131' title='bbox 1081 1514 1234 1553; x_wconf 86' lang='lat' dir='ltr'>parare</span> <span class='ocrx_word' id='word_1_132' title='bbox 1256 1501 1424 1553; x_wconf 87' lang='lat' dir='ltr'>spiritui</span> <span class='ocrx_word' id='word_1_133' title='bbox 1448 1500 1758 1541; x_wconf 79' lang='lat' dir='ltr'>fornicationis.</span> 
     </span>
     <span class='ocr_line' id='line_1_19' title="bbox 295 1573 1761 1626; baseline 0.001 -13"><span class='ocrx_word' id='word_1_134' title='bbox 295 1574 510 1626; x_wconf 82' lang='lat' dir='ltr'>Idemque</span> <span class='ocrx_word' id='word_1_135' title='bbox 544 1575 599 1614; x_wconf 87' lang='lat' dir='ltr'>ad</span> <span class='ocrx_word' id='word_1_136' title='bbox 636 1574 920 1614; x_wconf 84' lang='lat' dir='ltr'>evincendam</span> <span class='ocrx_word' id='word_1_137' title='bbox 960 1574 1100 1613; x_wconf 86' lang='lat' dir='ltr'>carnis</span> <span class='ocrx_word' id='word_1_138' title='bbox 1137 1573 1281 1614; x_wconf 87' lang='lat' dir='ltr'>labem</span> <span class='ocrx_word' id='word_1_139' title='bbox 1317 1575 1601 1614; x_wconf 86' lang='lat' dir='ltr'>commendat</span> <span class='ocrx_word' id='word_1_140' title='bbox 1638 1576 1761 1614; x_wconf 89' lang='lat' dir='ltr'>stati-</span> 
     </span>
     <span class='ocr_line' id='line_1_20' title="bbox 294 1648 1759 1698; baseline 0 -10"><span class='ocrx_word' id='word_1_141' title='bbox 294 1661 422 1688; x_wconf 86' lang='lat' dir='ltr'>onem</span> <span class='ocrx_word' id='word_1_142' title='bbox 457 1648 728 1688; x_wconf 85' lang='lat' dir='ltr'>immobilem</span> <span class='ocrx_word' id='word_1_143' title='bbox 753 1648 856 1687; x_wconf 90' lang='lat' dir='ltr'>totis</span> <span class='ocrx_word' id='word_1_144' title='bbox 886 1648 1098 1697; x_wconf 90' lang='lat' dir='ltr'>noctibus,</span> <span class='ocrx_word' id='word_1_145' title='bbox 1121 1648 1287 1688; x_wconf 90' lang='lat' dir='ltr'>scilicet</span> <span class='ocrx_word' id='word_1_146' title='bbox 1309 1654 1357 1687; x_wconf 93' lang='lat' dir='ltr'>ut</span> <span class='ocrx_word' id='word_1_147' title='bbox 1379 1661 1559 1688; x_wconf 83' lang='lat' dir='ltr'>somnus</span> <span class='ocrx_word' id='word_1_148' title='bbox 1588 1649 1759 1698; x_wconf 89' lang='lat' dir='ltr'>stando,</span> 
     </span>
     <span class='ocr_line' id='line_1_21' title="bbox 294 1721 1760 1774; baseline 0.001 -14"><span class='ocrx_word' id='word_1_149' title='bbox 294 1735 381 1761; x_wconf 91' lang='lat' dir='ltr'>non</span> <span class='ocrx_word' id='word_1_150' title='bbox 434 1722 711 1773; x_wconf 83' lang='lat' dir='ltr'>quiescendo,</span> <span class='ocrx_word' id='word_1_151' title='bbox 760 1721 1016 1774; x_wconf 71' lang='lat' dir='ltr'>capiatur.”3</span> <span class='ocrx_word' id='word_1_152' title='bbox 1098 1722 1156 1761; x_wconf 86' lang='lat' dir='ltr'>Et</span> <span class='ocrx_word' id='word_1_153' title='bbox 1200 1721 1520 1771; x_wconf 77' lang='lat' dir='ltr'>“Exterioi‘is,’&#39;</span> <span class='ocrx_word' id='word_1_154' title='bbox 1554 1722 1625 1770; x_wconf 88' lang='lat' dir='ltr'>ait,</span> <span class='ocrx_word' id='word_1_155' title='bbox 1661 1723 1760 1761; x_wconf 91' lang='lat' dir='ltr'>“in-</span> 
     </span>
     <span class='ocr_line' id='line_1_22' title="bbox 292 1795 1761 1848; baseline 0.001 -14"><span class='ocrx_word' id='word_1_156' title='bbox 292 1796 434 1835; x_wconf 87' lang='lat' dir='ltr'>cendii</span> <span class='ocrx_word' id='word_1_157' title='bbox 477 1796 734 1847; x_wconf 75' lang='lat' dir='ltr'>genitricem</span> <span class='ocrx_word' id='word_1_158' title='bbox 774 1797 816 1834; x_wconf 93' lang='lat' dir='ltr'>in</span> <span class='ocrx_word' id='word_1_159' title='bbox 859 1796 1010 1848; x_wconf 84' lang='lat' dir='ltr'>primis</span> <span class='ocrx_word' id='word_1_160' title='bbox 1052 1809 1146 1835; x_wconf 88' lang='lat' dir='ltr'>esse</span> <span class='ocrx_word' id='word_1_161' title='bbox 1184 1796 1467 1835; x_wconf 86' lang='lat' dir='ltr'>immodicam</span> <span class='ocrx_word' id='word_1_162' title='bbox 1505 1795 1761 1848; x_wconf 74' lang='lat' dir='ltr'>requiem.&#39;’4</span> 
     </span>
     <span class='ocr_line' id='line_1_23' title="bbox 294 1869 1760 1921; baseline 0.001 -12"><span class='ocrx_word' id='word_1_163' title='bbox 294 1870 434 1909; x_wconf 84' lang='lat' dir='ltr'>Recte</span> <span class='ocrx_word' id='word_1_164' title='bbox 466 1870 598 1921; x_wconf 77' lang='lat' dir='ltr'>igitur</span> <span class='ocrx_word' id='word_1_165' title='bbox 622 1884 647 1909; x_wconf 86' lang='lat' dir='ltr'>a</span> <span class='ocrx_word' id='word_1_166' title='bbox 676 1869 812 1909; x_wconf 80' lang='lat' dir='ltr'>Paulo</span> <span class='ocrx_word' id='word_1_167' title='bbox 844 1869 938 1910; x_wconf 73' lang='lat' dir='ltr'>haec</span> <span class='ocrx_word' id='word_1_168' title='bbox 970 1870 1058 1909; x_wconf 90' lang='lat' dir='ltr'>duo</span> <span class='ocrx_word' id='word_1_169' title='bbox 1084 1869 1329 1921; x_wconf 71' lang='lat' dir='ltr'>junguntur</span> <span class='ocrx_word' id='word_1_170' title='bbox 1357 1869 1512 1910; x_wconf 84' lang='lat' dir='ltr'>simul:</span> <span class='ocrx_word' id='word_1_171' title='bbox 1547 1869 1686 1909; x_wconf 87' lang='lat' dir='ltr'>“Non</span> <span class='ocrx_word' id='word_1_172' title='bbox 1717 1870 1760 1910; x_wconf 90' lang='lat' dir='ltr'>in</span> 
     </span>
     <span class='ocr_line' id='line_1_24' title="bbox 293 1942 1787 1996; baseline 0 -14"><span class='ocrx_word' id='word_1_173' title='bbox 293 1943 509 1983; x_wconf 88' lang='lat' dir='ltr'>cubilibus</span> <span class='ocrx_word' id='word_1_174' title='bbox 533 1949 576 1983; x_wconf 88' lang='lat' dir='ltr'>et</span> <span class='ocrx_word' id='word_1_175' title='bbox 608 1942 973 1996; x_wconf 79' lang='lat' dir='ltr'>impudicitiis;&#39;&#39;5</span> <span class='ocrx_word' id='word_1_176' title='bbox 1005 1944 1108 1996; x_wconf 86' lang='lat' dir='ltr'>quia</span> <span class='ocrx_word' id='word_1_177' title='bbox 1139 1942 1480 1983; x_wconf 79' lang='lat' dir='ltr'>somnolentiam</span> <span class='ocrx_word' id='word_1_178' title='bbox 1512 1942 1787 1983; x_wconf 73' lang='lat' dir='ltr'>mollitiem-⁶</span> 
     </span>
     <span class='ocr_line' id='line_1_25' title="bbox 293 2017 1760 2070; baseline 0.001 -14"><span class='ocrx_word' id='word_1_179' title='bbox 293 2031 378 2070; x_wconf 86' lang='lat' dir='ltr'>quc</span> <span class='ocrx_word' id='word_1_180' title='bbox 420 2019 543 2057; x_wconf 78' lang='lat' dir='ltr'>strati</span> <span class='ocrx_word' id='word_1_181' title='bbox 594 2019 830 2057; x_wconf 80' lang='lat' dir='ltr'>comitatur</span> <span class='ocrx_word' id='word_1_182' title='bbox 876 2018 1136 2070; x_wconf 84' lang='lat' dir='ltr'>plerumque</span> <span class='ocrx_word' id='word_1_183' title='bbox 1182 2017 1322 2057; x_wconf 89' lang='lat' dir='ltr'>carnis</span> <span class='ocrx_word' id='word_1_184' title='bbox 1369 2017 1564 2057; x_wconf 88' lang='lat' dir='ltr'>tentatio.</span> <span class='ocrx_word' id='word_1_185' title='bbox 1642 2017 1760 2057; x_wconf 91' lang='lat' dir='ltr'>Hinc</span> 
     </span>
     <span class='ocr_line' id='line_1_26' title="bbox 295 2091 1761 2143; baseline 0 -13"><span class='ocrx_word' id='word_1_186' title='bbox 295 2091 427 2142; x_wconf 81' lang='lat' dir='ltr'>igitur</span> <span class='ocrx_word' id='word_1_187' title='bbox 448 2091 566 2143; x_wconf 87' lang='lat' dir='ltr'>apud</span> <span class='ocrx_word' id='word_1_188' title='bbox 593 2091 780 2131; x_wconf 68' lang='lat' dir='ltr'>§anctos</span> <span class='ocrx_word' id='word_1_189' title='bbox 803 2091 908 2131; x_wconf 91' lang='lat' dir='ltr'>olim</span> <span class='ocrx_word' id='word_1_190' title='bbox 935 2091 1232 2140; x_wconf 78' lang='lat' dir='ltr'>Chameuniae,</span> <span class='ocrx_word' id='word_1_191' title='bbox 1253 2105 1327 2131; x_wconf 90' lang='lat' dir='ltr'>seu</span> <span class='ocrx_word' id='word_1_192' title='bbox 1350 2091 1471 2130; x_wconf 85' lang='lat' dir='ltr'>humi</span> <span class='ocrx_word' id='word_1_193' title='bbox 1494 2091 1761 2140; x_wconf 85' lang='lat' dir='ltr'>cubationes,</span> 
     </span>
     <span class='ocr_line' id='line_1_27' title="bbox 292 2165 1757 2218; baseline 0 -14"><span class='ocrx_word' id='word_1_194' title='bbox 292 2171 368 2204; x_wconf 89' lang='lat' dir='ltr'>aut</span> <span class='ocrx_word' id='word_1_195' title='bbox 404 2166 663 2205; x_wconf 85' lang='lat' dir='ltr'>vestitorum</span> <span class='ocrx_word' id='word_1_196' title='bbox 707 2179 794 2205; x_wconf 88' lang='lat' dir='ltr'>non</span> <span class='ocrx_word' id='word_1_197' title='bbox 838 2165 1055 2205; x_wconf 90' lang='lat' dir='ltr'>nudorum</span> <span class='ocrx_word' id='word_1_198' title='bbox 1099 2179 1331 2218; x_wconf 87' lang='lat' dir='ltr'>corporum</span> <span class='ocrx_word' id='word_1_199' title='bbox 1370 2165 1667 2214; x_wconf 87' lang='lat' dir='ltr'>dormitiones,</span> <span class='ocrx_word' id='word_1_200' title='bbox 1701 2165 1757 2204; x_wconf 88' lang='lat' dir='ltr'>ad</span> 
     </span>
     <span class='ocr_line' id='line_1_28' title="bbox 292 2239 1756 2291; baseline 0 -13"><span class='ocrx_word' id='word_1_201' title='bbox 292 2240 527 2278; x_wconf 88' lang='lat' dir='ltr'>arcendam</span> <span class='ocrx_word' id='word_1_202' title='bbox 570 2254 627 2278; x_wconf 73' lang='lat' dir='ltr'>ex</span> <span class='ocrx_word' id='word_1_203' title='bbox 678 2239 1042 2279; x_wconf 83' lang='lat' dir='ltr'>incommoditate</span> <span class='ocrx_word' id='word_1_204' title='bbox 1083 2240 1242 2291; x_wconf 89' lang='lat' dir='ltr'>quietis</span> <span class='ocrx_word' id='word_1_205' title='bbox 1283 2239 1476 2279; x_wconf 89' lang='lat' dir='ltr'>libidinis</span> <span class='ocrx_word' id='word_1_206' title='bbox 1519 2239 1756 2279; x_wconf 88' lang='lat' dir='ltr'>flammam.</span> 
     </span>
     <span class='ocr_line' id='line_1_29' title="bbox 291 2311 1756 2365; baseline 0.001 -14"><span class='ocrx_word' id='word_1_207' title='bbox 291 2311 361 2351; x_wconf 81' lang='lat' dir='ltr'>Ac</span> <span class='ocrx_word' id='word_1_208' title='bbox 398 2313 453 2351; x_wconf 90' lang='lat' dir='ltr'>de</span> <span class='ocrx_word' id='word_1_209' title='bbox 494 2312 770 2364; x_wconf 88' lang='lat' dir='ltr'>Hieronymo</span> <span class='ocrx_word' id='word_1_210' title='bbox 808 2312 987 2364; x_wconf 87' lang='lat' dir='ltr'>quidem</span> <span class='ocrx_word' id='word_1_211' title='bbox 1025 2313 1086 2352; x_wconf 93' lang='lat' dir='ltr'>sic</span> <span class='ocrx_word' id='word_1_212' title='bbox 1122 2313 1401 2364; x_wconf 77' lang='lat' dir='ltr'>Augustinus</span> <span class='ocrx_word' id='word_1_213' title='bbox 1442 2314 1485 2352; x_wconf 90' lang='lat' dir='ltr'>in</span> <span class='ocrx_word' id='word_1_214' title='bbox 1528 2313 1667 2365; x_wconf 88' lang='lat' dir='ltr'>Epist.</span> <span class='ocrx_word' id='word_1_215' title='bbox 1701 2313 1756 2353; x_wconf 91' lang='lat' dir='ltr'>ad</span> 
     </span>
     <span class='ocr_line' id='line_1_30' title="bbox 293 2385 1758 2438; baseline 0.001 -14"><span class='ocrx_word' id='word_1_216' title='bbox 293 2385 519 2438; x_wconf 88' lang='lat' dir='ltr'>Cyrillum,</span> <span class='ocrx_word' id='word_1_217' title='bbox 554 2390 775 2425; x_wconf 85' lang='lat' dir='ltr'>“stratum</span> <span class='ocrx_word' id='word_1_218' title='bbox 808 2385 942 2425; x_wconf 87' lang='lat' dir='ltr'>alium</span> <span class='ocrx_word' id='word_1_219' title='bbox 976 2386 1056 2425; x_wconf 90' lang='lat' dir='ltr'>nisi</span> <span class='ocrx_word' id='word_1_220' title='bbox 1089 2391 1248 2426; x_wconf 81' lang='lat' dir='ltr'>terram</span> <span class='ocrx_word' id='word_1_221' title='bbox 1282 2385 1497 2426; x_wconf 85' lang='lat' dir='ltr'>nescivit.”</span> <span class='ocrx_word' id='word_1_222' title='bbox 1576 2386 1673 2426; x_wconf 90' lang='lat' dir='ltr'>Imo</span> <span class='ocrx_word' id='word_1_223' title='bbox 1703 2387 1758 2427; x_wconf 91' lang='lat' dir='ltr'>de</span> 
     </span>
     <span class='ocr_line' id='line_1_31' title="bbox 289 2460 1757 2513; baseline 0.001 -14"><span class='ocrx_word' id='word_1_224' title='bbox 289 2473 335 2499; x_wconf 91' lang='lat' dir='ltr'>se</span> <span class='ocrx_word' id='word_1_225' title='bbox 357 2460 451 2512; x_wconf 89' lang='lat' dir='ltr'>ipso</span> <span class='ocrx_word' id='word_1_226' title='bbox 475 2461 535 2500; x_wconf 91' lang='lat' dir='ltr'>sic</span> <span class='ocrx_word' id='word_1_227' title='bbox 565 2460 682 2500; x_wconf 90' lang='lat' dir='ltr'>idem</span> <span class='ocrx_word' id='word_1_228' title='bbox 716 2460 1017 2512; x_wconf 88' lang='lat' dir='ltr'>Hieronymus</span> <span class='ocrx_word' id='word_1_229' title='bbox 1043 2461 1099 2500; x_wconf 87' lang='lat' dir='ltr'>ad</span> <span class='ocrx_word' id='word_1_230' title='bbox 1134 2460 1422 2501; x_wconf 86' lang='lat' dir='ltr'>Eustochium</span> <span class='ocrx_word' id='word_1_231' title='bbox 1444 2475 1452 2501; x_wconf 75' lang='grc' dir='ltr'>ε</span> <span class='ocrx_word' id='word_1_232' title='bbox 1478 2461 1555 2502; x_wconf 80' lang='lat' dir='ltr'>“Si</span> <span class='ocrx_word' id='word_1_233' title='bbox 1579 2461 1757 2513; x_wconf 87' lang='lat' dir='ltr'>quando</span> 
     </span>
     <span class='ocr_line' id='line_1_32' title="bbox 291 2535 1758 2588; baseline 0.002 -15"><span class='ocrx_word' id='word_1_234' title='bbox 291 2541 611 2587; x_wconf 79' lang='lat' dir='ltr'>repugnantem</span> <span class='ocrx_word' id='word_1_235' title='bbox 648 2548 829 2574; x_wconf 88' lang='lat' dir='ltr'>somnus</span> <span class='ocrx_word' id='word_1_236' title='bbox 872 2535 1105 2575; x_wconf 85' lang='lat' dir='ltr'>imminens</span> <span class='ocrx_word' id='word_1_237' title='bbox 1138 2536 1437 2588; x_wconf 86' lang='lat' dir='ltr'>oppressisset,</span> <span class='ocrx_word' id='word_1_238' title='bbox 1468 2536 1586 2575; x_wconf 90' lang='lat' dir='ltr'>nuda</span> <span class='ocrx_word' id='word_1_239' title='bbox 1622 2535 1758 2576; x_wconf 89' lang='lat' dir='ltr'>humo</span> 
     </span>
     <span class='ocr_line' id='line_1_33' title="bbox 291 2608 1758 2659; baseline 0.002 -12"><span class='ocrx_word' id='word_1_240' title='bbox 291 2621 390 2648; x_wconf 86' lang='lat' dir='ltr'>ossa</span> <span class='ocrx_word' id='word_1_241' title='bbox 423 2609 499 2648; x_wconf 81' lang='lat' dir='ltr'>vix</span> <span class='ocrx_word' id='word_1_242' title='bbox 531 2608 744 2648; x_wconf 85' lang='lat' dir='ltr'>haerentia</span> <span class='ocrx_word' id='word_1_243' title='bbox 781 2608 1081 2649; x_wconf 79' lang='lat' dir='ltr'>collidebam.”</span> <span class='ocrx_word' id='word_1_244' title='bbox 1145 2610 1205 2649; x_wconf 87' lang='lat' dir='ltr'>Et</span> <span class='ocrx_word' id='word_1_245' title='bbox 1237 2610 1292 2650; x_wconf 89' lang='lat' dir='ltr'>de</span> <span class='ocrx_word' id='word_1_246' title='bbox 1331 2610 1561 2650; x_wconf 83' lang='lat' dir='ltr'>Hilarione</span> <span class='ocrx_word' id='word_1_247' title='bbox 1597 2610 1758 2659; x_wconf 90' lang='lat' dir='ltr'>scribit,</span> 
     </span>
     <span class='ocr_line' id='line_1_34' title="bbox 291 2682 1759 2736; baseline 0.002 -15"><span class='ocrx_word' id='word_1_248' title='bbox 291 2695 391 2721; x_wconf 89' lang='lat' dir='ltr'>eum</span> <span class='ocrx_word' id='word_1_249' title='bbox 415 2696 545 2735; x_wconf 87' lang='lat' dir='ltr'>super</span> <span class='ocrx_word' id='word_1_250' title='bbox 573 2683 692 2722; x_wconf 87' lang='lat' dir='ltr'>nuda</span> <span class='ocrx_word' id='word_1_251' title='bbox 720 2682 856 2722; x_wconf 88' lang='lat' dir='ltr'>humo</span> <span class='ocrx_word' id='word_1_252' title='bbox 886 2688 1114 2735; x_wconf 84' lang='lat' dir='ltr'>stratoque</span> <span class='ocrx_word' id='word_1_253' title='bbox 1139 2683 1300 2736; x_wconf 89' lang='lat' dir='ltr'>junceo</span> <span class='ocrx_word' id='word_1_254' title='bbox 1326 2685 1380 2724; x_wconf 89' lang='lat' dir='ltr'>ad</span> <span class='ocrx_word' id='word_1_255' title='bbox 1412 2691 1598 2725; x_wconf 90' lang='lat' dir='ltr'>mortem</span> <span class='ocrx_word' id='word_1_256' title='bbox 1622 2698 1759 2736; x_wconf 86' lang='lat' dir='ltr'>usque</span> 
     </span>
     <span class='ocr_line' id='line_1_35' title="bbox 294 2756 1759 2809; baseline 0.001 -14"><span class='ocrx_word' id='word_1_257' title='bbox 294 2756 547 2806; x_wconf 81' lang='lat' dir='ltr'>cubitasse;</span> <span class='ocrx_word' id='word_1_258' title='bbox 600 2762 644 2796; x_wconf 92' lang='lat' dir='ltr'>et</span> <span class='ocrx_word' id='word_1_259' title='bbox 695 2757 738 2796; x_wconf 89' lang='lat' dir='ltr'>id</span> <span class='ocrx_word' id='word_1_260' title='bbox 791 2757 934 2809; x_wconf 87' lang='lat' dir='ltr'>ipsum</span> <span class='ocrx_word' id='word_1_261' title='bbox 987 2756 1042 2796; x_wconf 91' lang='lat' dir='ltr'>de</span> <span class='ocrx_word' id='word_1_262' title='bbox 1095 2757 1231 2797; x_wconf 84' lang='lat' dir='ltr'>Paula</span> <span class='ocrx_word' id='word_1_263' title='bbox 1281 2758 1485 2798; x_wconf 81' lang='lat' dir='ltr'>Romana</span> <span class='ocrx_word' id='word_1_264' title='bbox 1536 2758 1759 2798; x_wconf 85' lang='lat' dir='ltr'>memoriae</span> 
     </span>
    </p>
   </div>
   <div class='ocr_carea' id='block_1_3' title="bbox 523 2868 1516 2965">
    <p class='ocr_par' dir='ltr' id='par_1_4' title="bbox 523 2868 1516 2965">
     <span class='ocr_line' id='line_1_36' title="bbox 714 2868 1328 2913; baseline 0.003 -11"><span class='ocrx_word' id='word_1_265' title='bbox 714 2868 727 2888; x_wconf 80' lang='lat'>¹</span> <span class='ocrx_word' id='word_1_266' title='bbox 753 2871 839 2912; x_wconf 84' lang='lat' dir='ltr'>Eph.</span> <span class='ocrx_word' id='word_1_267' title='bbox 862 2877 889 2912; x_wconf 86' lang='lat'>5.</span> <span class='ocrx_word' id='word_1_268' title='bbox 1071 2870 1084 2889; x_wconf 79' lang='lat'><strong>2</strong></span> <span class='ocrx_word' id='word_1_269' title='bbox 1109 2872 1207 2905; x_wconf 87' lang='lat' dir='ltr'>Diad.</span> <span class='ocrx_word' id='word_1_270' title='bbox 1229 2883 1255 2905; x_wconf 92' lang='lat' dir='ltr'>c.</span> <span class='ocrx_word' id='word_1_271' title='bbox 1276 2881 1328 2913; x_wconf 85' lang='lat'>49.</span> 
     </span>
     <span class='ocr_line' id='line_1_37' title="bbox 523 2920 1516 2965; baseline 0.003 -12"><span class='ocrx_word' id='word_1_272' title='bbox 523 2920 536 2941; x_wconf 84' lang='lat'><strong>3</strong></span> <span class='ocrx_word' id='word_1_273' title='bbox 561 2923 660 2954; x_wconf 84' lang='lat' dir='ltr'>Grad.</span> <span class='ocrx_word' id='word_1_274' title='bbox 687 2931 734 2962; x_wconf 82' lang='lat'>19.</span> <span class='ocrx_word' id='word_1_275' title='bbox 914 2921 928 2941; x_wconf 68' lang='lat'><strong>⁴</strong></span> <span class='ocrx_word' id='word_1_276' title='bbox 953 2923 1054 2954; x_wconf 84' lang='lat' dir='ltr'>Grad.</span> <span class='ocrx_word' id='word_1_277' title='bbox 1080 2930 1127 2964; x_wconf 87' lang='lat'>15.</span> <span class='ocrx_word' id='word_1_278' title='bbox 1308 2923 1321 2942; x_wconf 81' lang='lat'><strong>5</strong></span> <span class='ocrx_word' id='word_1_279' title='bbox 1347 2924 1444 2956; x_wconf 87' lang='lat' dir='ltr'>Rom.</span> <span class='ocrx_word' id='word_1_280' title='bbox 1468 2932 1516 2965; x_wconf 88' lang='lat'>13.</span> 
     </span>
    </p>
   </div>
  </div>
 </body>
</html>
