<?xml version="1.0" encoding="UTF-8"?>
<!DOCTYPE html PUBLIC "-//W3C//DTD XHTML 1.0 Transitional//EN"
    "http://www.w3.org/TR/xhtml1/DTD/xhtml1-transitional.dtd">
<html xmlns="http://www.w3.org/1999/xhtml" xml:lang="en" lang="en">
 <head>
  <title>
</title>
<meta http-equiv="Content-Type" content="text/html;charset=utf-8" />
  <meta name='ocr-system' content='tesseract 3.04.00' />
  <meta name='ocr-capabilities' content='ocr_page ocr_carea ocr_par ocr_line ocrx_word'/>
</head>
<body>
  <div class='ocr_page' id='page_1' title='image "./nicolaiorlandini00orla_0426.png"; bbox 0 0 1903 3197; ppageno 0'>
   <div class='ocr_carea' id='block_1_1' title="bbox 278 166 1424 232">
    <p class='ocr_par' dir='ltr' id='par_1_1' title="bbox 278 166 1424 232">
     <span class='ocr_line' id='line_1_1' title="bbox 278 166 1424 232; baseline -0.007 -13"><span class='ocrx_word' id='word_1_1' title='bbox 278 175 374 232; x_wconf 81' lang='lat'><strong>406</strong></span> <span class='ocrx_word' id='word_1_2' title='bbox 603 168 684 214; x_wconf 75' lang='lat' dir='ltr'><strong>De</strong></span> <span class='ocrx_word' id='word_1_3' title='bbox 715 168 908 214; x_wconf 65' lang='lat' dir='ltr'><strong>ratione</strong></span> <span class='ocrx_word' id='word_1_4' title='bbox 940 166 1134 213; x_wconf 72' lang='lat' dir='ltr'><strong>vivendi</strong></span> <span class='ocrx_word' id='word_1_5' title='bbox 1168 166 1424 214; x_wconf 74' lang='lat' dir='ltr'><strong>Socz&#39;etatz&#39;S.</strong></span> 
     </span>
    </p>
   </div>
   <div class='ocr_carea' id='block_1_2' title="bbox 278 299 1772 2720">
    <p class='ocr_par' dir='ltr' id='par_1_2' title="bbox 278 299 1750 429">
     <span class='ocr_line' id='line_1_2' title="bbox 278 299 1750 359; baseline -0.003 -15"><span class='ocrx_word' id='word_1_6' title='bbox 278 304 466 359; x_wconf 91' lang='lat' dir='ltr'><strong>perticis,</strong></span> <span class='ocrx_word' id='word_1_7' title='bbox 489 302 557 342; x_wconf 90' lang='lat' dir='ltr'><strong>vel</strong></span> <span class='ocrx_word' id='word_1_8' title='bbox 594 301 757 355; x_wconf 89' lang='lat' dir='ltr'><strong>plicata</strong></span> <span class='ocrx_word' id='word_1_9' title='bbox 794 301 837 340; x_wconf 92' lang='lat' dir='ltr'><strong>in</strong></span> <span class='ocrx_word' id='word_1_10' title='bbox 870 300 1103 340; x_wconf 80' lang='lat' dir='ltr'>manticis?</span> <span class='ocrx_word' id='word_1_11' title='bbox 1137 299 1406 353; x_wconf 74' lang='lat' dir='ltr'><strong>Quanquam</strong></span> <span class='ocrx_word' id='word_1_12' title='bbox 1441 305 1508 339; x_wconf 88' lang='lat' dir='ltr'><strong>sat</strong></span> <span class='ocrx_word' id='word_1_13' title='bbox 1540 300 1629 339; x_wconf 91' lang='lat' dir='ltr'><strong>scio</strong></span> <span class='ocrx_word' id='word_1_14' title='bbox 1662 299 1750 340; x_wconf 89' lang='lat' dir='ltr'><strong>alia</strong></span> 
     </span>
     <span class='ocr_line' id='line_1_3' title="bbox 280 372 1645 429; baseline -0.005 -10"><span class='ocrx_word' id='word_1_15' title='bbox 280 379 376 420; x_wconf 90' lang='lat' dir='ltr'><strong>aliis</strong></span> <span class='ocrx_word' id='word_1_16' title='bbox 409 377 711 429; x_wconf 77' lang='lat' dir='ltr'><strong>religiosorum</strong></span> <span class='ocrx_word' id='word_1_17' title='bbox 744 375 956 415; x_wconf 86' lang='lat' dir='ltr'><strong>institutis</strong></span> <span class='ocrx_word' id='word_1_18' title='bbox 988 374 1317 427; x_wconf 83' lang='lat' dir='ltr'><strong>disciplinisque</strong></span> <span class='ocrx_word' id='word_1_19' title='bbox 1349 372 1645 426; x_wconf 81' lang='lat' dir='ltr'><strong>congruere.’&#39;1</strong></span> 
     </span>
    </p>

    <p class='ocr_par' dir='ltr' id='par_1_3' title="bbox 281 447 1772 2720">
     <span class='ocr_line' id='line_1_4' title="bbox 371 447 1750 504; baseline -0.004 -12"><span class='ocrx_word' id='word_1_20' title='bbox 371 453 423 492; x_wconf 92' lang='lat' dir='ltr'><strong>In</strong></span> <span class='ocrx_word' id='word_1_21' title='bbox 457 450 670 504; x_wconf 78' lang='lat' dir='ltr'><strong>qualitate</strong></span> <span class='ocrx_word' id='word_1_22' title='bbox 692 463 768 489; x_wconf 90' lang='lat' dir='ltr'><strong>seu</strong></span> <span class='ocrx_word' id='word_1_23' title='bbox 800 462 961 502; x_wconf 81' lang='lat' dir='ltr'><strong>genere</strong></span> <span class='ocrx_word' id='word_1_24' title='bbox 991 449 1355 489; x_wconf 84' lang='lat' dir='ltr'><strong>vestimentorum</strong></span> <span class='ocrx_word' id='word_1_25' title='bbox 1378 447 1628 487; x_wconf 91' lang='lat' dir='ltr'><strong>sollicitudo</strong></span> <span class='ocrx_word' id='word_1_26' title='bbox 1655 461 1750 488; x_wconf 88' lang='lat' dir='ltr'><strong>ver-</strong></span> 
     </span>
     <span class='ocr_line' id='line_1_5' title="bbox 281 522 1748 574; baseline -0.004 -8"><span class='ocrx_word' id='word_1_27' title='bbox 281 530 412 574; x_wconf 87' lang='lat' dir='ltr'><strong>satur,</strong></span> <span class='ocrx_word' id='word_1_28' title='bbox 445 537 545 565; x_wconf 91' lang='lat' dir='ltr'><strong>cum</strong></span> <span class='ocrx_word' id='word_1_29' title='bbox 578 529 654 564; x_wconf 91' lang='lat' dir='ltr'><strong>aut</strong></span> <span class='ocrx_word' id='word_1_30' title='bbox 686 522 877 571; x_wconf 78' lang='lat' dir='ltr'><strong>meliora,</strong></span> <span class='ocrx_word' id='word_1_31' title='bbox 902 527 979 562; x_wconf 88' lang='lat' dir='ltr'><strong>aut</strong></span> <span class='ocrx_word' id='word_1_32' title='bbox 1001 522 1242 562; x_wconf 85' lang='lat' dir='ltr'><strong>recentiora</strong></span> <span class='ocrx_word' id='word_1_33' title='bbox 1274 526 1541 574; x_wconf 81' lang='lat' dir='ltr'><strong>quaeruntur,</strong></span> <span class='ocrx_word' id='word_1_34' title='bbox 1572 526 1620 560; x_wconf 91' lang='lat' dir='ltr'><strong>ut</strong></span> <span class='ocrx_word' id='word_1_35' title='bbox 1650 534 1748 573; x_wconf 82' lang='lat' dir='ltr'><strong>quae</strong></span> 
     </span>
     <span class='ocr_line' id='line_1_6' title="bbox 282 594 1751 652; baseline -0.004 -13"><span class='ocrx_word' id='word_1_36' title='bbox 282 599 424 652; x_wconf 84' lang='lat' dir='ltr'><strong>magis</strong></span> <span class='ocrx_word' id='word_1_37' title='bbox 467 612 493 638; x_wconf 91' lang='lat' dir='ltr'><strong>a</strong></span> <span class='ocrx_word' id='word_1_38' title='bbox 533 598 744 650; x_wconf 80' lang='lat' dir='ltr'><strong>frigorum</strong></span> <span class='ocrx_word' id='word_1_39' title='bbox 797 595 1038 636; x_wconf 87' lang='lat' dir='ltr'><strong>defendant</strong></span> <span class='ocrx_word' id='word_1_40' title='bbox 1087 595 1278 648; x_wconf 89' lang='lat' dir='ltr'><strong>injuria;</strong></span> <span class='ocrx_word' id='word_1_41' title='bbox 1330 600 1407 634; x_wconf 88' lang='lat' dir='ltr'><strong>aut</strong></span> <span class='ocrx_word' id='word_1_42' title='bbox 1458 594 1632 642; x_wconf 87' lang='lat' dir='ltr'><strong>leviora,</strong></span> <span class='ocrx_word' id='word_1_43' title='bbox 1676 600 1751 634; x_wconf 90' lang='lat' dir='ltr'><strong>aut</strong></span> 
     </span>
     <span class='ocr_line' id='line_1_7' title="bbox 283 668 1751 724; baseline -0.004 -11"><span class='ocrx_word' id='word_1_44' title='bbox 283 672 520 721; x_wconf 86' lang='lat' dir='ltr'><strong>subtiliora,</strong></span> <span class='ocrx_word' id='word_1_45' title='bbox 546 685 645 724; x_wconf 81' lang='lat' dir='ltr'><strong>quae</strong></span> <span class='ocrx_word' id='word_1_46' title='bbox 675 684 756 711; x_wconf 91' lang='lat' dir='ltr'><strong>nec</strong></span> <span class='ocrx_word' id='word_1_47' title='bbox 783 670 961 710; x_wconf 89' lang='lat' dir='ltr'><strong>dorsum</strong></span> <span class='ocrx_word' id='word_1_48' title='bbox 992 670 1252 722; x_wconf 88' lang='lat' dir='ltr'><strong>deprimant,</strong></span> <span class='ocrx_word' id='word_1_49' title='bbox 1276 682 1355 709; x_wconf 88' lang='lat' dir='ltr'><strong>nec</strong></span> <span class='ocrx_word' id='word_1_50' title='bbox 1378 668 1544 708; x_wconf 89' lang='lat' dir='ltr'><strong>calores</strong></span> <span class='ocrx_word' id='word_1_51' title='bbox 1576 668 1751 708; x_wconf 83' lang='lat' dir='ltr'><strong>aestivos</strong></span> 
     </span>
     <span class='ocr_line' id='line_1_8' title="bbox 283 741 1753 800; baseline -0.004 -13"><span class='ocrx_word' id='word_1_52' title='bbox 283 746 564 800; x_wconf 86' lang='lat' dir='ltr'><strong>amplificent.</strong></span> <span class='ocrx_word' id='word_1_53' title='bbox 640 744 742 797; x_wconf 74' lang='lat' dir='ltr'><strong>Qua</strong></span> <span class='ocrx_word' id='word_1_54' title='bbox 780 745 823 783; x_wconf 88' lang='lat' dir='ltr'><strong>in</strong></span> <span class='ocrx_word' id='word_1_55' title='bbox 861 758 905 783; x_wconf 91' lang='lat' dir='ltr'><strong>re</strong></span> <span class='ocrx_word' id='word_1_56' title='bbox 941 757 1059 796; x_wconf 75' lang='lat' dir='ltr'><strong>saepe</strong></span> <span class='ocrx_word' id='word_1_57' title='bbox 1097 743 1269 783; x_wconf 88' lang='lat' dir='ltr'><strong>occulta</strong></span> <span class='ocrx_word' id='word_1_58' title='bbox 1305 743 1511 795; x_wconf 78' lang='lat' dir='ltr'><strong>quaedam</strong></span> <span class='ocrx_word' id='word_1_59' title='bbox 1549 741 1753 795; x_wconf 88' lang='lat' dir='ltr'><strong>superbia</strong></span> 
     </span>
     <span class='ocr_line' id='line_1_9' title="bbox 284 816 1754 872; baseline -0.004 -11"><span class='ocrx_word' id='word_1_60' title='bbox 284 821 513 872; x_wconf 86' lang='lat' dir='ltr'><strong>inanisque</strong></span> <span class='ocrx_word' id='word_1_61' title='bbox 555 818 693 858; x_wconf 84' lang='lat' dir='ltr'><strong>fastus</strong></span> <span class='ocrx_word' id='word_1_62' title='bbox 736 817 1008 857; x_wconf 87' lang='lat' dir='ltr'><strong>necessitatis</strong></span> <span class='ocrx_word' id='word_1_63' title='bbox 1061 816 1206 869; x_wconf 90' lang='lat' dir='ltr'><strong>specie</strong></span> <span class='ocrx_word' id='word_1_64' title='bbox 1247 830 1292 856; x_wconf 91' lang='lat' dir='ltr'><strong>se</strong></span> <span class='ocrx_word' id='word_1_65' title='bbox 1334 816 1457 868; x_wconf 79' lang='lat' dir='ltr'><strong>tegit,</strong></span> <span class='ocrx_word' id='word_1_66' title='bbox 1509 822 1585 856; x_wconf 89' lang='lat' dir='ltr'><strong>aut</strong></span> <span class='ocrx_word' id='word_1_67' title='bbox 1637 821 1754 856; x_wconf 90' lang='lat' dir='ltr'><strong>certe</strong></span> 
     </span>
     <span class='ocr_line' id='line_1_10' title="bbox 284 889 1753 945; baseline -0.004 -10"><span class='ocrx_word' id='word_1_68' title='bbox 284 894 517 935; x_wconf 87' lang='lat' dir='ltr'><strong>mollitudo</strong></span> <span class='ocrx_word' id='word_1_69' title='bbox 536 892 742 945; x_wconf 81' lang='lat' dir='ltr'><strong>quaedam</strong></span> <span class='ocrx_word' id='word_1_70' title='bbox 762 897 805 931; x_wconf 91' lang='lat' dir='ltr'><strong>et</strong></span> <span class='ocrx_word' id='word_1_71' title='bbox 822 891 1031 931; x_wconf 85' lang='lat' dir='ltr'><strong>teneritas</strong></span> <span class='ocrx_word' id='word_1_72' title='bbox 1053 903 1274 939; x_wconf 86' lang='lat' dir='ltr'><strong>sensuum,</strong></span> <span class='ocrx_word' id='word_1_73' title='bbox 1297 890 1519 942; x_wconf 81' lang='lat' dir='ltr'><strong>religionis</strong></span> <span class='ocrx_word' id='word_1_74' title='bbox 1543 889 1753 929; x_wconf 88' lang='lat' dir='ltr'><strong>institutis</strong></span> 
     </span>
     <span class='ocr_line' id='line_1_11' title="bbox 285 963 1755 1017; baseline -0.004 -9"><span class='ocrx_word' id='word_1_75' title='bbox 285 969 465 1008; x_wconf 88' lang='lat' dir='ltr'><strong>minime</strong></span> <span class='ocrx_word' id='word_1_76' title='bbox 498 971 803 1007; x_wconf 89' lang='lat' dir='ltr'><strong>consentanea.</strong></span> <span class='ocrx_word' id='word_1_77' title='bbox 867 964 1001 1017; x_wconf 76' lang='lat' dir='ltr'><strong>Quod</strong></span> <span class='ocrx_word' id='word_1_78' title='bbox 1035 969 1270 1015; x_wconf 89' lang='lat' dir='ltr'><strong>utrumque</strong></span> <span class='ocrx_word' id='word_1_79' title='bbox 1303 964 1459 1003; x_wconf 87' lang='lat' dir='ltr'><strong>merito</strong></span> <span class='ocrx_word' id='word_1_80' title='bbox 1484 963 1755 1015; x_wconf 88' lang='lat' dir='ltr'><strong>vituperatur</strong></span> 
     </span>
     <span class='ocr_line' id='line_1_12' title="bbox 285 1035 1756 1090; baseline -0.005 -8"><span class='ocrx_word' id='word_1_81' title='bbox 285 1056 310 1083; x_wconf 89' lang='lat' dir='ltr'><strong>a</strong></span> <span class='ocrx_word' id='word_1_82' title='bbox 342 1041 546 1090; x_wconf 86' lang='lat' dir='ltr'><strong>Sanctis;</strong></span> <span class='ocrx_word' id='word_1_83' title='bbox 579 1040 750 1079; x_wconf 86' lang='lat' dir='ltr'><strong>vanitas</strong></span> <span class='ocrx_word' id='word_1_84' title='bbox 778 1037 957 1090; x_wconf 92' lang='lat' dir='ltr'><strong>quidem</strong></span> <span class='ocrx_word' id='word_1_85' title='bbox 989 1037 1203 1086; x_wconf 88' lang='lat' dir='ltr'><strong>elationis,</strong></span> <span class='ocrx_word' id='word_1_86' title='bbox 1227 1037 1342 1089; x_wconf 91' lang='lat' dir='ltr'><strong>quia,</strong></span> <span class='ocrx_word' id='word_1_87' title='bbox 1366 1042 1413 1076; x_wconf 88' lang='lat' dir='ltr'><strong>ut</strong></span> <span class='ocrx_word' id='word_1_88' title='bbox 1445 1037 1506 1076; x_wconf 87' lang='lat' dir='ltr'><strong>ait</strong></span> <span class='ocrx_word' id='word_1_89' title='bbox 1540 1035 1756 1076; x_wconf 85' lang='lat' dir='ltr'><strong>Basilius:</strong></span> 
     </span>
     <span class='ocr_line' id='line_1_13' title="bbox 286 1109 1755 1168; baseline -0.004 -13"><span class='ocrx_word' id='word_1_90' title='bbox 286 1115 405 1168; x_wconf 78' lang='lat' dir='ltr'><strong>“Qui</strong></span> <span class='ocrx_word' id='word_1_91' title='bbox 434 1128 512 1167; x_wconf 88' lang='lat' dir='ltr'><strong>per</strong></span> <span class='ocrx_word' id='word_1_92' title='bbox 537 1112 834 1153; x_wconf 85' lang='lat' dir='ltr'><strong>humilitatem</strong></span> <span class='ocrx_word' id='word_1_93' title='bbox 864 1111 962 1152; x_wconf 92' lang='lat' dir='ltr'><strong>Deo</strong></span> <span class='ocrx_word' id='word_1_94' title='bbox 995 1111 1167 1164; x_wconf 88' lang='lat' dir='ltr'><strong>placere</strong></span> <span class='ocrx_word' id='word_1_95' title='bbox 1189 1111 1349 1159; x_wconf 82' lang='lat' dir='ltr'><strong>studet,</strong></span> <span class='ocrx_word' id='word_1_96' title='bbox 1374 1109 1534 1162; x_wconf 83' lang='lat' dir='ltr'><strong>eligere</strong></span> <span class='ocrx_word' id='word_1_97' title='bbox 1557 1109 1691 1150; x_wconf 91' lang='lat' dir='ltr'><strong>debet</strong></span> <span class='ocrx_word' id='word_1_98' title='bbox 1712 1110 1755 1149; x_wconf 91' lang='lat' dir='ltr'><strong>id</strong></span> 
     </span>
     <span class='ocr_line' id='line_1_14' title="bbox 287 1183 1759 1240; baseline -0.005 -10"><span class='ocrx_word' id='word_1_99' title='bbox 287 1188 537 1230; x_wconf 85' lang='lat' dir='ltr'><strong>vestimenti</strong></span> <span class='ocrx_word' id='word_1_100' title='bbox 575 1200 714 1240; x_wconf 80' lang='lat' dir='ltr'><strong>genus</strong></span> <span class='ocrx_word' id='word_1_101' title='bbox 744 1187 787 1226; x_wconf 91' lang='lat' dir='ltr'><strong>in</strong></span> <span class='ocrx_word' id='word_1_102' title='bbox 825 1199 914 1238; x_wconf 92' lang='lat' dir='ltr'><strong>quo</strong></span> <span class='ocrx_word' id='word_1_103' title='bbox 957 1185 1155 1225; x_wconf 89' lang='lat' dir='ltr'><strong>omnium</strong></span> <span class='ocrx_word' id='word_1_104' title='bbox 1199 1184 1461 1224; x_wconf 85' lang='lat' dir='ltr'><strong>novissimus</strong></span> <span class='ocrx_word' id='word_1_105' title='bbox 1499 1189 1543 1223; x_wconf 90' lang='lat' dir='ltr'><strong>et</strong></span> <span class='ocrx_word' id='word_1_106' title='bbox 1579 1183 1759 1223; x_wconf 90' lang='lat' dir='ltr'><strong>ultimus</strong></span> 
     </span>
     <span class='ocr_line' id='line_1_15' title="bbox 289 1256 1758 1316; baseline -0.005 -12"><span class='ocrx_word' id='word_1_107' title='bbox 289 1259 561 1316; x_wconf 80' lang='lat' dir='ltr'><strong>appareat.&#39;’2</strong></span> <span class='ocrx_word' id='word_1_108' title='bbox 623 1260 670 1301; x_wconf 83' lang='lat' dir='ltr'><strong>Si</strong></span> <span class='ocrx_word' id='word_1_109' title='bbox 694 1260 812 1300; x_wconf 92' lang='lat' dir='ltr'><strong>enim</strong></span> <span class='ocrx_word' id='word_1_110' title='bbox 836 1259 962 1300; x_wconf 91' lang='lat' dir='ltr'><strong>nobis</strong></span> <span class='ocrx_word' id='word_1_111' title='bbox 984 1258 1180 1299; x_wconf 89' lang='lat' dir='ltr'><strong>studium</strong></span> <span class='ocrx_word' id='word_1_112' title='bbox 1197 1256 1451 1298; x_wconf 87' lang='lat' dir='ltr'><strong>habendum</strong></span> <span class='ocrx_word' id='word_1_113' title='bbox 1475 1262 1541 1297; x_wconf 86' lang='lat' dir='ltr'><strong>est</strong></span> <span class='ocrx_word' id='word_1_114' title='bbox 1563 1256 1758 1297; x_wconf 91' lang='lat' dir='ltr'><strong>omnium</strong></span> 
     </span>
     <span class='ocr_line' id='line_1_16' title="bbox 289 1331 1761 1386; baseline -0.005 -8"><span class='ocrx_word' id='word_1_115' title='bbox 289 1352 369 1378; x_wconf 88' lang='lat' dir='ltr'><strong>nos</strong></span> <span class='ocrx_word' id='word_1_116' title='bbox 412 1350 506 1377; x_wconf 88' lang='lat' dir='ltr'><strong>esse</strong></span> <span class='ocrx_word' id='word_1_117' title='bbox 553 1336 829 1384; x_wconf 86' lang='lat' dir='ltr'><strong>novissimos,</strong></span> <span class='ocrx_word' id='word_1_118' title='bbox 874 1339 1042 1374; x_wconf 90' lang='lat' dir='ltr'><strong>certum</strong></span> <span class='ocrx_word' id='word_1_119' title='bbox 1089 1338 1218 1386; x_wconf 87' lang='lat' dir='ltr'><strong>putat</strong></span> <span class='ocrx_word' id='word_1_120' title='bbox 1269 1346 1364 1372; x_wconf 92' lang='lat' dir='ltr'><strong>esse</strong></span> <span class='ocrx_word' id='word_1_121' title='bbox 1406 1337 1450 1371; x_wconf 89' lang='lat' dir='ltr'><strong>et</strong></span> <span class='ocrx_word' id='word_1_122' title='bbox 1492 1331 1761 1371; x_wconf 90' lang='lat' dir='ltr'><strong>indumentis</strong></span> 
     </span>
     <span class='ocr_line' id='line_1_17' title="bbox 289 1405 1761 1460; baseline -0.005 -8"><span class='ocrx_word' id='word_1_123' title='bbox 289 1412 488 1453; x_wconf 85' lang='lat' dir='ltr'><strong>omnium</strong></span> <span class='ocrx_word' id='word_1_124' title='bbox 519 1410 781 1450; x_wconf 90' lang='lat' dir='ltr'><strong>novissimos</strong></span> <span class='ocrx_word' id='word_1_125' title='bbox 811 1408 1025 1460; x_wconf 90' lang='lat' dir='ltr'><strong>deputare</strong></span> <span class='ocrx_word' id='word_1_126' title='bbox 1055 1420 1135 1447; x_wconf 88' lang='lat' dir='ltr'><strong>nos</strong></span> <span class='ocrx_word' id='word_1_127' title='bbox 1157 1406 1326 1447; x_wconf 87' lang='lat' dir='ltr'><strong>debere.</strong></span> <span class='ocrx_word' id='word_1_128' title='bbox 1391 1407 1450 1446; x_wconf 90' lang='lat' dir='ltr'><strong>Et</strong></span> <span class='ocrx_word' id='word_1_129' title='bbox 1472 1405 1555 1445; x_wconf 85' lang='lat' dir='ltr'><strong>hoc</strong></span> <span class='ocrx_word' id='word_1_130' title='bbox 1585 1405 1761 1445; x_wconf 91' lang='lat' dir='ltr'><strong>nomine</strong></span> 
     </span>
     <span class='ocr_line' id='line_1_18' title="bbox 288 1478 1762 1537; baseline -0.005 -11"><span class='ocrx_word' id='word_1_131' title='bbox 288 1486 443 1527; x_wconf 89' lang='lat' dir='ltr'><strong>laudat</strong></span> <span class='ocrx_word' id='word_1_132' title='bbox 484 1484 712 1537; x_wconf 88' lang='lat' dir='ltr'><strong>Equitium</strong></span> <span class='ocrx_word' id='word_1_133' title='bbox 751 1483 959 1523; x_wconf 82' lang='lat' dir='ltr'><strong>abbatem</strong></span> <span class='ocrx_word' id='word_1_134' title='bbox 999 1483 1045 1522; x_wconf 88' lang='lat' dir='ltr'><strong>B.</strong></span> <span class='ocrx_word' id='word_1_135' title='bbox 1072 1480 1317 1534; x_wconf 81' lang='lat' dir='ltr'><strong>Gregorius,</strong></span> <span class='ocrx_word' id='word_1_136' title='bbox 1348 1480 1467 1533; x_wconf 93' lang='lat' dir='ltr'><strong>quod</strong></span> <span class='ocrx_word' id='word_1_137' title='bbox 1506 1485 1598 1520; x_wconf 91' lang='lat' dir='ltr'><strong>erat</strong></span> <span class='ocrx_word' id='word_1_138' title='bbox 1633 1478 1762 1519; x_wconf 88' lang='lat' dir='ltr'><strong>valde</strong></span> 
     </span>
     <span class='ocr_line' id='line_1_19' title="bbox 289 1552 1761 1609; baseline -0.005 -9"><span class='ocrx_word' id='word_1_139' title='bbox 289 1561 388 1600; x_wconf 86' lang='lat' dir='ltr'><strong>vilis</strong></span> <span class='ocrx_word' id='word_1_140' title='bbox 421 1560 463 1599; x_wconf 92' lang='lat' dir='ltr'><strong>in</strong></span> <span class='ocrx_word' id='word_1_141' title='bbox 492 1558 687 1599; x_wconf 89' lang='lat' dir='ltr'><strong>vestibus</strong></span> <span class='ocrx_word' id='word_1_142' title='bbox 719 1563 853 1609; x_wconf 87' lang='lat' dir='ltr'><strong>atque</strong></span> <span class='ocrx_word' id='word_1_143' title='bbox 884 1553 1148 1608; x_wconf 84' lang='lat' dir='ltr'><strong>despectus.3</strong></span> <span class='ocrx_word' id='word_1_144' title='bbox 1211 1554 1338 1594; x_wconf 90' lang='lat' dir='ltr'><strong>Idem</strong></span> <span class='ocrx_word' id='word_1_145' title='bbox 1366 1559 1517 1594; x_wconf 89' lang='lat' dir='ltr'><strong>monet</strong></span> <span class='ocrx_word' id='word_1_146' title='bbox 1547 1552 1761 1593; x_wconf 88' lang='lat' dir='ltr'><strong>Basilius:</strong></span> 
     </span>
     <span class='ocr_line' id='line_1_20' title="bbox 293 1626 1763 1687; baseline -0.005 -13"><span class='ocrx_word' id='word_1_147' title='bbox 293 1633 558 1687; x_wconf 83' lang='lat' dir='ltr'><strong>“Religioso</strong></span> <span class='ocrx_word' id='word_1_148' title='bbox 591 1631 817 1685; x_wconf 81' lang='lat' dir='ltr'><strong>seligenda</strong></span> <span class='ocrx_word' id='word_1_149' title='bbox 846 1643 941 1670; x_wconf 88' lang='lat' dir='ltr'><strong>esse</strong></span> <span class='ocrx_word' id='word_1_150' title='bbox 972 1629 1125 1669; x_wconf 89' lang='lat' dir='ltr'><strong>viliora</strong></span> <span class='ocrx_word' id='word_1_151' title='bbox 1155 1629 1430 1677; x_wconf 87' lang='lat' dir='ltr'><strong>vestimenta,</strong></span> <span class='ocrx_word' id='word_1_152' title='bbox 1464 1633 1559 1668; x_wconf 90' lang='lat' dir='ltr'><strong>tum</strong></span> <span class='ocrx_word' id='word_1_153' title='bbox 1588 1626 1763 1666; x_wconf 93' lang='lat' dir='ltr'><strong>humili-</strong></span> 
     </span>
     <span class='ocr_line' id='line_1_21' title="bbox 291 1701 1764 1760; baseline -0.006 -11"><span class='ocrx_word' id='word_1_154' title='bbox 291 1710 395 1750; x_wconf 89' lang='lat' dir='ltr'><strong>tatis</strong></span> <span class='ocrx_word' id='word_1_155' title='bbox 431 1705 767 1760; x_wconf 78' lang='lat' dir='ltr'><strong>praeseferendae</strong></span> <span class='ocrx_word' id='word_1_156' title='bbox 800 1718 943 1753; x_wconf 87' lang='lat' dir='ltr'><strong>causa,</strong></span> <span class='ocrx_word' id='word_1_157' title='bbox 975 1710 1070 1744; x_wconf 87' lang='lat' dir='ltr'><strong>tum</strong></span> <span class='ocrx_word' id='word_1_158' title='bbox 1105 1701 1385 1743; x_wconf 81' lang='lat' dir='ltr'><strong>charitatis,’&#39;4</strong></span> <span class='ocrx_word' id='word_1_159' title='bbox 1439 1702 1498 1741; x_wconf 89' lang='lat' dir='ltr'><strong>Et</strong></span> <span class='ocrx_word' id='word_1_160' title='bbox 1528 1701 1764 1741; x_wconf 89' lang='lat' dir='ltr'><strong>Cassianus</strong></span> 
     </span>
     <span class='ocr_line' id='line_1_22' title="bbox 292 1777 1762 1830; baseline -0.006 -8"><span class='ocrx_word' id='word_1_161' title='bbox 292 1788 460 1823; x_wconf 89' lang='lat' dir='ltr'><strong>vestem</strong></span> <span class='ocrx_word' id='word_1_162' title='bbox 504 1778 707 1820; x_wconf 88' lang='lat' dir='ltr'><strong>monachi</strong></span> <span class='ocrx_word' id='word_1_163' title='bbox 751 1792 845 1818; x_wconf 89' lang='lat' dir='ltr'><strong>esse</strong></span> <span class='ocrx_word' id='word_1_164' title='bbox 887 1777 1088 1830; x_wconf 82' lang='lat' dir='ltr'><strong>praecipit</strong></span> <span class='ocrx_word' id='word_1_165' title='bbox 1120 1789 1218 1816; x_wconf 86' lang='lat' dir='ltr'><strong>eam</strong></span> <span class='ocrx_word' id='word_1_166' title='bbox 1261 1789 1360 1828; x_wconf 83' lang='lat' dir='ltr'><strong>quae</strong></span> <span class='ocrx_word' id='word_1_167' title='bbox 1397 1789 1554 1828; x_wconf 89' lang='lat' dir='ltr'><strong>corpus</strong></span> <span class='ocrx_word' id='word_1_168' title='bbox 1590 1780 1762 1814; x_wconf 91' lang='lat' dir='ltr'><strong>tantum</strong></span> 
     </span>
     <span class='ocr_line' id='line_1_23' title="bbox 292 1849 1765 1908; baseline -0.006 -11"><span class='ocrx_word' id='word_1_169' title='bbox 292 1860 512 1908; x_wconf 79' lang='lat' dir='ltr'><strong>contegat,</strong></span> <span class='ocrx_word' id='word_1_170' title='bbox 557 1867 607 1894; x_wconf 93' lang='lat' dir='ltr'><strong>ac</strong></span> <span class='ocrx_word' id='word_1_171' title='bbox 657 1852 840 1906; x_wconf 91' lang='lat' dir='ltr'><strong>repellat</strong></span> <span class='ocrx_word' id='word_1_172' title='bbox 881 1851 1192 1892; x_wconf 89' lang='lat' dir='ltr'><strong>verecundiam</strong></span> <span class='ocrx_word' id='word_1_173' title='bbox 1244 1850 1468 1899; x_wconf 89' lang='lat' dir='ltr'><strong>nuditatis,</strong></span> <span class='ocrx_word' id='word_1_174' title='bbox 1511 1854 1555 1889; x_wconf 93' lang='lat' dir='ltr'><strong>et</strong></span> <span class='ocrx_word' id='word_1_175' title='bbox 1596 1849 1765 1902; x_wconf 82' lang='lat' dir='ltr'><strong>frigoris</strong></span> 
     </span>
     <span class='ocr_line' id='line_1_24' title="bbox 294 1923 1766 1980; baseline -0.006 -9"><span class='ocrx_word' id='word_1_176' title='bbox 294 1930 502 1971; x_wconf 90' lang='lat' dir='ltr'><strong>retundat</strong></span> <span class='ocrx_word' id='word_1_177' title='bbox 544 1928 760 1980; x_wconf 87' lang='lat' dir='ltr'><strong>injuriam,</strong></span> <span class='ocrx_word' id='word_1_178' title='bbox 794 1940 882 1966; x_wconf 89' lang='lat' dir='ltr'><strong>non</strong></span> <span class='ocrx_word' id='word_1_179' title='bbox 920 1940 1020 1979; x_wconf 67' lang='lat' dir='ltr'><strong>quae</strong></span> <span class='ocrx_word' id='word_1_180' title='bbox 1058 1925 1293 1965; x_wconf 88' lang='lat' dir='ltr'><strong>seminaria</strong></span> <span class='ocrx_word' id='word_1_181' title='bbox 1324 1924 1531 1964; x_wconf 87' lang='lat' dir='ltr'><strong>vanitatis</strong></span> <span class='ocrx_word' id='word_1_182' title='bbox 1566 1928 1643 1963; x_wconf 89' lang='lat' dir='ltr'><strong>aut</strong></span> <span class='ocrx_word' id='word_1_183' title='bbox 1679 1923 1766 1963; x_wconf 90' lang='lat' dir='ltr'><strong>ela-</strong></span> 
     </span>
     <span class='ocr_line' id='line_1_25' title="bbox 293 1996 1765 2052; baseline -0.005 -8"><span class='ocrx_word' id='word_1_184' title='bbox 293 2005 426 2045; x_wconf 89' lang='lat' dir='ltr'><strong>tionis</strong></span> <span class='ocrx_word' id='word_1_185' title='bbox 458 1999 695 2051; x_wconf 80' lang='lat' dir='ltr'><strong>enutriat35</strong></span> <span class='ocrx_word' id='word_1_186' title='bbox 726 2001 902 2041; x_wconf 90' lang='lat' dir='ltr'><strong>dicente</strong></span> <span class='ocrx_word' id='word_1_187' title='bbox 934 1998 1177 2052; x_wconf 87' lang='lat' dir='ltr'><strong>Apostolo:</strong></span> <span class='ocrx_word' id='word_1_188' title='bbox 1211 1998 1476 2038; x_wconf 84' lang='lat' dir='ltr'><strong>“Habentes</strong></span> <span class='ocrx_word' id='word_1_189' title='bbox 1507 2003 1656 2037; x_wconf 90' lang='lat' dir='ltr'><strong>autem</strong></span> <span class='ocrx_word' id='word_1_190' title='bbox 1690 1996 1765 2037; x_wconf 89' lang='lat' dir='ltr'><strong>ali-</strong></span> 
     </span>
     <span class='ocr_line' id='line_1_26' title="bbox 296 2069 1767 2129; baseline -0.005 -11"><span class='ocrx_word' id='word_1_191' title='bbox 296 2085 447 2118; x_wconf 88' lang='lat' dir='ltr'><strong>menta</strong></span> <span class='ocrx_word' id='word_1_192' title='bbox 489 2083 533 2117; x_wconf 89' lang='lat' dir='ltr'><strong>et</strong></span> <span class='ocrx_word' id='word_1_193' title='bbox 571 2075 856 2129; x_wconf 87' lang='lat' dir='ltr'><strong>operimenta,</strong></span> <span class='ocrx_word' id='word_1_194' title='bbox 892 2074 959 2114; x_wconf 92' lang='lat' dir='ltr'><strong>his</strong></span> <span class='ocrx_word' id='word_1_195' title='bbox 991 2073 1186 2114; x_wconf 88' lang='lat' dir='ltr'><strong>contenti</strong></span> <span class='ocrx_word' id='word_1_196' title='bbox 1219 2069 1409 2112; x_wconf 84' lang='lat' dir='ltr'><strong>simus.”⁶</strong></span> <span class='ocrx_word' id='word_1_197' title='bbox 1470 2070 1542 2112; x_wconf 85' lang='lat' dir='ltr'><strong>Sic</strong></span> <span class='ocrx_word' id='word_1_198' title='bbox 1575 2071 1618 2110; x_wconf 91' lang='lat' dir='ltr'><strong>in</strong></span> <span class='ocrx_word' id='word_1_199' title='bbox 1652 2070 1767 2111; x_wconf 89' lang='lat' dir='ltr'><strong>Con—</strong></span> 
     </span>
     <span class='ocr_line' id='line_1_27' title="bbox 295 2144 1768 2196; baseline -0.006 -4"><span class='ocrx_word' id='word_1_200' title='bbox 295 2151 599 2193; x_wconf 89' lang='lat' dir='ltr'><strong>stitutionibus</strong></span> <span class='ocrx_word' id='word_1_201' title='bbox 637 2149 822 2190; x_wconf 87' lang='lat' dir='ltr'><strong>nostris:</strong></span> <span class='ocrx_word' id='word_1_202' title='bbox 863 2148 954 2188; x_wconf 86' lang='lat' dir='ltr'><strong>“In</strong></span> <span class='ocrx_word' id='word_1_203' title='bbox 985 2147 1145 2188; x_wconf 86' lang='lat' dir='ltr'><strong>vestitu</strong></span> <span class='ocrx_word' id='word_1_204' title='bbox 1187 2145 1393 2186; x_wconf 88' lang='lat' dir='ltr'><strong>habenda</strong></span> <span class='ocrx_word' id='word_1_205' title='bbox 1434 2150 1500 2184; x_wconf 92' lang='lat' dir='ltr'><strong>est</strong></span> <span class='ocrx_word' id='word_1_206' title='bbox 1531 2145 1643 2184; x_wconf 90' lang='lat' dir='ltr'><strong>ratio</strong></span> <span class='ocrx_word' id='word_1_207' title='bbox 1675 2144 1768 2196; x_wconf 89' lang='lat' dir='ltr'><strong>ejus</strong></span> 
     </span>
     <span class='ocr_line' id='line_1_28' title="bbox 296 2216 1767 2277; baseline -0.004 -11"><span class='ocrx_word' id='word_1_208' title='bbox 296 2226 407 2274; x_wconf 88' lang='lat' dir='ltr'><strong>finis,</strong></span> <span class='ocrx_word' id='word_1_209' title='bbox 436 2226 511 2277; x_wconf 86' lang='lat' dir='ltr'><strong>qui</strong></span> <span class='ocrx_word' id='word_1_210' title='bbox 546 2230 611 2264; x_wconf 92' lang='lat' dir='ltr'><strong>est</strong></span> <span class='ocrx_word' id='word_1_211' title='bbox 643 2224 700 2263; x_wconf 93' lang='lat' dir='ltr'><strong>ab</strong></span> <span class='ocrx_word' id='word_1_212' title='bbox 737 2222 897 2275; x_wconf 89' lang='lat' dir='ltr'><strong>injuria</strong></span> <span class='ocrx_word' id='word_1_213' title='bbox 928 2221 1109 2274; x_wconf 81' lang='lat' dir='ltr'><strong>frigoris,</strong></span> <span class='ocrx_word' id='word_1_214' title='bbox 1133 2226 1176 2260; x_wconf 92' lang='lat' dir='ltr'><strong>et</strong></span> <span class='ocrx_word' id='word_1_215' title='bbox 1205 2220 1260 2260; x_wconf 90' lang='lat' dir='ltr'><strong>ab</strong></span> <span class='ocrx_word' id='word_1_216' title='bbox 1294 2218 1499 2259; x_wconf 89' lang='lat' dir='ltr'><strong>indecoro</strong></span> <span class='ocrx_word' id='word_1_217' title='bbox 1532 2216 1767 2260; x_wconf 85' lang='lat' dir='ltr'><strong>defendi.’&#39;⁷</strong></span> 
     </span>
     <span class='ocr_line' id='line_1_29' title="bbox 296 2292 1768 2348; baseline -0.006 -8"><span class='ocrx_word' id='word_1_218' title='bbox 296 2299 421 2340; x_wconf 87' lang='lat' dir='ltr'><strong>Nota</strong></span> <span class='ocrx_word' id='word_1_219' title='bbox 457 2304 618 2348; x_wconf 86' lang='lat' dir='ltr'><strong>autem,</strong></span> <span class='ocrx_word' id='word_1_220' title='bbox 658 2297 705 2337; x_wconf 87' lang='lat' dir='ltr'><strong>B.</strong></span> <span class='ocrx_word' id='word_1_221' title='bbox 735 2296 875 2336; x_wconf 88' lang='lat' dir='ltr'><strong>Patris</strong></span> <span class='ocrx_word' id='word_1_222' title='bbox 919 2295 1150 2344; x_wconf 87' lang='lat' dir='ltr'><strong>sententia,</strong></span> <span class='ocrx_word' id='word_1_223' title='bbox 1193 2293 1338 2333; x_wconf 92' lang='lat' dir='ltr'><strong>decori</strong></span> <span class='ocrx_word' id='word_1_224' title='bbox 1379 2292 1631 2333; x_wconf 87' lang='lat' dir='ltr'><strong>habendam</strong></span> <span class='ocrx_word' id='word_1_225' title='bbox 1673 2305 1768 2333; x_wconf 90' lang='lat' dir='ltr'><strong>esse</strong></span> 
     </span>
     <span class='ocr_line' id='line_1_30' title="bbox 299 2365 1769 2423; baseline -0.005 -10"><span class='ocrx_word' id='word_1_226' title='bbox 299 2373 528 2420; x_wconf 88' lang='lat' dir='ltr'><strong>rationem,</strong></span> <span class='ocrx_word' id='word_1_227' title='bbox 565 2371 668 2423; x_wconf 89' lang='lat' dir='ltr'><strong>quia</strong></span> <span class='ocrx_word' id='word_1_228' title='bbox 709 2370 796 2410; x_wconf 91' lang='lat' dir='ltr'><strong>alia</strong></span> <span class='ocrx_word' id='word_1_229' title='bbox 839 2368 1083 2409; x_wconf 87' lang='lat' dir='ltr'><strong>Basilianos</strong></span> <span class='ocrx_word' id='word_1_230' title='bbox 1118 2373 1162 2407; x_wconf 90' lang='lat' dir='ltr'><strong>et</strong></span> <span class='ocrx_word' id='word_1_231' title='bbox 1197 2366 1475 2407; x_wconf 79' lang='lat' dir='ltr'><strong>excalceatos</strong></span> <span class='ocrx_word' id='word_1_232' title='bbox 1518 2365 1769 2414; x_wconf 90' lang='lat' dir='ltr'><strong>monachos,</strong></span> 
     </span>
     <span class='ocr_line' id='line_1_31' title="bbox 299 2440 1769 2496; baseline -0.005 -10"><span class='ocrx_word' id='word_1_233' title='bbox 299 2446 386 2486; x_wconf 91' lang='lat' dir='ltr'><strong>alia</strong></span> <span class='ocrx_word' id='word_1_234' title='bbox 430 2444 665 2487; x_wconf 84' lang='lat' dir='ltr'><strong>Societatis</strong></span> <span class='ocrx_word' id='word_1_235' title='bbox 707 2443 935 2496; x_wconf 82' lang='lat' dir='ltr'><strong>religiosos</strong></span> <span class='ocrx_word' id='word_1_236' title='bbox 970 2456 1020 2483; x_wconf 89' lang='lat' dir='ltr'><strong>ac</strong></span> <span class='ocrx_word' id='word_1_237' title='bbox 1061 2441 1371 2495; x_wconf 80' lang='lat' dir='ltr'><strong>praedicatores</strong></span> <span class='ocrx_word' id='word_1_238' title='bbox 1407 2440 1769 2480; x_wconf 89' lang='lat' dir='ltr'><strong>vestimentorum</strong></span> 
     </span>
     <span class='ocr_line' id='line_1_32' title="bbox 301 2513 1771 2573; baseline -0.005 -13"><span class='ocrx_word' id='word_1_239' title='bbox 301 2533 463 2573; x_wconf 79' lang='lat' dir='ltr'><strong>genera</strong></span> <span class='ocrx_word' id='word_1_240' title='bbox 500 2520 688 2568; x_wconf 86' lang='lat' dir='ltr'><strong>decent;</strong></span> <span class='ocrx_word' id='word_1_241' title='bbox 727 2523 781 2567; x_wconf 88' lang='lat' dir='ltr'><strong>et,</strong></span> <span class='ocrx_word' id='word_1_242' title='bbox 812 2523 860 2557; x_wconf 90' lang='lat' dir='ltr'><strong>ut</strong></span> <span class='ocrx_word' id='word_1_243' title='bbox 890 2530 1022 2570; x_wconf 87' lang='lat' dir='ltr'><strong>supra</strong></span> <span class='ocrx_word' id='word_1_244' title='bbox 1051 2515 1259 2565; x_wconf 77' lang='lat' dir='ltr'><strong>diximus,</strong></span> <span class='ocrx_word' id='word_1_245' title='bbox 1288 2515 1374 2555; x_wconf 89' lang='lat' dir='ltr'><strong>alia</strong></span> <span class='ocrx_word' id='word_1_246' title='bbox 1406 2514 1502 2555; x_wconf 89' lang='lat' dir='ltr'><strong>aliis</strong></span> <span class='ocrx_word' id='word_1_247' title='bbox 1531 2513 1771 2567; x_wconf 88' lang='lat' dir='ltr'><strong>disciplinis</strong></span> 
     </span>
     <span class='ocr_line' id='line_1_33' title="bbox 301 2588 1772 2646; baseline -0.004 -12"><span class='ocrx_word' id='word_1_248' title='bbox 301 2594 604 2646; x_wconf 89' lang='lat' dir='ltr'><strong>institutisque</strong></span> <span class='ocrx_word' id='word_1_249' title='bbox 637 2592 913 2632; x_wconf 88' lang='lat' dir='ltr'><strong>conveniunt.</strong></span> <span class='ocrx_word' id='word_1_250' title='bbox 978 2589 1226 2630; x_wconf 89' lang='lat' dir='ltr'><strong>Bernardus</strong></span> <span class='ocrx_word' id='word_1_251' title='bbox 1268 2602 1445 2641; x_wconf 88' lang='lat' dir='ltr'><strong>quoque</strong></span> <span class='ocrx_word' id='word_1_252' title='bbox 1482 2602 1584 2628; x_wconf 91' lang='lat' dir='ltr'><strong>suos</strong></span> <span class='ocrx_word' id='word_1_253' title='bbox 1618 2588 1772 2629; x_wconf 88' lang='lat' dir='ltr'><strong>fratres</strong></span> 
     </span>
     <span class='ocr_line' id='line_1_34' title="bbox 301 2661 1769 2720; baseline -0.005 -11"><span class='ocrx_word' id='word_1_254' title='bbox 301 2682 522 2717; x_wconf 86' lang='lat' dir='ltr'><strong>accusans,</strong></span> <span class='ocrx_word' id='word_1_255' title='bbox 562 2667 635 2720; x_wconf 90' lang='lat' dir='ltr'><strong>qui</strong></span> <span class='ocrx_word' id='word_1_256' title='bbox 679 2665 969 2706; x_wconf 91' lang='lat' dir='ltr'><strong>subtilitatem</strong></span> <span class='ocrx_word' id='word_1_257' title='bbox 1012 2665 1201 2705; x_wconf 86' lang='lat' dir='ltr'><strong>vestium</strong></span> <span class='ocrx_word' id='word_1_258' title='bbox 1244 2676 1439 2716; x_wconf 79' lang='lat' dir='ltr'><strong>quaerere</strong></span> <span class='ocrx_word' id='word_1_259' title='bbox 1478 2661 1769 2703; x_wconf 87' lang='lat' dir='ltr'><strong>videbantur:</strong></span> 
     </span>
    </p>
   </div>
   <div class='ocr_carea' id='block_1_3' title="bbox 386 2803 1679 2947">
    <p class='ocr_par' dir='ltr' id='par_1_4' title="bbox 386 2803 1679 2947">
     <span class='ocr_line' id='line_1_35' title="bbox 626 2803 1430 2847; baseline -0.004 -9"><span class='ocrx_word' id='word_1_260' title='bbox 626 2805 639 2823; x_wconf 77' lang='lat'>²</span> <span class='ocrx_word' id='word_1_261' title='bbox 664 2806 770 2847; x_wconf 82' lang='lat' dir='ltr'><strong>Epist.</strong></span> <span class='ocrx_word' id='word_1_262' title='bbox 790 2814 843 2845; x_wconf 90' lang='lat'><strong>42.</strong></span> <span class='ocrx_word' id='word_1_263' title='bbox 1006 2803 1019 2822; x_wconf 77' lang='lat'><strong>²</strong></span> <span class='ocrx_word' id='word_1_264' title='bbox 1044 2804 1096 2835; x_wconf 83' lang='lat' dir='ltr'><strong>Dc</strong></span> <span class='ocrx_word' id='word_1_265' title='bbox 1122 2805 1204 2835; x_wconf 85' lang='lat' dir='ltr'><strong>Inst.</strong></span> <span class='ocrx_word' id='word_1_266' title='bbox 1226 2803 1319 2835; x_wconf 92' lang='lat' dir='ltr'><strong>Mon.</strong></span> <span class='ocrx_word' id='word_1_267' title='bbox 1337 2813 1364 2835; x_wconf 88' lang='lat' dir='ltr'><strong>c.</strong></span> <span class='ocrx_word' id='word_1_268' title='bbox 1383 2811 1430 2835; x_wconf 90' lang='lat'><strong>12.</strong></span> 
     </span>
     <span class='ocr_line' id='line_1_36' title="bbox 386 2852 1679 2897; baseline -0.004 -8"><span class='ocrx_word' id='word_1_269' title='bbox 386 2856 400 2877; x_wconf 79' lang='lat'>³</span> <span class='ocrx_word' id='word_1_270' title='bbox 428 2866 454 2890; x_wconf 89' lang='lat'><strong>1.</strong></span> <span class='ocrx_word' id='word_1_271' title='bbox 473 2858 563 2890; x_wconf 78' lang='lat' dir='ltr'><strong>Dial.</strong></span> <span class='ocrx_word' id='word_1_272' title='bbox 581 2868 608 2889; x_wconf 92' lang='lat' dir='ltr'><strong>c.</strong></span> <span class='ocrx_word' id='word_1_273' title='bbox 625 2867 655 2897; x_wconf 86' lang='lat'><strong>4.</strong></span> <span class='ocrx_word' id='word_1_274' title='bbox 791 2856 806 2875; x_wconf 73' lang='lat'>4</span> <span class='ocrx_word' id='word_1_275' title='bbox 829 2857 882 2888; x_wconf 88' lang='lat' dir='ltr'><strong>De</strong></span> <span class='ocrx_word' id='word_1_276' title='bbox 899 2856 968 2888; x_wconf 86' lang='lat' dir='ltr'><strong>Vit.</strong></span> <span class='ocrx_word' id='word_1_277' title='bbox 987 2855 1081 2887; x_wconf 80' lang='lat' dir='ltr'><strong>Solit.</strong></span> <span class='ocrx_word' id='word_1_278' title='bbox 1101 2866 1128 2886; x_wconf 87' lang='lat' dir='ltr'><strong>c.</strong></span> <span class='ocrx_word' id='word_1_279' title='bbox 1146 2863 1197 2895; x_wconf 89' lang='lat'><strong>31.</strong></span> <span class='ocrx_word' id='word_1_280' title='bbox 1343 2853 1356 2872; x_wconf 84' lang='lat'>⁵</span> <span class='ocrx_word' id='word_1_281' title='bbox 1379 2854 1488 2885; x_wconf 82' lang='lat' dir='ltr'><strong>Instit.</strong></span> <span class='ocrx_word' id='word_1_282' title='bbox 1508 2852 1529 2884; x_wconf 94' lang='lat' dir='ltr'><strong>l.</strong></span> <span class='ocrx_word' id='word_1_283' title='bbox 1555 2862 1580 2884; x_wconf 88' lang='grc' dir='ltr'><strong>Ι.</strong></span> <span class='ocrx_word' id='word_1_284' title='bbox 1601 2862 1629 2884; x_wconf 85' lang='lat' dir='ltr'><strong>c.</strong></span> <span class='ocrx_word' id='word_1_285' title='bbox 1649 2859 1679 2892; x_wconf 88' lang='lat'><strong>3.</strong></span> 
     </span>
     <span class='ocr_line' id='line_1_37' title="bbox 569 2905 1503 2947; baseline -0.004 -6"><span class='ocrx_word' id='word_1_286' title='bbox 569 2907 582 2928; x_wconf 84' lang='lat'><strong><em>⁶</em></strong></span> <span class='ocrx_word' id='word_1_287' title='bbox 609 2917 635 2941; x_wconf 90' lang='lat'><strong>1.</strong></span> <span class='ocrx_word' id='word_1_288' title='bbox 653 2908 740 2940; x_wconf 89' lang='lat' dir='ltr'><strong>Tim.</strong></span> <span class='ocrx_word' id='word_1_289' title='bbox 762 2907 791 2939; x_wconf 93' lang='lat'><strong>6.</strong></span> <span class='ocrx_word' id='word_1_290' title='bbox 1027 2905 1040 2926; x_wconf 74' lang='lat'><strong><em>⁷</em></strong></span> <span class='ocrx_word' id='word_1_291' title='bbox 1065 2906 1137 2938; x_wconf 77' lang='lat' dir='ltr'><strong>Par.</strong></span> <span class='ocrx_word' id='word_1_292' title='bbox 1158 2914 1188 2947; x_wconf 90' lang='lat'><strong>3.</strong></span> <span class='ocrx_word' id='word_1_293' title='bbox 1210 2916 1236 2938; x_wconf 91' lang='lat' dir='ltr'><strong>c.</strong></span> <span class='ocrx_word' id='word_1_294' title='bbox 1257 2914 1288 2938; x_wconf 87' lang='lat'><strong>2.</strong></span> <span class='ocrx_word' id='word_1_295' title='bbox 1310 2907 1326 2944; x_wconf 67' lang='grc' dir='ltr'>ἓ</span> <span class='ocrx_word' id='word_1_296' title='bbox 1350 2914 1379 2946; x_wconf 88' lang='lat'><strong>3.</strong></span> <span class='ocrx_word' id='word_1_297' title='bbox 1395 2906 1443 2938; x_wconf 83' lang='lat' dir='ltr'><strong>lit.</strong></span> <span class='ocrx_word' id='word_1_298' title='bbox 1466 2905 1503 2937; x_wconf 89' lang='lat' dir='ltr'><strong>C.</strong></span> 
     </span>
    </p>
   </div>
  </div>
 </body>
</html>
