1903 3197
286 182 381 227 504
606 167 687 213 De
718 168 911 214 ratione
943 167 1136 214 vivendi
1174 167 1434 214 Socz'etatzlv.

280 304 461 352 propter
492 312 577 348 eos,
601 299 675 351 qui
707 298 914 351 perfectae
942 299 1097 352 pietati
1128 300 1320 349 student,
1344 299 1532 352 Deoque
1561 313 1607 340 se
1635 305 1753 341 totos

283 373 476 420 credunt,
501 385 635 424 quam
667 378 848 425 propter
877 371 1077 414 homines
1109 373 1350 423 saeculares,
1374 379 1418 414 et
1449 374 1523 426 qui
1556 373 1753 414 nondum

282 445 326 486 in
355 444 443 485 fide
479 445 660 498 perfecti
703 452 816 495 sunt,
849 460 875 486 a
913 446 1010 487 Deo
1040 461 1308 488 concessas:
1353 447 1530 487 tametsi
1561 460 1661 487 vere
1703 447 1754 487 iis

282 518 345 559 uti
377 518 478 559 licet
503 519 572 559 vel
603 533 704 559 cum
736 519 856 561 lucro
888 526 932 561 et
961 521 1128 570 merito,
1157 527 1204 560 ut
1236 534 1367 573 supra
1396 520 1747 572 significavimus.

284 591 374 634 Sed
410 592 495 632 huc
532 593 677 642 etiam,
712 594 878 647 opinor,
912 595 1108 648 respexit
1144 594 1422 643 Ambrosius,
1460 608 1561 634 cum
1603 595 1647 634 in
1686 594 1751 634 Ps.

288 667 366 706 118
409 667 469 706 ita
511 667 618 707 dicit
638 666 668 707 ;1
732 667 860 720 “Qui
904 682 950 709 se
992 668 1174 709 medicis
1217 669 1398 717 dederit,
1438 668 1631 721 seipsum
1673 668 1755 709 sibi

282 739 485 792 abnegat,
529 741 736 781 nimirum
779 743 881 794 quia
922 742 1177 791 contraria‚''
1226 743 1379 795 inquit,
1420 742 1616 782 “divinae
1654 755 1755 795 cog-

282 813 449 863 nitioni,
472 821 696 867 praecepta
727 820 829 854 sunt
861 815 1118 864 medicinae;
1151 829 1250 868 quae
1284 830 1309 856 a
1336 815 1504 868 jejunio
1537 821 1753 864 revocant,

282 887 510 928 lucubrare
552 901 639 927 non
690 887 849 936 sinunt,
893 888 949 927 ab
996 889 1116 928 omni
1167 890 1410 929 intentione
1453 889 1753 930 meditationis

281 960 543 1001 abducunt.”
608 960 711 1000 Non
746 961 865 1013 quod
901 974 1048 1001 revera
1084 961 1317 1014 prohibere
1352 963 1593 1003 medicinas
1630 963 1754 1003 intel·

281 1031 400 1084 ligat.
494 1033 692 1085 Ideoque
749 1033 827 1072 viri
892 1033 1113 1073 interdum
1168 1035 1319 1084 sancti,
1374 1048 1473 1074 cum
1526 1041 1754 1087 aegrotant,

282 1104 557 1146 adhibendos
601 1106 795 1147 medicos
834 1107 1015 1147 omnino
1062 1121 1149 1147 non
1200 1113 1390 1156 censent,
1438 1113 1487 1148 ut
1533 1108 1756 1148 Barnabas

281 1178 598 1229 Anachoreta‚2
622 1180 696 1232 qui
729 1179 943 1220 festucam
976 1181 1079 1233 pedi
1111 1181 1296 1221 infixam
1331 1195 1386 1221 ne
1411 1181 1548 1221 videri
1575 1181 1754 1234 quidem

284 1264 310 1293 a
331 1253 504 1293 medico
527 1267 682 1305 passus
705 1258 780 1293 est.
847 1253 899 1293 Id
922 1254 1041 1306 quod
1072 1254 1117 1294 B.
1138 1255 1271 1295 etiam
1296 1254 1520 1295 Bernardo
1544 1256 1753 1295 usitatum

283 1325 417 1366 fuisse
454 1341 511 1367 ex
547 1327 641 1379 ejus
674 1327 764 1367 vita
797 1333 946 1380 potest
980 1327 1215 1380 intelligi;3
1248 1342 1380 1381 quem
1414 1330 1476 1369 ait
1511 1328 1756 1370 Gulielmus

283 1399 443 1440 Abbas
495 1400 759 1441 imbecillem
812 1406 855 1441 et
906 1400 1175 1454 languidum,
1218 1402 1331 1442 circa
1380 1402 1571 1455 seipsum
1621 1402 1754 1442 fuisse

286 1474 597 1527 negligentem,
640 1488 797 1527 corpus
840 1488 967 1514 suum
1019 1476 1149 1515 variis
1201 1475 1530 1516 infirmitatibus
1581 1488 1660 1528 per
1711 1489 1756 1515 se

286 1552 579 1598 attenuatum,
612 1548 790 1601 jejuniis
825 1549 1002 1601 insuper
1035 1555 1078 1589 et
1110 1549 1270 1602 vigiliis
1306 1551 1399 1590 sine
1436 1549 1757 1590 intermissione

285 1622 525 1660 atterendo.
592 1621 656 1661 Ut
689 1621 847 1661 mirum
882 1623 1045 1662 nemini
1080 1623 1215 1663 videri
1250 1623 1422 1672 debeat,
1444 1623 1479 1662 si
1514 1623 1666 1663 fratres
1702 1622 1757 1662 de

287 1692 330 1734 S.
348 1693 591 1734 Anastasio
624 1695 873 1747 corporales
894 1701 1014 1735 vetet
1045 1709 1240 1748 quaerere
1272 1697 1524 1745 medicinas,
1547 1701 1595 1735 ut
1625 1709 1757 1748 supra

286 1766 492 1807 diximus.

374 1841 537 1881 Beatus
580 1855 757 1894 quoque
800 1841 1010 1882 Basilius4
1047 1843 1205 1896 quaerit
1240 1856 1296 1883 an
1338 1856 1396 1883 ex
1431 1857 1544 1883 verae
1581 1843 1757 1896 pietatis

284 1916 513 1968 proposito
555 1916 612 1956 sit
655 1917 717 1956 uti
756 1916 1003 1968 medicina;
1038 1922 1081 1957 et
1113 1917 1174 1957 ita
1210 1916 1390 1957 demum
1428 1917 1678 1970 respondet,
1711 1922 1759 1957 ut

286 1989 557 2042 intelligatur
594 1989 746 2030 datam
784 1990 963 2042 quidem
1005 2004 1031 2030 a
1069 1991 1168 2030 Deo
1204 2004 1298 2030 esse
1334 1990 1584 2031 hominibus
1622 1991 1757 2031 medi-

285 2063 443 2111 cinam,
469 2069 516 2102 ut
540 2064 698 2103 dicitur
728 2064 843 2104 Eccl.
871 2065 935 2114 38,
959 2064 1035 2104 sed
1068 2070 1217 2104 tamen
1248 2065 1435 2117 propriae
1458 2063 1611 2104 salutis
1634 2077 1757 2117 spem

286 2136 330 2176 in
363 2150 520 2176 manus
552 2151 716 2190 ponere
749 2138 1020 2178 medicorum
1054 2138 1293 2178 absurdum
1328 2151 1423 2178 esse
1456 2143 1500 2177 et
1531 2151 1557 2177 a
1590 2137 1758 2178 ratione

288 2209 492 2250 alienum.

376 2283 435 2322 Et
479 2283 521 2324 S.
552 2283 832 2324 Diadochus⁵
864 2285 970 2324 dicit
1012 2284 1139 2325 licere
1180 2285 1242 2334 iis,
1275 2285 1349 2336 qui
1386 2284 1429 2323 in
1466 2284 1678 2324 coenobiis
1715 2291 1759 2324 et

286 2356 537 2396 civitatibus
576 2357 860 2397 continentiae
902 2358 1178 2410 propositum
1221 2357 1442 2406 excolunt,
1481 2371 1581 2397 cum
1618 2370 1758 2410 aegro·

287 2435 395 2478 tant,
427 2430 622 2470 medicos
655 2430 884 2481 advocare,
913 2431 1047 2471 modo
1079 2431 1123 2471 in
1155 2431 1205 2471 iis
1239 2444 1364 2484 spem
1398 2432 1639 2471 sanationis
1671 2444 1759 2471 non

288 2503 516 2546 collocent.
582 2504 768 2544 Duabus
790 2511 938 2545 autem
966 2505 1022 2544 de
1050 2506 1192 2545 causis
1224 2505 1418 2545 medicos
1450 2504 1500 2544 iis
1531 2505 1758 2546 concedit:

288 2577 437 2626 altera,
472 2579 576 2631 quia
611 2592 697 2618 non
733 2585 880 2631 potest
914 2578 1017 2629 fieri,
1042 2585 1090 2619 ut
1119 2592 1293 2632 semper
1326 2578 1533 2619 fiduciam
1566 2578 1760 2619 habeant

287 2652 555 2706 impetrandi
579 2653 880 2692 custodiendis
903 2653 989 2693 Dei
1012 2654 1234 2694 mandatis
1261 2653 1354 2705 jam
1376 2659 1548 2706 partam
1569 2666 1577 2692 :
1609 2652 1757 2701 altera,

287 2737 343 2766 ne
376 2726 420 2765 in
450 2726 740 2778 cupiditatem
774 2726 915 2766 inanis
944 2726 1094 2779 gloriae
1121 2733 1166 2768 et
1198 2727 1241 2767 in
1273 2727 1563 2767 tentationem
1595 2725 1759 2767 diaboli

330 2836 343 2857 ²
361 2839 399 2871 C.
416 2840 578 2871 contraria
594 2840 636 2872 de
654 2840 790 2872 consess.
808 2841 840 2871 d.
855 2848 886 2880 9.
950 2838 964 2858 ²
981 2841 1023 2871 In
1041 2842 1128 2873 Prat.
1144 2841 1231 2883 Spir.
1248 2852 1274 2873 c.
1297 2850 1345 2873 10.
1409 2840 1423 2860 ³
1440 2841 1481 2871 In
1496 2840 1552 2871 vit.
1569 2839 1590 2872 l.
1606 2839 1626 2872 i.
1640 2849 1666 2872 c.
1682 2838 1712 2871 8.

700 2891 714 2910 4
741 2892 783 2923 In
798 2897 897 2924 ascet.
918 2902 950 2933 p.
972 2900 1024 2932 99.
1171 2892 1185 2911 ⁵
1209 2893 1246 2925 C.
1268 2901 1320 2933 93.
