1903 3197
610 151 691 196 De
721 151 1042 198 Poem'tenlz'z's.
1471 166 1488 196 1
1505 166 1521 197 1
1539 167 1555 197 1

96 286 271 326 studere
297 283 469 332 debent,
493 296 625 336 quam
656 288 704 322 ut
735 283 778 321 in
810 288 1047 334 conspectu
1074 283 1254 322 Domini
1287 282 1476 323 mundos
1509 296 1556 323 se

91 373 313 413 purosque
354 362 620 405 conservent,
665 356 875 408 quoniam
927 362 1076 395 autem
1119 357 1389 408 quotidianae
1434 370 1553 410 saepe

94 447 227 474 noxae
268 433 427 473 animae
470 432 656 471 nitorem
700 431 947 478 obscurant,
990 429 1151 468 crebrae
1195 443 1370 482 quoque
1412 432 1560 484 poenia

91 509 253 556 tentiae,
288 507 446 560 quibus
479 513 692 558 tanquam
727 517 875 556 aerugo
914 504 1148 551 deteratur,
1183 504 1400 543 obeundae
1439 511 1558 545 sunt.

93 583 202 623 Ideo
229 582 506 635 Augustinus
539 580 581 618 in
607 578 748 631 Apoc.
813 578 919 616 “Re
950 570 1086 624 ve⁶i‘a,''
1119 578 1271 629 inquit,
1301 578 1411 629 “qui
1443 578 1557 618 bene

92 656 339 696 considerat
372 669 428 703 se,
463 653 662 706 agnoscit
695 652 825 704 quod,
860 664 947 690 non
982 651 1125 690 dicam
1165 650 1275 699 laici,
1309 650 1383 690 sed
1418 651 1551 690 etiam

93 730 342 770 sacerdotes
364 742 451 768 una
480 727 549 767 die
582 740 676 766 esse
705 740 792 766 non
823 726 987 765 debent
1016 725 1108 764 sine
1141 724 1414 777 poenitentia,
1440 725 1556 776 quia,

95 803 472 855 quemadmodum
514 801 658 840 nullus
693 801 785 840 dies
820 806 886 839 est
920 800 963 838 in
996 813 1084 851 quo
1127 799 1259 838 homo
1295 799 1434 850 possit
1467 811 1562 837 esse

93 878 185 918 sine
222 883 415 930 peccato,
451 876 510 915 sic
547 874 666 915 nullo
701 875 772 914 die
808 874 940 914 debet
973 887 1067 913 6556
1109 873 1202 911 sine
1245 872 1558 912 satisfactionis

96 950 326 992 remedio.''

178 1026 314 1078 Quod
344 1031 437 1065 erat
465 1024 660 1064 solemne
692 1024 733 1062 P.
766 1029 916 1062 nostro
950 1021 1132 1073 Borgiae,
1159 1026 1206 1060 ut
1236 1020 1405 1059 nullum
1439 1020 1555 1060 diem

95 1101 403 1140 intermitteret
464 1099 556 1138 sine
616 1097 888 1150 poenitentia.
983 1095 1041 1134 Et
1099 1095 1145 1134 B.
1200 1093 1467 1147 Gregorius1
1516 1095 1559 1134 in

94 1174 283 1226 primam
328 1172 557 1225 Regulam.
634 1170 788 1222 “Quia
830 1171 923 1209 sine
955 1168 1174 1222 peccato,''
1209 1168 1362 1220 inquit,
1394 1168 1561 1208 “electi

95 1248 172 1288 viri
216 1261 308 1287 esse
357 1260 445 1286 non
488 1250 685 1298 possunt,
732 1244 838 1295 quid
882 1248 1017 1282 restat
1060 1243 1139 1281 nisi
1190 1249 1237 1282 ut
1284 1256 1309 1281 a
1355 1242 1561 1294 peccatis,

95 1322 253 1373 quibus
305 1334 378 1360 eos
430 1319 625 1359 humana
687 1316 902 1369 fragilitas
960 1316 1182 1355 maculare
1244 1329 1330 1355 non
1387 1316 1561 1363 desinit,

94 1408 305 1435 evacuare
354 1393 551 1446 quotidie
603 1390 849 1431 conentur?
928 1390 1044 1429 Nam
1098 1389 1171 1440 qui
1222 1388 1420 1440 quotidie
1475 1402 1563 1429 non

96 1468 300 1509 exhaurit
356 1467 474 1519 quod
528 1465 754 1517 delinquit,
806 1469 849 1503 et
898 1463 931 1503 si
985 1463 1167 1502 minima
1225 1468 1328 1502 sunt
1381 1467 1565 1515 peccata

96 1557 195 1596 quae
227 1541 432 1594 congerit,
468 1539 681 1593 paulatim
719 1538 867 1578 anima
909 1536 1112 1589 repletur,
1149 1541 1282 1588 atque
1326 1537 1362 1575 ei
1408 1536 1566 1576 merito

91 1617 295 1660 auferunt
331 1614 519 1654 fructum
558 1614 737 1653 internae
772 1609 1037 1651 „suavitatis”
1102 1610 1254 1651 Sancti
1292 1609 1425 1662 igitur
1465 1609 1558 1657 viri,

97 1690 200 1742 quia
234 1689 411 1729 candori
450 1688 514 1727 sui
557 1686 747 1740 pectoris
790 1684 981 1730 student,
1019 1689 1062 1723 et
1104 1683 1147 1722 in
1191 1688 1429 1735 conspectu
1476 1683 1561 1723 Dei

98 1777 307 1816 apparere
350 1775 483 1814 quam
537 1759 757 1813 purissimi
800 1758 965 1804 volunt,
1009 1757 1169 1797 idcirco
1212 1770 1375 1809 magno
1417 1756 1567 1796 studio

99 1836 383 1890 poenitentias
406 1839 723 1874 consectantur.
766 1832 830 1872 Ut
854 1833 898 1871 B.
921 1831 1160 1872 Catharina
1185 1830 1441 1877 Genuensis,
1465 1843 1564 1882 quae

98 1909 343 1950 labeculam
397 1909 440 1948 in
482 1922 528 1947 se
578 1920 664 1947 non
717 1907 871 1954 ferens,
917 1905 1109 1958 negabat
1151 1918 1196 1944 se
1248 1904 1436 1956 gratiam
1488 1910 1566 1944 aut

101 1983 432 2036 Indulgentiam
476 1987 640 2034 optare,
680 1981 757 2020 sed
800 1980 1026 2027 ultionem,
1067 1984 1110 2017 ct
1147 1978 1423 2031 punitionem
1466 1991 1568 2030 pec-

99 2059 219 2107 cati3
273 2061 505 2109 propterea
554 2060 597 2094 et
643 2053 948 2106 Indulgentias
1001 2051 1264 2092 Pontificum
1308 2064 1564 2104 quanquam

101 2145 275 2173 summo
317 2130 609 2170 venerabatur
656 2128 833 2176 honore,
876 2127 1134 2179 plerumque
1175 2131 1326 2166 tamen
1369 2126 1424 2165 ad
1468 2139 1567 2166 eva-

102 2207 271 2247 dendas
324 2205 502 2244 meritas
545 2216 700 2255 poenas
749 2214 837 2241 non
879 2200 1132 2249 adhibebat,
1186 2199 1298 2239 adeo
1346 2198 1564 2250 justitiam

102 2279 342 2321 adamabat
364 2277 503 2330 culpis
530 2276 733 2316 omnibus
756 2274 1061 2315 adversariam.

190 2352 420 2394 Secundus
453 2349 746 2403 suscipiendae
773 2348 1048 2401 poenitentiae
1071 2347 1170 2387 finis
1192 2361 1268 2387 seu
1292 2360 1406 2396 usus,
1430 2346 1564 2387 etiam

102 2426 362 2468 commodus
404 2431 447 2465 et
486 2423 801 2465 Constitutioni
844 2428 1177 2470 consentaneus,
1221 2426 1287 2461 est
1321 2427 1369 2461 ut
1409 2421 1568 2470 vincat,

103 2501 257 2553 inquit,
281 2513 326 2539 se
348 2500 493 2551 ipsum
515 2497 661 2546 homo,
685 2502 729 2536 et
751 2498 927 2536 sen'sum
960 2495 1128 2548 spiritui
1162 2495 1303 2548 magis
1335 2495 1567 2548 magisque

103 2574 317 2626 subjiciat.
368 2573 432 2613 Ut
455 2572 572 2611 enim
597 2585 744 2611 servos
768 2577 1050 2611 contumaces
1073 2575 1116 2609 et
1138 2568 1376 2609 insolentes
1398 2569 1566 2608 domini

104 2649 313 2702 plectunt,
348 2652 391 2686 et
423 2645 647 2698 suppliciis
680 2643 1059 2684 animadversione
1091 2643 1171 2683 sibi
1204 2641 1467 2694 subjiciunt;
1506 2641 1568 2680 ita

104 2728 147 2763 et
182 2721 358 2775 spiritus
401 2733 559 2773 corpus
601 2732 741 2769 suum,
779 2724 827 2758 ut
869 2718 951 2758 sibi
994 2717 1198 2769 subjiciat
1233 2723 1276 2756 et
1318 2715 1567 2766 obsequens

104 2796 271 2845 reddat,
295 2801 509 2847 tanquam
542 2807 715 2834 servum
749 2793 935 2845 castiget
963 2797 1148 2845 oportet.
1212 2789 1345 2842 Quod
1378 2788 1567 2829 faciebat

736 2881 747 2901 ¹
775 2883 858 2923 Cap.
881 2890 910 2914 2.
