1903 3197
237 172 332 229 284
557 172 636 218 De
670 173 860 219 ratione
893 173 1085 220 vivendi
1119 175 1379 221 Socz‘etatz's.

236 303 399 344 Divina
441 310 507 344 est
549 305 827 358 imploranda
868 307 1022 359 gratia,
1062 313 1228 359 quanto
1271 307 1413 359 magis
1445 308 1501 347 ad
1534 318 1704 360 expug-

237 378 408 417 nandos
444 377 593 418 hostes
631 379 776 427 animi,
816 393 916 432 quae
950 386 1052 420 sunt
1087 380 1204 429 vitia,
1246 394 1485 432 eorumque
1518 380 1702 420 ministri

235 461 287 490 ac
324 451 546 500 satellites,
585 452 840 503 daemones;
873 466 972 505 quae
1004 454 1195 506 quidem,
1231 467 1319 493 non
1351 454 1623 506 corporalem
1661 459 1705 493 et

234 524 526 576 temporalem
580 531 781 574 mortem,
835 527 913 566 sed
965 526 1236 579 spiritualem
1290 532 1334 566 et
1389 527 1703 579 sempiternam

236 595 458 637 inferunt?
541 597 660 638 Hinc
702 598 752 638 fit
783 604 832 639 ut
863 599 940 639 viri
983 600 1135 648 sancti,
1174 613 1274 640 cum
1307 600 1415 640 vitia
1451 600 1702 648 devicerint,

234 670 440 711 victorias
481 685 582 711 suas
627 672 800 712 Divinae
843 673 996 725 gratiae
1036 686 1123 713 non
1166 674 1254 713 suis
1295 673 1458 713 viribus
1501 679 1704 726 acceptas

236 744 446 794 referant;
470 752 517 785 ut
543 746 748 786 observat
772 745 1034 799 Gregorius:
1067 747 1176 787 “De
1209 747 1313 800 ipsis
1342 747 1438 799 jure
1470 747 1628 786 dicitur
1659 747 1702 786 in

236 817 513 871 Apocalypsi
564 819 759 870 Joannis,
813 819 1149 860 ‘Adoraverunt
1199 821 1421 860 viventem
1469 821 1511 859 in
1558 819 1705 860 secula

236 891 495 940 seculorum,
519 892 743 931 mittentes
776 905 960 932 coronas
992 906 1092 933 suas
1122 899 1225 933 ante
1257 893 1464 933 thronum
1498 891 1704 932 Domini.’

239 964 437 1006 Coronas
472 978 663 1016 namque
697 979 798 1005 suas
832 972 935 1006 ante
969 966 1176 1006 thronum
1217 966 1399 1006 Domini
1433 967 1607 1006 mittere
1639 973 1705 1007 est

237 1038 527 1078 certaminum
549 1051 727 1078 suorum
750 1038 954 1079 victorias
977 1052 1064 1079 non
1087 1039 1169 1079 sibi
1193 1039 1393 1088 tribuere,
1412 1040 1489 1079 sed
1511 1040 1678 1080 auctori
1698 1053 1707 1089 3

238 1117 288 1151 ut
318 1111 374 1151 ad
407 1110 528 1150 illum
559 1111 748 1152 referant
780 1111 965 1163 gloriam
999 1112 1153 1162 laudis,
1176 1126 1203 1152 a
1231 1126 1319 1164 quo
1351 1126 1397 1152 se
1429 1113 1573 1152 sciunt
1593 1114 1707 1153 vires

238 1185 460 1237 accepisse
495 1184 804 1225 certarninis.'’l
886 1186 983 1225 “Et
1020 1199 1138 1239 saepe
1181 1186 1340 1234 mens,'’
1379 1187 1530 1240 inquit,
1572 1189 1706 1239 “quae

238 1257 421 1299 adversa
455 1258 596 1298 multa
630 1265 673 1298 et
710 1257 839 1299 fortia
875 1264 1065 1311 superat,
1100 1272 1234 1299 unum
1270 1260 1314 1299 in
1350 1273 1408 1308 se,
1447 1266 1491 1300 et
1522 1260 1707 1300 fortasse

240 1332 484 1380 minimum,
509 1332 711 1384 quamvis
734 1345 896 1384 magna
925 1332 1170 1372 intentione
1193 1333 1400 1386 invigilet,
1425 1347 1514 1373 non
1538 1346 1708 1386 expug-

237 1412 324 1446 nat.
383 1406 516 1459 Quod
551 1405 713 1445 Divina
755 1406 961 1446 nimirum
995 1406 1325 1458 dispensatione
1366 1407 1521 1459 agitur,
1555 1421 1609 1447 ne
1647 1421 1705 1446 ex

240 1479 360 1519 omni
403 1484 527 1531 parte
563 1478 798 1518 virtutibus
831 1478 1079 1532 splendens,
1111 1480 1155 1519 in
1198 1480 1389 1520 elatione
1430 1480 1709 1530 sublevetur;

242 1557 290 1592 ut
322 1553 428 1592 dum
462 1552 505 1591 in
537 1566 582 1592 se
614 1566 798 1605 parvum
831 1552 937 1604 quid
967 1552 1307 1605 reprehensibile
1328 1554 1459 1602 videt,
1484 1559 1527 1593 et
1558 1560 1709 1593 tamen

241 1625 326 1667 hoc
377 1626 578 1679 subigere
625 1639 712 1665 non
753 1626 881 1675 valet,
934 1639 1213 1679 nequaquam
1266 1627 1362 1676 sibi,
1415 1627 1491 1667 sed
1544 1626 1711 1667 auctori

241 1700 469 1741 victoriam
513 1700 687 1748 tribuat,
741 1699 783 1738 in
829 1699 897 1738 his
938 1713 1038 1751 quae
1080 1700 1281 1752 subigere
1323 1700 1492 1740 fortiter
1526 1699 1714 1741 valet.”‘2

246 1775 385 1814 Recte
415 1774 547 1825 igitur
579 1773 622 1814 P.
644 1773 843 1825 Ignatius
870 1773 1068 1821 instituit,
1094 1774 1136 1813 in
1165 1773 1247 1813 hac
1277 1774 1342 1813 sui
1373 1775 1507 1827 ipsius
1531 1775 1710 1815 discuti--

245 1848 346 1888 endi
399 1846 597 1895 formula,
646 1853 693 1886 ut
744 1847 800 1886 ad
853 1846 1161 1899 expulsionem
1213 1853 1494 1900 peccatorum
1548 1849 1710 1888 Divina

243 1922 387 1975 gratia
419 1927 632 1973 tanquam
669 1921 940 1973 praecipuum
982 1921 1271 1974 princepsque
1307 1923 1560 1975 praesidium
1594 1922 1710 1963 effla-

239 1995 412 2049 gitetur.

335 2070 604 2122 Respondeo
647 2069 853 2118 secundo,
887 2069 1059 2108 Patrem
1099 2074 1297 2109 nostrum
1338 2070 1422 2109 hoc
1463 2069 1558 2110 loco
1599 2084 1711 2124 prae-

248 2145 427 2197 cipuum
469 2149 619 2183 tamen
659 2143 834 2182 Divinae
875 2143 1028 2195 gratiae
1069 2142 1323 2195 praesidium
1360 2143 1417 2182 ad
1455 2143 1623 2183 facilem
1669 2150 1713 2185 et

246 2218 505 2270 expeditam
540 2217 745 2256 vitiorum
780 2216 1007 2256 victoriam
1050 2216 1261 2264 attulisse,
1294 2218 1398 2268 quia
1438 2217 1587 2270 aliqua
1628 2218 1715 2259 alia

247 2291 455 2332 attulerat
487 2304 630 2343 supra,
663 2303 763 2330 cum
795 2290 851 2330 de
887 2290 1137 2342 particulari
1179 2291 1443 2343 propriaque
1485 2292 1715 2345 singularis

247 2365 340 2405 vitii
374 2365 656 2417 inquisitione
687 2364 956 2417 praeciperet,
994 2365 1113 2417 quod
1145 2364 1229 2405 huc
1261 2366 1395 2405 etiam
1427 2365 1484 2405 ab
1517 2379 1715 2418 unoquo-

246 2453 332 2492 que
353 2438 575 2479 transferri
605 2444 764 2491 posset.
829 2438 946 2478 Nam
975 2437 1059 2478 hoc
1090 2439 1232 2491 ipsum
1256 2439 1374 2491 quod
1399 2445 1464 2479 est
1495 2439 1715 2492 singulare

246 2513 402 2553 vitium
436 2512 618 2564 insequi,
649 2512 755 2551 dum
788 2511 918 2564 plane
950 2511 1206 2560 debelletur,
1240 2512 1475 2564 plurimum
1508 2512 1626 2553 valet
1657 2513 1713 2553 ad

248 2585 557 2638 expulsionem
611 2585 1044 2637 extirpationemque
1084 2585 1299 2625 vitiorum.
1377 2585 1491 2638 Quae
1533 2586 1713 2638 quidem

246 2660 452 2700 vincendi
486 2659 593 2699 vitia
636 2659 746 2698 ratio
788 2658 1072 2698 vehementer
1115 2659 1326 2699 Cassiano
1368 2661 1587 2712 probatur,
1630 2659 1713 2700 hoc

247 2738 342 2773 est:
387 2733 490 2774 “Ut
543 2733 842 2784 unusquisque
883 2732 1050 2781 vitium,
1093 2746 1180 2784 quo
1223 2733 1420 2773 maxime
1472 2733 1712 2783 infestatur,

247 2807 497 2860 explorans,
531 2807 738 2848 adversus
780 2805 886 2845 illud
929 2805 1109 2858 arripiat
1145 2807 1386 2860 principale
1426 2805 1711 2856 certamen;'’

519 2896 532 2916 1
558 2898 676 2930 Moral.
697 2898 717 2929 l.
739 2905 790 2930 22.
811 2907 838 2929 c.
864 2904 911 2928 10.
1100 2892 1115 2912 ²
1141 2896 1226 2929 Ibid.
1247 2897 1268 2929 l.
1287 2906 1320 2937 4.
1340 2907 1367 2929 c.
1389 2904 1439 2938 23.
