1903 3197
545 124 612 169 In
648 121 866 185 ngulas
901 123 1166 171 Modestz‘ae.
1503 140 1592 187 591

124 256 440 297 excultioribus
481 269 532 297 ac
574 254 944 308 splendidioribus
986 257 1194 307 moribus,
1237 257 1312 310 qui
1355 272 1428 298 eos
1471 260 1597 300 nobis

123 328 367 378 conciliant,
391 336 524 383 atque
546 329 805 381 adjungunt.
872 329 919 370 Si
942 330 1047 383 quid
1071 337 1220 371 autem
1245 332 1288 371 in
1312 332 1378 372 his
1400 334 1595 374 moribus

122 405 233 444 forte
272 410 337 444 est
375 403 494 456 quod
532 403 677 443 minus
716 416 816 442 cum
855 403 1065 456 religione
1102 406 1359 455 consentiat,
1393 407 1436 446 id
1470 407 1597 448 facile

125 484 190 517 est
233 478 425 527 evitare;
460 477 537 517 sed
569 490 710 529 pauca
744 476 941 516 omnino·
962 483 1064 517 sunt
1101 478 1144 517 in
1181 478 1359 531 politica
1392 480 1596 533 civilique

126 551 356 605 elegantia,
391 565 489 604 quae
522 550 700 590 demas:
734 550 794 590 ita
825 564 851 590 a
884 550 1052 590 ratione
1085 557 1267 591 manant
1299 553 1456 594 omnia.
1507 553 1597 594 Sed

124 625 158 664 si
182 639 280 678 quae
303 631 405 665 sunt
428 638 526 677 quae
550 637 649 663 cum
673 623 975 676 religiosorum
1009 637 1130 664 more
1163 625 1306 664 minus
1338 634 1596 679 congruant,

124 712 185 748 ea,
209 705 257 739 ut
279 699 385 747 dixi,
407 698 526 738 nullo
549 699 728 750 negotio
751 698 968 750 amputari
993 704 1178 751 possunt
1197 711 1205 747 ;
1230 705 1273 739 et
1295 713 1393 751 quae
1416 700 1596 752 politica

122 779 235 822 sunt,
260 786 321 821 ea,
356 773 389 811 si
426 772 592 825 pietate
626 785 677 811 ac
712 771 921 824 religione
955 771 1227 820 condiantur,
1261 773 1467 813 desinunt
1502 787 1596 814 esse

120 844 313 897 politica,
338 845 456 885 velut
480 845 634 885 induta
658 845 882 898 religionis
904 851 1072 886 ornatu.

214 920 447 961 Secundo:
490 919 617 972 politi
656 933 799 959 mores
838 919 998 959 idcirco
1036 919 1164 959 nobis
1201 920 1438 960 adamandi
1482 929 1595 970 sunt,

121 994 224 1045 quia
260 993 567 1033 educationem
603 993 819 1045 optimam
855 999 1055 1046 arguunt,
1090 992 1294 1032 educatio
1320 1007 1422 1033 vero
1456 1009 1595 1047 genus

122 1071 165 1106 et
195 1066 473 1106 nobilitatem
493 1080 500 1114 ;
534 1080 622 1119 qua
645 1066 749 1106 item
773 1066 1011 1119 plurimum
1033 1072 1345 1118 permoventur
1366 1066 1566 1108 homines
1586 1083 1593 1109 :

125 1141 368 1192 praesertim
392 1154 490 1180 cum
515 1141 675 1180 adsunt
699 1146 868 1188 caetera,
891 1153 989 1192 quae,
1014 1140 1265 1192 religiosum
1289 1154 1345 1180 ex
1372 1140 1594 1182 Societate

125 1213 453 1254 commendant.

210 1287 378 1340 Quinta
420 1289 541 1327 ratio.
617 1287 725 1327 Ideo
757 1287 988 1327 traduntur
1019 1287 1256 1340 separatim
1290 1287 1344 1326 de
1378 1289 1595 1329 modestia

125 1367 346 1414 praecepta
379 1375 429 1401 ac
462 1359 650 1413 regulae;
684 1361 796 1412 quia,
829 1361 930 1400 licet
963 1360 1140 1400 interior
1168 1360 1301 1400 animi
1332 1363 1594 1413 compositio

123 1435 400 1483 exteriorem,
418 1441 465 1474 ut
488 1434 593 1483 dixi,
613 1434 837 1473 hominem
862 1433 1065 1473 informet
1084 1448 1091 1473 z
1125 1439 1275 1473 tamen
1297 1434 1353 1473 ab
1376 1436 1595 1476 exteriore

124 1509 256 1549 etiam
300 1508 620 1561 compositione
662 1507 897 1560 adjuvatur
938 1507 1125 1554 interior,
1165 1508 1253 1547 imo
1291 1508 1347 1548 ab
1390 1522 1441 1548 ea
1478 1523 1596 1562 ssepe

123 1582 354 1623 inchoatur
391 1589 434 1622 et
470 1582 615 1622 oritur.
680 1581 807 1633 Quia,
846 1596 902 1621 ex
942 1581 1081 1621 Beato
1124 1580 1280 1621 Thom.
1316 1596 1355 1635 p.
1391 1593 1426 1630 2,
1470 1589 1595 1623 actus

126 1658 319 1696 exterior
342 1656 590 1696 interiorem
615 1655 785 1708 perficit
807 1661 939 1708 atque
962 1660 1105 1707 auget,
1131 1661 1174 1694 et
1201 1667 1234 1695 2.
1260 1666 1292 1694 2.
1319 1669 1357 1708 q.
1383 1656 1470 1696 161.
1496 1671 1531 1698 a.
1556 1658 1591 1698 6.

125 1731 179 1770 ad
215 1741 250 1779 2,
284 1730 389 1769 dicit
421 1730 510 1769 duo
541 1743 620 1769 nos
650 1729 706 1768 ad
737 1728 1032 1768 humilitatem
1065 1729 1292 1777 deducere,
1327 1730 1517 1782 primum
1551 1738 1595 1771 et

126 1804 344 1856 praecipue
366 1803 518 1856 gratiae
538 1803 715 1851 donum,
735 1816 822 1854 quo
846 1802 1050 1841 interiora
1068 1803 1286 1842 exteriora
1309 1804 1563 1855 praecedunt
1585 1819 1593 1844 :

125 1878 378 1926 secundum,
416 1876 658 1916 humanum
703 1876 909 1923 studium,
954 1889 1041 1928 quo
1078 1876 1197 1928 prius
1240 1877 1336 1928 quis
1374 1878 1595 1918 exteriora

123 1951 309 1999 cohibet,
334 1957 426 1990 tum
461 1950 516 1989 ad
550 1951 752 1989 interiora
785 1949 1005 2001 pertingit.
1050 1949 1159 1988 Dixi
1192 1956 1367 1989 autem:
1402 1950 1508 1990 “Ab
1542 1966 1593 1992 ea

125 2038 242 2077 &epe
265 2025 401 2063 oritur
418 2037 426 2072 ;
443 2023 461 2037 '¹
482 2024 583 2075 quia
602 2037 658 2062 ex
683 2034 712 2062 1.
736 2022 928 2062 Corinth.
956 2030 1014 2072 15.
1035 2022 1153 2074 prius
1171 2029 1236 2062 est
1254 2023 1371 2075 quod
1390 2025 1591 2073 animale,

125 2098 284 2138 deinde
307 2098 425 2150 quod
449 2096 682 2150 spirituale.
739 2096 796 2135 Et
819 2096 930 2135 sicut
954 2096 1076 2135 Deus
1099 2110 1254 2149 corpus
1278 2096 1428 2137 Adam
1452 2099 1594 2150 primo

125 2173 340 2219 formavit,
364 2178 518 2224 postea
541 2169 805 2223 spiraculum
829 2170 930 2209 vitae
959 2170 1001 2208 in
1024 2169 1178 2209 faciem
1213 2170 1305 2222 ejus
1338 2171 1592 2224 inspiravit;

126 2247 318 2298 itemque
356 2246 397 2285 in
436 2245 535 2285 alvo
577 2249 776 2284 materno
814 2244 932 2296 prius
970 2257 1127 2296 corpus
1166 2244 1343 2296 fingitur
1376 2259 1426 2285 ac
1463 2260 1593 2299 coag-

126 2325 356 2368 mentatur,
386 2319 544 2359 deinde
579 2318 751 2358 animus
786 2318 828 2356 in
871 2316 977 2357 illud
1021 2316 1287 2358 infunditur:
1332 2320 1393 2358 sic
1428 2320 1500 2371 qui
1537 2321 1592 2360 ad

125 2394 372 2446 religiosam
410 2393 546 2433 vitam
585 2406 736 2432 recens
772 2392 967 2439 accessit,
993 2391 1030 2430 ei
1070 2392 1190 2444 prius
1224 2392 1491 2432 studendum
1527 2400 1593 2433 est

125 2467 444 2519 compositioni,
468 2473 511 2506 et
533 2465 775 2518 disciplinae
799 2464 991 2517 corporis
1015 2470 1223 2513 externfe,
1244 2479 1376 2517 quam
1400 2466 1591 2506 interiori

125 2540 282 2580 animae
326 2539 599 2598 institutio-ni.
664 2540 723 2579 Et
759 2538 854 2578 haec
890 2538 972 2578 fuit
1016 2538 1280 2579 Sanctorum
1320 2539 1510 2588 Pati-um,
1549 2545 1593 2579 et

127 2616 200 2667 qui
244 2620 424 2655 czeteros
466 2613 758 2654 instituendos
800 2618 1095 2664 susceperunt,
1139 2613 1411 2652 consuetudo
1461 2618 1593 2665 atque

128 2689 356 2729 sententia.
421 2686 637 2735 Secundo,
661 2686 763 2738 quia
790 2686 1006 2726 modestia
1029 2700 1079 2725 ac
1107 2685 1367 2738 compositio
1392 2692 1591 2726 motuum

127 2763 393 2802 exteriorum
431 2767 563 2813 atque
601 2772 806 2799 sensuum
839 2758 1077 2812 plurimum
1109 2758 1226 2798 valet
1258 2759 1313 2798 ad
1346 2759 1590 2799 custodiam

127 2836 367 2885 mentium;
401 2834 648 2887 frequenter
678 2834 793 2873 enim
818 2846 874 2872 ex
902 2845 1108 2873 sensuum
1143 2821 1430 2872 dissolutione
1464 2833 1592 2873 malae
