1903 3197
371 174 450 220 De
483 173 745 220 uecessitale
778 173 1015 219 moderati
1049 173 1237 219 laboris.
1435 184 1533 232 427

73 308 252 348 omnino
297 308 476 356 cessare,
509 306 584 346 sed
627 318 804 344 necesse
842 311 908 344 est
946 318 1119 357 semper
1155 310 1259 357 agat
1292 304 1457 357 aliquid
1492 310 1536 345 et

74 380 287 429 moliatur,
336 380 438 432 quia
471 379 513 418 in
549 392 599 418 eo
628 377 793 417 scilicet
829 377 919 416 vita
955 377 1145 417 hominis
1180 378 1263 417 sita
1301 383 1377 426 est,
1410 382 1454 417 et
1488 383 1537 417 ut

73 454 232 507 Tyrius
274 454 500 493 Maximus
541 455 613 499 ait,
651 450 756 490 nihil
799 464 928 503 agere
970 451 1025 489 ad
1068 456 1290 490 mortuum
1333 451 1532 503 pertinet.

75 527 184 567 Ideo
204 526 403 566 videmus
429 538 585 578 pueros
607 524 739 564 etiam
764 529 870 572 tum,
890 537 989 563 cum
1013 529 1196 570 cessant,
1222 524 1537 563 exercitatione

74 599 220 652 aliqua
251 599 416 639 ludicra
447 597 665 645 delectari,
688 602 736 636 ut
764 597 824 636 ait
855 596 1033 645 Cicer0;
1067 601 1110 635 et
1142 596 1319 648 opifices
1346 597 1463 648 ipsos
1496 596 1539 635 in

74 673 163 712 suis
214 673 431 719 interdum
479 670 661 723 opificiis
708 670 973 709 ludibundos
1027 669 1368 721 quodammodo,
1404 675 1447 709 et
1494 669 1537 708 in

76 745 295 785 laboribus
332 745 424 784 sine
463 744 611 784 labore
642 744 811 783 versari.
879 743 1002 784 Sicut
1034 744 1089 782 de
1126 743 1389 795 quibusdam
1427 743 1538 794 agri-

75 819 179 859 colis
215 819 322 858 dicit
352 818 657 870 Augustinus:
692 817 874 856 “Tanta
906 830 980 856 eos
1012 830 1111 856 cum
1143 816 1370 868 voluptate
1403 816 1537 855 animi

76 892 324 945 agricolare,
349 898 395 932 ut
425 892 486 931 eis
512 892 566 931 sit
600 892 736 931 instar
764 904 909 943 poena}
943 891 1044 929 inde
1074 890 1129 929 ad
1161 889 1280 929 aliud
1311 887 1538 930 evocari.'’1

77 966 201 1005 Facit
238 965 321 1005 hoc
355 965 588 1004 delectatio
623 978 756 1016 quam
799 964 922 1004 labor
963 963 1096 1003 habet
1137 963 1327 1003 hominis
1370 968 1538 1003 naturae

78 1040 273 1079 maxime
295 1044 623 1079 consentaneus.
687 1038 756 1077 Ac
778 1044 1011 1090 propterea
1035 1039 1156 1077 Deus
1185 1038 1375 1090 primum
1398 1037 1539 1077 homi-

79 1126 190 1160 nem,
241 1118 479 1164 antequam
524 1118 735 1164 peccaret,
763 1112 909 1163 posuit
960 1112 1003 1150 in
1047 1110 1251 1163 paradiso
1299 1110 1539 1163 voluptatis

79 1192 126 1225 ut
163 1191 415 1238 operaretur
455 1183 614 1232 illum,2
660 1185 779 1237 quod
835 1198 944 1237 opus
1001 1183 1118 1224 haud
1172 1185 1304 1224 dubie
1350 1184 1541 1224 delecta-

79 1259 210 1299 tionis
252 1265 343 1298 erat
386 1272 472 1297 non
509 1257 679 1305 laboris,
711 1257 997 1309 jucunditatis
1041 1271 1127 1297 non
1166 1257 1390 1297 molestiae.
1449 1257 1538 1298 Sed

80 1332 152 1383 qui
184 1331 307 1371 labor
352 1337 454 1371 ante
495 1337 724 1383 peccatum
764 1331 956 1382 jucunde
1003 1337 1046 1370 et
1093 1332 1216 1383 quasi
1264 1345 1340 1383 per
1386 1330 1538 1370 ludum

79 1405 408 1457 suscipiebatur,
450 1410 677 1456 susceptus
729 1411 794 1444 est
836 1411 990 1457 postea
1031 1418 1130 1444 cum
1180 1405 1355 1444 tristitia
1407 1410 1541 1456 atque

81 1479 249 1528 sudore,
279 1485 326 1518 ut
358 1484 471 1518 esset
504 1492 635 1530 poena
667 1479 834 1530 peccati
868 1479 941 1530 qui
975 1485 1066 1517 erat
1103 1478 1221 1517 lusus
1253 1484 1355 1517 ante
1387 1491 1540 1530 pecca-

80 1558 185 1592 tum.
241 1552 359 1592 Usus
381 1558 530 1591 autem
552 1566 602 1591 ac
624 1552 896 1591 consuetudo
919 1551 1078 1591 laboris
1106 1557 1307 1591 naturam
1335 1551 1543 1598 ostendit,

82 1627 155 1678 qui
188 1626 222 1665 si
255 1626 507 1665 moderatus
539 1626 594 1664 sit
625 1625 928 1665 delectationis
960 1639 1017 1665 ex
1050 1638 1095 1664 se
1127 1624 1363 1677 plurimum
1396 1624 1541 1672 habet,

81 1713 167 1751 qua
198 1699 376 1738 mirifice
404 1699 611 1738 valetudo
638 1698 824 1750 juvatur.

171 1773 354 1825 Propter
389 1773 583 1812 animum
622 1779 769 1812 autem
806 1773 862 1812 ab
899 1773 1101 1811 omnibus
1139 1772 1440 1824 suscipiendus
1477 1778 1543 1811 est

83 1847 206 1887 labor
228 1847 384 1898 aliquis
401 1847 601 1898 corporis,
617 1847 753 1885 tribus
775 1846 1052 1898 potissimum
1072 1859 1128 1885 ex
1151 1846 1301 1885 causis.
1346 1845 1540 1884 Primum

82 1926 262 1973 propter
301 1919 606 1967 humilitatem,
639 1933 748 1971 opus
778 1921 892 1959 enim
924 1933 1132 1959 manuum
1163 1919 1219 1958 ad
1248 1918 1541 1958 humilitatem

82 1994 198 2033 valet
239 1993 502 2046 plurimum3
546 2006 768 2032 servorum
811 1994 974 2045 quippe
1016 1999 1058 2032 et
1094 1992 1324 2031 humilium
1356 1992 1540 2039 videtur,

84 2081 171 2107 non
194 2066 405 2106 nobilium
428 2072 560 2118 atque
590 2066 877 2118 ingenuorum
908 2067 1109 2106 manibus
1139 2066 1343 2106 laborare.
1409 2064 1541 2117 Quod

87 2142 129 2180 ni
173 2147 287 2181 esset
324 2141 395 2189 ita,
438 2154 525 2179 non
563 2140 623 2179 ita
659 2153 737 2179 nos
770 2147 967 2180 moneret
1002 2141 1363 2180 Ecclesiasticus:
1404 2139 1544 2179 “Noli

87 2214 299 2254 extollere
321 2220 364 2254 te
387 2214 428 2253 in
453 2214 653 2253 faciendo
675 2227 805 2266 opere
828 2212 964 2253 tuo.'⁷3
1013 2213 1166 2253 Monet
1184 2214 1298 2253 enim
1319 2212 1542 2261 Salomon,

85 2302 140 2328 ne
186 2289 479 2328 detrectemus
530 2287 725 2327 laborem
776 2294 988 2340 tanquam
1041 2288 1270 2340 indignum
1322 2286 1544 2326 natalibus

86 2363 254 2411 nostris,
277 2375 498 2402 servorum
532 2362 706 2414 quippe,
729 2375 816 2401 non
849 2362 1059 2401 nobilium
1081 2362 1261 2401 videtur.
1326 2361 1385 2400 Et
1414 2374 1544 2413 prop-

83 2443 201 2476 terea
233 2437 287 2476 de
319 2436 482 2488 populo
518 2436 710 2475 Hebraeo
742 2436 823 2475 sub
855 2449 1039 2488 persona
1068 2435 1245 2488 Joseph,
1270 2449 1295 2474 a
1323 2434 1548 2474 laboribus

84 2509 451 2549 conficiendorum
495 2510 680 2549 laterum
722 2510 916 2559 liberato,
954 2510 1059 2549 dicit
1102 2509 1274 2549 David:
1321 2508 1545 2548 “Amovit

84 2597 158 2623 seu
211 2583 385 2623 divertit
430 2584 485 2622 ab
527 2584 729 2623 oneribus
770 2584 949 2623 dorsum
1001 2583 1104 2635 ejus,
1149 2597 1303 2622 manus
1355 2583 1447 2634 ejus
1500 2583 1542 2621 in

83 2657 271 2710 cophino
303 2656 601 2696 servierunt.'’4
661 2657 749 2697 Ubi
782 2657 1084 2716 Augustinus:
1122 2657 1239 2696 “Per
1270 2655 1542 2708 cophinum,''

84 2732 236 2784 inquit,
273 2730 612 2783 “significantur
658 2745 789 2783 opera
840 2731 1039 2781 servilia,
1085 2731 1295 2770 mundare
1339 2735 1540 2776 stercora,

83 2811 243 2846 terram
280 2810 454 2857 portare
488 2803 676 2857 cophino
713 2805 883 2845 servilia
920 2811 1020 2845 sunt
1057 2818 1198 2856 opera.
1264 2803 1316 2842 In
1353 2802 1544 2855 cophino

143 2893 154 2912 ¹
173 2895 226 2925 De
242 2895 325 2926 Gen.
346 2894 402 2925 lib.
423 2893 452 2924 8.
473 2894 515 2924 ad
538 2893 585 2924 lit.
607 2904 634 2924 c.
655 2893 684 2924 8.
756 2893 768 2911 2
793 2894 875 2925 Gen.
893 2903 922 2925 2.
994 2893 1006 2911 3
1024 2893 1112 2924 Eccl.
1134 2901 1180 2923 10.
1251 2891 1265 2910 4
1289 2892 1399 2923 Psalm
1416 2891 1467 2923 80.
