<?xml version="1.0" encoding="UTF-8"?>
<!DOCTYPE html PUBLIC "-//W3C//DTD XHTML 1.0 Transitional//EN"
    "http://www.w3.org/TR/xhtml1/DTD/xhtml1-transitional.dtd">
<html xmlns="http://www.w3.org/1999/xhtml" xml:lang="en" lang="en">
 <head>
  <title>
</title>
<meta http-equiv="Content-Type" content="text/html;charset=utf-8" />
  <meta name='ocr-system' content='tesseract 3.04.00' />
  <meta name='ocr-capabilities' content='ocr_page ocr_carea ocr_par ocr_line ocrx_word'/>
</head>
<body>
  <div class='ocr_page' id='page_1' title='image "./nicolaiorlandini00orla/nicolaiorlandini00orla_0704.png"; bbox 0 0 1903 3197; ppageno 0'>
   <div class='ocr_carea' id='block_1_1' title="bbox 249 137 1398 196">
    <p class='ocr_par' dir='ltr' id='par_1_1' title="bbox 249 137 1398 196">
     <span class='ocr_line' id='line_1_1' title="bbox 249 137 1398 196; baseline 0.004 -14"><span class='ocrx_word' id='word_1_1' title='bbox 249 139 347 196; x_wconf 82' lang='lat'><strong>684</strong></span> <span class='ocrx_word' id='word_1_2' title='bbox 576 137 656 183; x_wconf 84' lang='lat' dir='ltr'><strong>De</strong></span> <span class='ocrx_word' id='word_1_3' title='bbox 688 137 878 184; x_wconf 72' lang='lat' dir='ltr'><strong>ratione</strong></span> <span class='ocrx_word' id='word_1_4' title='bbox 910 138 1104 185; x_wconf 72' lang='lat' dir='ltr'><strong>vivendi</strong></span> <span class='ocrx_word' id='word_1_5' title='bbox 1137 138 1398 188; x_wconf 77' lang='lat' dir='ltr'><strong>Socz&#39;etatz&#39;s.</strong></span> 
     </span>
    </p>
   </div>
   <div class='ocr_carea' id='block_1_2' title="bbox 249 270 1720 626">
    <p class='ocr_par' dir='ltr' id='par_1_2' title="bbox 249 270 1720 626">
     <span class='ocr_line' id='line_1_2' title="bbox 251 270 1719 328; baseline 0.004 -17"><span class='ocrx_word' id='word_1_6' title='bbox 251 270 453 311; x_wconf 87' lang='lat' dir='ltr'><strong>auditum</strong></span> <span class='ocrx_word' id='word_1_7' title='bbox 488 271 549 311; x_wconf 90' lang='lat' dir='ltr'><strong>ita</strong></span> <span class='ocrx_word' id='word_1_8' title='bbox 580 284 627 310; x_wconf 91' lang='lat' dir='ltr'><strong>se</strong></span> <span class='ocrx_word' id='word_1_9' title='bbox 660 271 795 312; x_wconf 88' lang='lat' dir='ltr'><strong>habet</strong></span> <span class='ocrx_word' id='word_1_10' title='bbox 828 275 873 315; x_wconf 91' lang='lat' dir='ltr'><strong>in</strong></span> <span class='ocrx_word' id='word_1_11' title='bbox 908 272 1040 313; x_wconf 89' lang='lat' dir='ltr'><strong>corde</strong></span> <span class='ocrx_word' id='word_1_12' title='bbox 1076 273 1210 322; x_wconf 86' lang='lat' dir='ltr'><strong>stulti,</strong></span> <span class='ocrx_word' id='word_1_13' title='bbox 1240 274 1352 314; x_wconf 90' lang='lat' dir='ltr'><strong>sicut</strong></span> <span class='ocrx_word' id='word_1_14' title='bbox 1383 275 1547 328; x_wconf 85' lang='lat' dir='ltr'><strong>sagitta</strong></span> <span class='ocrx_word' id='word_1_15' title='bbox 1579 275 1719 317; x_wconf 86' lang='lat' dir='ltr'><strong>infixa</strong></span> 
     </span>
     <span class='ocr_line' id='line_1_3' title="bbox 249 344 1719 400; baseline 0.005 -16"><span class='ocrx_word' id='word_1_16' title='bbox 249 344 293 384; x_wconf 92' lang='lat' dir='ltr'><strong>in</strong></span> <span class='ocrx_word' id='word_1_17' title='bbox 323 344 489 385; x_wconf 83' lang='lat' dir='ltr'><strong>femore</strong></span> <span class='ocrx_word' id='word_1_18' title='bbox 515 346 717 398; x_wconf 91' lang='lat' dir='ltr'><strong>corporis.</strong></span> <span class='ocrx_word' id='word_1_19' title='bbox 784 347 849 388; x_wconf 86' lang='lat' dir='ltr'><strong>Ut</strong></span> <span class='ocrx_word' id='word_1_20' title='bbox 871 347 987 387; x_wconf 87' lang='lat' dir='ltr'><strong>enim</strong></span> <span class='ocrx_word' id='word_1_21' title='bbox 1019 346 1115 387; x_wconf 82' lang='lat' dir='ltr'><strong>haec</strong></span> <span class='ocrx_word' id='word_1_22' title='bbox 1145 348 1337 400; x_wconf 88' lang='lat' dir='ltr'><strong>graviter</strong></span> <span class='ocrx_word' id='word_1_23' title='bbox 1367 348 1591 391; x_wconf 91' lang='lat' dir='ltr'><strong>hominem</strong></span> <span class='ocrx_word' id='word_1_24' title='bbox 1623 364 1719 391; x_wconf 91' lang='lat' dir='ltr'><strong>cru-</strong></span> 
     </span>
     <span class='ocr_line' id='line_1_4' title="bbox 249 419 1720 477; baseline 0.005 -19"><span class='ocrx_word' id='word_1_25' title='bbox 249 419 348 468; x_wconf 88' lang='lat' dir='ltr'><strong>ciat,</strong></span> <span class='ocrx_word' id='word_1_26' title='bbox 386 419 527 459; x_wconf 88' lang='lat' dir='ltr'><strong>donec</strong></span> <span class='ocrx_word' id='word_1_27' title='bbox 570 420 839 470; x_wconf 80' lang='lat' dir='ltr'><strong>extrahatur,</strong></span> <span class='ocrx_word' id='word_1_28' title='bbox 877 422 940 462; x_wconf 86' lang='lat' dir='ltr'><strong>ita</strong></span> <span class='ocrx_word' id='word_1_29' title='bbox 981 428 1025 462; x_wconf 91' lang='lat' dir='ltr'><strong>et</strong></span> <span class='ocrx_word' id='word_1_30' title='bbox 1065 421 1173 461; x_wconf 90' lang='lat' dir='ltr'><strong>illud</strong></span> <span class='ocrx_word' id='word_1_31' title='bbox 1214 421 1385 462; x_wconf 90' lang='lat' dir='ltr'><strong>tamdiu</strong></span> <span class='ocrx_word' id='word_1_32' title='bbox 1428 429 1605 477; x_wconf 80' lang='lat' dir='ltr'>torquet</span> <span class='ocrx_word' id='word_1_33' title='bbox 1644 438 1720 465; x_wconf 89' lang='lat' dir='ltr'><strong>cor</strong></span> 
     </span>
     <span class='ocr_line' id='line_1_5' title="bbox 250 492 1718 552; baseline 0.005 -20"><span class='ocrx_word' id='word_1_34' title='bbox 250 492 385 543; x_wconf 88' lang='lat' dir='ltr'><strong>stulti,</strong></span> <span class='ocrx_word' id='word_1_35' title='bbox 417 494 629 546; x_wconf 80' lang='lat' dir='ltr'>quamdiu</span> <span class='ocrx_word' id='word_1_36' title='bbox 667 495 711 534; x_wconf 94' lang='lat' dir='ltr'><strong>id</strong></span> <span class='ocrx_word' id='word_1_37' title='bbox 752 496 797 536; x_wconf 92' lang='lat' dir='ltr'><strong>in</strong></span> <span class='ocrx_word' id='word_1_38' title='bbox 833 496 943 537; x_wconf 92' lang='lat' dir='ltr'><strong>alios</strong></span> <span class='ocrx_word' id='word_1_39' title='bbox 979 497 1119 549; x_wconf 84' lang='lat' dir='ltr'>possit</span> <span class='ocrx_word' id='word_1_40' title='bbox 1154 496 1386 538; x_wconf 83' lang='lat' dir='ltr'><strong>effundere.</strong></span> <span class='ocrx_word' id='word_1_41' title='bbox 1452 498 1638 552; x_wconf 81' lang='lat' dir='ltr'>Sapiens</span> <span class='ocrx_word' id='word_1_42' title='bbox 1673 500 1718 539; x_wconf 89' lang='lat' dir='ltr'><strong>in</strong></span> 
     </span>
     <span class='ocr_line' id='line_1_6' title="bbox 250 566 1719 626; baseline 0.005 -19"><span class='ocrx_word' id='word_1_43' title='bbox 250 566 336 608; x_wconf 91' lang='lat' dir='ltr'><strong>hoc</strong></span> <span class='ocrx_word' id='word_1_44' title='bbox 369 569 707 609; x_wconf 89' lang='lat' dir='ltr'><strong>commendatur</strong></span> <span class='ocrx_word' id='word_1_45' title='bbox 740 569 983 624; x_wconf 80' lang='lat' dir='ltr'>Augustini</span> <span class='ocrx_word' id='word_1_46' title='bbox 1018 576 1161 611; x_wconf 86' lang='lat' dir='ltr'><strong>mater</strong></span> <span class='ocrx_word' id='word_1_47' title='bbox 1188 585 1214 611; x_wconf 96' lang='lat' dir='ltr'><strong>a</strong></span> <span class='ocrx_word' id='word_1_48' title='bbox 1243 571 1343 621; x_wconf 89' lang='lat' dir='ltr'><strong>filio,</strong></span> <span class='ocrx_word' id='word_1_49' title='bbox 1374 572 1398 613; x_wconf 93' lang='grc'><strong>1.</strong></span> <span class='ocrx_word' id='word_1_50' title='bbox 1428 584 1465 626; x_wconf 87' lang='lat'><strong>9.</strong></span> <span class='ocrx_word' id='word_1_51' title='bbox 1489 574 1600 614; x_wconf 89' lang='lat' dir='ltr'><strong>conf.</strong></span> <span class='ocrx_word' id='word_1_52' title='bbox 1623 588 1657 614; x_wconf 92' lang='lat' dir='ltr'><strong>c.</strong></span> <span class='ocrx_word' id='word_1_53' title='bbox 1679 584 1719 626; x_wconf 86' lang='lat'><strong>9.</strong></span> 
     </span>
    </p>
   </div>
   <div class='ocr_carea' id='block_1_3' title="bbox 251 643 1718 772">
    <p class='ocr_par' dir='ltr' id='par_1_3' title="bbox 251 643 1718 772">
     <span class='ocr_line' id='line_1_7' title="bbox 251 643 1718 701; baseline 0.005 -19"><span class='ocrx_word' id='word_1_54' title='bbox 251 643 371 696; x_wconf 92' lang='lat' dir='ltr'><strong>quod</strong></span> <span class='ocrx_word' id='word_1_55' title='bbox 414 656 639 696; x_wconf 91' lang='lat' dir='ltr'><strong>nunquam</strong></span> <span class='ocrx_word' id='word_1_56' title='bbox 682 644 807 685; x_wconf 87' lang='lat' dir='ltr'><strong>alteri</strong></span> <span class='ocrx_word' id='word_1_57' title='bbox 848 645 904 685; x_wconf 89' lang='lat' dir='ltr'><strong>de</strong></span> <span class='ocrx_word' id='word_1_58' title='bbox 946 645 1083 685; x_wconf 88' lang='lat' dir='ltr'><strong>altera</strong></span> <span class='ocrx_word' id='word_1_59' title='bbox 1124 646 1339 698; x_wconf 78' lang='lat' dir='ltr'>proderet,</span> <span class='ocrx_word' id='word_1_60' title='bbox 1375 646 1457 687; x_wconf 91' lang='lat' dir='ltr'><strong>nisi</strong></span> <span class='ocrx_word' id='word_1_61' title='bbox 1499 648 1620 701; x_wconf 92' lang='lat' dir='ltr'><strong>quod</strong></span> <span class='ocrx_word' id='word_1_62' title='bbox 1662 648 1718 688; x_wconf 87' lang='lat' dir='ltr'><strong>ad</strong></span> 
     </span>
     <span class='ocr_line' id='line_1_8' title="bbox 252 717 1183 772; baseline 0.002 -15"><span class='ocrx_word' id='word_1_63' title='bbox 252 731 326 758; x_wconf 91' lang='lat' dir='ltr'><strong>eas</strong></span> <span class='ocrx_word' id='word_1_64' title='bbox 359 717 705 758; x_wconf 86' lang='lat' dir='ltr'><strong>reconciliandas</strong></span> <span class='ocrx_word' id='word_1_65' title='bbox 739 720 986 772; x_wconf 81' lang='lat' dir='ltr'><strong>pertineret.</strong></span> <span class='ocrx_word' id='word_1_66' title='bbox 1051 719 1183 772; x_wconf 84' lang='lat' dir='ltr'><strong>Lege.</strong></span> 
     </span>
    </p>
   </div>
   <div class='ocr_carea' id='block_1_4' title="bbox 249 792 1738 2938">
    <p class='ocr_par' dir='ltr' id='par_1_4' title="bbox 249 792 1735 2116">
     <span class='ocr_line' id='line_1_9' title="bbox 338 792 1719 850; baseline 0.004 -18"><span class='ocrx_word' id='word_1_67' title='bbox 338 792 492 845; x_wconf 83' lang='lat' dir='ltr'><strong>Atque</strong></span> <span class='ocrx_word' id='word_1_68' title='bbox 533 792 628 832; x_wconf 84' lang='lat' dir='ltr'><strong>haec</strong></span> <span class='ocrx_word' id='word_1_69' title='bbox 664 793 720 833; x_wconf 93' lang='lat' dir='ltr'><strong>de</strong></span> <span class='ocrx_word' id='word_1_70' title='bbox 760 793 843 834; x_wconf 92' lang='lat' dir='ltr'><strong>hoc</strong></span> <span class='ocrx_word' id='word_1_71' title='bbox 885 793 1155 845; x_wconf 89' lang='lat' dir='ltr'><strong>nequissimo</strong></span> <span class='ocrx_word' id='word_1_72' title='bbox 1188 794 1296 835; x_wconf 88' lang='lat' dir='ltr'><strong>vitio</strong></span> <span class='ocrx_word' id='word_1_73' title='bbox 1332 796 1439 836; x_wconf 87' lang='lat' dir='ltr'><strong>satis</strong></span> <span class='ocrx_word' id='word_1_74' title='bbox 1474 810 1719 850; x_wconf 86' lang='lat' dir='ltr'><strong>superque:</strong></span> 
     </span>
     <span class='ocr_line' id='line_1_10' title="bbox 250 867 1721 921; baseline 0.003 -14"><span class='ocrx_word' id='word_1_75' title='bbox 250 867 328 907; x_wconf 93' lang='lat' dir='ltr'><strong>sed</strong></span> <span class='ocrx_word' id='word_1_76' title='bbox 350 867 517 907; x_wconf 88' lang='lat' dir='ltr'><strong>vitandi</strong></span> <span class='ocrx_word' id='word_1_77' title='bbox 541 867 777 907; x_wconf 86' lang='lat' dir='ltr'><strong>necessitas</strong></span> <span class='ocrx_word' id='word_1_78' title='bbox 809 867 936 920; x_wconf 91' lang='lat' dir='ltr'><strong>plura</strong></span> <span class='ocrx_word' id='word_1_79' title='bbox 967 867 1104 907; x_wconf 84' lang='lat' dir='ltr'><strong>suasit</strong></span> <span class='ocrx_word' id='word_1_80' title='bbox 1132 867 1288 918; x_wconf 83' lang='lat' dir='ltr'><strong>dicere,</strong></span> <span class='ocrx_word' id='word_1_81' title='bbox 1311 882 1445 921; x_wconf 91' lang='lat' dir='ltr'><strong>quam</strong></span> <span class='ocrx_word' id='word_1_82' title='bbox 1473 870 1542 911; x_wconf 90' lang='lat' dir='ltr'><strong>vel</strong></span> <span class='ocrx_word' id='word_1_83' title='bbox 1570 876 1721 911; x_wconf 89' lang='lat' dir='ltr'><strong>nostra</strong></span> 
     </span>
     <span class='ocr_line' id='line_1_11' title="bbox 249 941 1722 996; baseline 0.003 -15"><span class='ocrx_word' id='word_1_84' title='bbox 249 941 419 981; x_wconf 87' lang='lat' dir='ltr'><strong>ferebat</strong></span> <span class='ocrx_word' id='word_1_85' title='bbox 458 941 673 990; x_wconf 84' lang='lat' dir='ltr'><strong>voluntas,</strong></span> <span class='ocrx_word' id='word_1_86' title='bbox 716 941 784 982; x_wconf 92' lang='lat' dir='ltr'><strong>vel</strong></span> <span class='ocrx_word' id='word_1_87' title='bbox 836 942 1024 982; x_wconf 88' lang='lat' dir='ltr'><strong>instituti</strong></span> <span class='ocrx_word' id='word_1_88' title='bbox 1068 942 1179 982; x_wconf 88' lang='lat' dir='ltr'><strong>ratio</strong></span> <span class='ocrx_word' id='word_1_89' title='bbox 1230 944 1495 996; x_wconf 89' lang='lat' dir='ltr'><strong>postulabat.</strong></span> <span class='ocrx_word' id='word_1_90' title='bbox 1579 945 1722 986; x_wconf 88' lang='lat' dir='ltr'><strong>Erunt</strong></span> 
     </span>
     <span class='ocr_line' id='line_1_12' title="bbox 253 1015 1722 1072; baseline 0.004 -17"><span class='ocrx_word' id='word_1_91' title='bbox 253 1015 386 1068; x_wconf 90' lang='lat' dir='ltr'><strong>igitur</strong></span> <span class='ocrx_word' id='word_1_92' title='bbox 416 1016 482 1069; x_wconf 89' lang='lat' dir='ltr'><strong>(ut</strong></span> <span class='ocrx_word' id='word_1_93' title='bbox 513 1017 629 1056; x_wconf 90' lang='lat' dir='ltr'><strong>unde</strong></span> <span class='ocrx_word' id='word_1_94' title='bbox 661 1016 786 1056; x_wconf 90' lang='lat' dir='ltr'><strong>initio</strong></span> <span class='ocrx_word' id='word_1_95' title='bbox 818 1029 962 1056; x_wconf 88' lang='lat' dir='ltr'><strong>sermo</strong></span> <span class='ocrx_word' id='word_1_96' title='bbox 994 1015 1174 1067; x_wconf 89' lang='lat' dir='ltr'><strong>abierat,</strong></span> <span class='ocrx_word' id='word_1_97' title='bbox 1196 1016 1298 1058; x_wconf 91' lang='lat' dir='ltr'><strong>illuc</strong></span> <span class='ocrx_word' id='word_1_98' title='bbox 1330 1018 1498 1072; x_wconf 85' lang='lat' dir='ltr'><strong>redeat)</strong></span> <span class='ocrx_word' id='word_1_99' title='bbox 1528 1019 1647 1060; x_wconf 91' lang='lat' dir='ltr'><strong>bona</strong></span> <span class='ocrx_word' id='word_1_100' title='bbox 1676 1025 1722 1060; x_wconf 87' lang='lat' dir='ltr'><strong>et</strong></span> 
     </span>
     <span class='ocr_line' id='line_1_13' title="bbox 254 1090 1722 1144; baseline 0.003 -14"><span class='ocrx_word' id='word_1_101' title='bbox 254 1090 492 1131; x_wconf 88' lang='lat' dir='ltr'><strong>commoda</strong></span> <span class='ocrx_word' id='word_1_102' title='bbox 529 1091 749 1144; x_wconf 86' lang='lat' dir='ltr'><strong>loquentis</strong></span> <span class='ocrx_word' id='word_1_103' title='bbox 782 1092 945 1132; x_wconf 88' lang='lat' dir='ltr'><strong>verba:</strong></span> <span class='ocrx_word' id='word_1_104' title='bbox 993 1097 1045 1131; x_wconf 87' lang='lat'><strong>10.</strong></span> <span class='ocrx_word' id='word_1_105' title='bbox 1082 1091 1129 1132; x_wconf 82' lang='lat' dir='ltr'><strong>Si</strong></span> <span class='ocrx_word' id='word_1_106' title='bbox 1165 1094 1310 1132; x_wconf 91' lang='lat' dir='ltr'><strong>omnis</strong></span> <span class='ocrx_word' id='word_1_107' title='bbox 1346 1094 1461 1135; x_wconf 89' lang='lat' dir='ltr'><strong>absit</strong></span> <span class='ocrx_word' id='word_1_108' title='bbox 1494 1094 1722 1144; x_wconf 80' lang='lat' dir='ltr'><strong>detractio,</strong></span> 
     </span>
     <span class='ocr_line' id='line_1_14' title="bbox 254 1166 1724 1219; baseline 0.003 -12"><span class='ocrx_word' id='word_1_109' title='bbox 254 1166 399 1207; x_wconf 89' lang='lat' dir='ltr'><strong>omnis</strong></span> <span class='ocrx_word' id='word_1_110' title='bbox 442 1166 704 1215; x_wconf 77' lang='lat' dir='ltr'><strong>maledictio,</strong></span> <span class='ocrx_word' id='word_1_111' title='bbox 741 1167 884 1206; x_wconf 91' lang='lat' dir='ltr'><strong>omnis</strong></span> <span class='ocrx_word' id='word_1_112' title='bbox 926 1166 1118 1219; x_wconf 90' lang='lat' dir='ltr'><strong>denique</strong></span> <span class='ocrx_word' id='word_1_113' title='bbox 1159 1169 1408 1209; x_wconf 78' lang='lat' dir='ltr'><strong>susurratio.</strong></span> <span class='ocrx_word' id='word_1_114' title='bbox 1492 1176 1549 1212; x_wconf 86' lang='lat'><strong>20.</strong></span> <span class='ocrx_word' id='word_1_115' title='bbox 1598 1170 1724 1211; x_wconf 90' lang='lat' dir='ltr'><strong>Bona</strong></span> 
     </span>
     <span class='ocr_line' id='line_1_15' title="bbox 255 1241 1723 1294; baseline 0.003 -13"><span class='ocrx_word' id='word_1_116' title='bbox 255 1241 389 1282; x_wconf 89' lang='lat' dir='ltr'><strong>etiam</strong></span> <span class='ocrx_word' id='word_1_117' title='bbox 427 1247 564 1290; x_wconf 89' lang='lat' dir='ltr'><strong>erunt,</strong></span> <span class='ocrx_word' id='word_1_118' title='bbox 594 1241 629 1281; x_wconf 92' lang='lat' dir='ltr'><strong>si</strong></span> <span class='ocrx_word' id='word_1_119' title='bbox 666 1255 754 1281; x_wconf 91' lang='lat' dir='ltr'><strong>non</strong></span> <span class='ocrx_word' id='word_1_120' title='bbox 793 1242 940 1282; x_wconf 89' lang='lat' dir='ltr'><strong>inania</strong></span> <span class='ocrx_word' id='word_1_121' title='bbox 976 1242 1207 1294; x_wconf 88' lang='lat' dir='ltr'><strong>otiosaque</strong></span> <span class='ocrx_word' id='word_1_122' title='bbox 1244 1243 1342 1293; x_wconf 87' lang='lat' dir='ltr'><strong>sint,</strong></span> <span class='ocrx_word' id='word_1_123' title='bbox 1371 1244 1448 1284; x_wconf 93' lang='lat' dir='ltr'><strong>sed</strong></span> <span class='ocrx_word' id='word_1_124' title='bbox 1486 1244 1723 1285; x_wconf 80' lang='lat' dir='ltr'><strong>utilitatem</strong></span> 
     </span>
     <span class='ocr_line' id='line_1_16' title="bbox 255 1315 1726 1372; baseline 0.003 -17"><span class='ocrx_word' id='word_1_125' title='bbox 255 1315 450 1369; x_wconf 79' lang='lat' dir='ltr'><strong>aliquam</strong></span> <span class='ocrx_word' id='word_1_126' title='bbox 480 1316 737 1368; x_wconf 88' lang='lat' dir='ltr'><strong>adjunctam</strong></span> <span class='ocrx_word' id='word_1_127' title='bbox 759 1315 965 1365; x_wconf 88' lang='lat' dir='ltr'><strong>habeant,</strong></span> <span class='ocrx_word' id='word_1_128' title='bbox 990 1322 1037 1357; x_wconf 93' lang='lat' dir='ltr'><strong>ut</strong></span> <span class='ocrx_word' id='word_1_129' title='bbox 1058 1317 1230 1369; x_wconf 89' lang='lat' dir='ltr'><strong>prosint</strong></span> <span class='ocrx_word' id='word_1_130' title='bbox 1253 1318 1543 1359; x_wconf 89' lang='lat' dir='ltr'><strong>audientibus.</strong></span> <span class='ocrx_word' id='word_1_131' title='bbox 1607 1319 1726 1372; x_wconf 74' lang='lat' dir='ltr'><strong>Quia</strong></span> 
     </span>
     <span class='ocr_line' id='line_1_17' title="bbox 257 1390 1724 1448; baseline 0.002 -17"><span class='ocrx_word' id='word_1_132' title='bbox 257 1404 315 1431; x_wconf 80' lang='lat' dir='ltr'><strong>ex</strong></span> <span class='ocrx_word' id='word_1_133' title='bbox 341 1390 592 1444; x_wconf 86' lang='lat' dir='ltr'><strong>Apostolo:</strong></span> <span class='ocrx_word' id='word_1_134' title='bbox 626 1391 673 1432; x_wconf 85' lang='lat' dir='ltr'><strong>Si</strong></span> <span class='ocrx_word' id='word_1_135' title='bbox 696 1392 793 1444; x_wconf 88' lang='lat' dir='ltr'><strong>quis</strong></span> <span class='ocrx_word' id='word_1_136' title='bbox 825 1397 891 1431; x_wconf 91' lang='lat' dir='ltr'><strong>est</strong></span> <span class='ocrx_word' id='word_1_137' title='bbox 922 1405 1066 1431; x_wconf 89' lang='lat' dir='ltr'><strong>sermo</strong></span> <span class='ocrx_word' id='word_1_138' title='bbox 1097 1392 1153 1431; x_wconf 88' lang='lat' dir='ltr'><strong>ad</strong></span> <span class='ocrx_word' id='word_1_139' title='bbox 1183 1392 1533 1443; x_wconf 61' lang='lat' dir='ltr'><strong>aedificationem,</strong></span> <span class='ocrx_word' id='word_1_140' title='bbox 1557 1395 1594 1434; x_wconf 91' lang='lat' dir='ltr'><strong>is</strong></span> <span class='ocrx_word' id='word_1_141' title='bbox 1624 1407 1724 1448; x_wconf 93' lang='lat' dir='ltr'><strong>pro-</strong></span> 
     </span>
     <span class='ocr_line' id='line_1_18' title="bbox 256 1464 1725 1520; baseline 0.002 -15"><span class='ocrx_word' id='word_1_142' title='bbox 256 1464 462 1505; x_wconf 84' lang='lat' dir='ltr'><strong>ferendus</strong></span> <span class='ocrx_word' id='word_1_143' title='bbox 500 1472 575 1506; x_wconf 89' lang='lat' dir='ltr'><strong>est.</strong></span> <span class='ocrx_word' id='word_1_144' title='bbox 641 1465 839 1514; x_wconf 89' lang='lat' dir='ltr'><strong>Basilius,</strong></span> <span class='ocrx_word' id='word_1_145' title='bbox 871 1467 914 1505; x_wconf 93' lang='lat' dir='ltr'><strong>in</strong></span> <span class='ocrx_word' id='word_1_146' title='bbox 946 1465 1109 1516; x_wconf 65' lang='lat' dir='ltr'><strong>Ascet„</strong></span> <span class='ocrx_word' id='word_1_147' title='bbox 1139 1480 1171 1507; x_wconf 91' lang='lat' dir='ltr'><strong>c.</strong></span> <span class='ocrx_word' id='word_1_148' title='bbox 1203 1477 1254 1507; x_wconf 87' lang='lat'><strong>2:</strong></span> <span class='ocrx_word' id='word_1_149' title='bbox 1288 1467 1372 1508; x_wconf 85' lang='lat' dir='ltr'><strong>“Si</strong></span> <span class='ocrx_word' id='word_1_150' title='bbox 1406 1468 1513 1520; x_wconf 90' lang='lat' dir='ltr'><strong>quid</strong></span> <span class='ocrx_word' id='word_1_151' title='bbox 1545 1468 1600 1508; x_wconf 85' lang='lat' dir='ltr'><strong>ad</strong></span> <span class='ocrx_word' id='word_1_152' title='bbox 1633 1469 1725 1508; x_wconf 90' lang='lat' dir='ltr'><strong>ani-</strong></span> 
     </span>
     <span class='ocr_line' id='line_1_19' title="bbox 260 1540 1724 1590; baseline 0.002 -10"><span class='ocrx_word' id='word_1_153' title='bbox 260 1553 433 1580; x_wconf 88' lang='lat' dir='ltr'><strong>marum</strong></span> <span class='ocrx_word' id='word_1_154' title='bbox 480 1540 819 1580; x_wconf 69' lang='lat' dir='ltr'><strong>aedificationem</strong></span> <span class='ocrx_word' id='word_1_155' title='bbox 866 1541 1151 1580; x_wconf 89' lang='lat' dir='ltr'><strong>commodum</strong></span> <span class='ocrx_word' id='word_1_156' title='bbox 1196 1547 1272 1590; x_wconf 86' lang='lat' dir='ltr'><strong>est,</strong></span> <span class='ocrx_word' id='word_1_157' title='bbox 1316 1542 1371 1582; x_wconf 93' lang='lat' dir='ltr'><strong>de</strong></span> <span class='ocrx_word' id='word_1_158' title='bbox 1421 1542 1505 1583; x_wconf 90' lang='lat' dir='ltr'><strong>hoc</strong></span> <span class='ocrx_word' id='word_1_159' title='bbox 1550 1548 1724 1583; x_wconf 91' lang='lat' dir='ltr'><strong>tantum</strong></span> 
     </span>
     <span class='ocr_line' id='line_1_20' title="bbox 259 1614 1728 1669; baseline 0.001 -14"><span class='ocrx_word' id='word_1_160' title='bbox 259 1628 405 1655; x_wconf 87' lang='lat' dir='ltr'><strong>sermo</strong></span> <span class='ocrx_word' id='word_1_161' title='bbox 443 1614 554 1655; x_wconf 88' lang='lat' dir='ltr'><strong>fiat.&#39;&#39;</strong></span> <span class='ocrx_word' id='word_1_162' title='bbox 632 1615 790 1667; x_wconf 86' lang='lat' dir='ltr'><strong>Neque</strong></span> <span class='ocrx_word' id='word_1_163' title='bbox 826 1621 977 1655; x_wconf 89' lang='lat' dir='ltr'><strong>tamen</strong></span> <span class='ocrx_word' id='word_1_164' title='bbox 1014 1628 1193 1655; x_wconf 88' lang='lat' dir='ltr'><strong>necesse</strong></span> <span class='ocrx_word' id='word_1_165' title='bbox 1230 1622 1296 1655; x_wconf 89' lang='lat' dir='ltr'><strong>est</strong></span> <span class='ocrx_word' id='word_1_166' title='bbox 1331 1630 1505 1669; x_wconf 88' lang='lat' dir='ltr'><strong>semper</strong></span> <span class='ocrx_word' id='word_1_167' title='bbox 1540 1630 1635 1657; x_wconf 89' lang='lat' dir='ltr'><strong>esse</strong></span> <span class='ocrx_word' id='word_1_168' title='bbox 1671 1617 1728 1657; x_wconf 86' lang='lat' dir='ltr'><strong>de</strong></span> 
     </span>
     <span class='ocr_line' id='line_1_21' title="bbox 261 1689 1728 1742; baseline 0.001 -13"><span class='ocrx_word' id='word_1_169' title='bbox 261 1690 390 1729; x_wconf 89' lang='lat' dir='ltr'><strong>rebus</strong></span> <span class='ocrx_word' id='word_1_170' title='bbox 441 1689 573 1742; x_wconf 86' lang='lat' dir='ltr'><strong>plane</strong></span> <span class='ocrx_word' id='word_1_171' title='bbox 623 1690 792 1738; x_wconf 90' lang='lat' dir='ltr'><strong>divinis,</strong></span> <span class='ocrx_word' id='word_1_172' title='bbox 838 1695 887 1729; x_wconf 90' lang='lat' dir='ltr'><strong>ut</strong></span> <span class='ocrx_word' id='word_1_173' title='bbox 933 1689 989 1729; x_wconf 89' lang='lat' dir='ltr'><strong>sit</strong></span> <span class='ocrx_word' id='word_1_174' title='bbox 1035 1690 1154 1730; x_wconf 91' lang='lat' dir='ltr'><strong>bona</strong></span> <span class='ocrx_word' id='word_1_175' title='bbox 1199 1696 1333 1742; x_wconf 89' lang='lat' dir='ltr'><strong>atque</strong></span> <span class='ocrx_word' id='word_1_176' title='bbox 1379 1690 1498 1731; x_wconf 84' lang='lat' dir='ltr'><strong>utilis</strong></span> <span class='ocrx_word' id='word_1_177' title='bbox 1543 1691 1728 1732; x_wconf 87' lang='lat' dir='ltr'><strong>materia</strong></span> 
     </span>
     <span class='ocr_line' id='line_1_22' title="bbox 260 1763 1730 1816; baseline 0.001 -12"><span class='ocrx_word' id='word_1_178' title='bbox 260 1765 503 1814; x_wconf 86' lang='lat' dir='ltr'><strong>sermonis;</strong></span> <span class='ocrx_word' id='word_1_179' title='bbox 536 1764 613 1804; x_wconf 89' lang='lat' dir='ltr'><strong>sed</strong></span> <span class='ocrx_word' id='word_1_180' title='bbox 646 1763 781 1804; x_wconf 89' lang='lat' dir='ltr'><strong>modo</strong></span> <span class='ocrx_word' id='word_1_181' title='bbox 813 1770 890 1804; x_wconf 87' lang='lat' dir='ltr'><strong>aut</strong></span> <span class='ocrx_word' id='word_1_182' title='bbox 916 1764 1083 1816; x_wconf 84' lang='lat' dir='ltr'><strong>justam</strong></span> <span class='ocrx_word' id='word_1_183' title='bbox 1112 1765 1419 1805; x_wconf 85' lang='lat' dir='ltr'><strong>necessitatem</strong></span> <span class='ocrx_word' id='word_1_184' title='bbox 1451 1765 1623 1815; x_wconf 88' lang='lat' dir='ltr'><strong>habeat,</strong></span> <span class='ocrx_word' id='word_1_185' title='bbox 1652 1771 1730 1806; x_wconf 87' lang='lat' dir='ltr'><strong>aut</strong></span> 
     </span>
     <span class='ocr_line' id='line_1_23' title="bbox 261 1838 1729 1892; baseline 0.001 -13"><span class='ocrx_word' id='word_1_186' title='bbox 261 1839 382 1892; x_wconf 90' lang='lat' dir='ltr'><strong>piam</strong></span> <span class='ocrx_word' id='word_1_187' title='bbox 420 1839 669 1887; x_wconf 89' lang='lat' dir='ltr'><strong>utilitatem,</strong></span> <span class='ocrx_word' id='word_1_188' title='bbox 701 1845 750 1878; x_wconf 87' lang='lat' dir='ltr'><strong>ut</strong></span> <span class='ocrx_word' id='word_1_189' title='bbox 779 1838 1016 1891; x_wconf 83' lang='lat' dir='ltr'><strong>Gregorius</strong></span> <span class='ocrx_word' id='word_1_190' title='bbox 1053 1839 1097 1878; x_wconf 94' lang='lat' dir='ltr'><strong>in</strong></span> <span class='ocrx_word' id='word_1_191' title='bbox 1136 1839 1290 1879; x_wconf 85' lang='lat' dir='ltr'><strong>Moral.</strong></span> <span class='ocrx_word' id='word_1_192' title='bbox 1324 1839 1347 1879; x_wconf 94' lang='grc'><strong>1.</strong></span> <span class='ocrx_word' id='word_1_193' title='bbox 1381 1850 1417 1892; x_wconf 92' lang='lat'><strong>7.</strong></span> <span class='ocrx_word' id='word_1_194' title='bbox 1449 1854 1482 1880; x_wconf 90' lang='lat' dir='ltr'><strong>c.</strong></span> <span class='ocrx_word' id='word_1_195' title='bbox 1518 1841 1578 1880; x_wconf 86' lang='lat'><strong>18.</strong></span> <span class='ocrx_word' id='word_1_196' title='bbox 1611 1841 1729 1891; x_wconf 87' lang='lat' dir='ltr'><strong>dicit,</strong></span> 
     </span>
     <span class='ocr_line' id='line_1_24' title="bbox 261 1913 1732 1967; baseline 0.001 -14"><span class='ocrx_word' id='word_1_197' title='bbox 261 1914 405 1954; x_wconf 90' lang='lat' dir='ltr'><strong>otiosa</strong></span> <span class='ocrx_word' id='word_1_198' title='bbox 442 1920 575 1967; x_wconf 88' lang='lat' dir='ltr'><strong>atque</strong></span> <span class='ocrx_word' id='word_1_199' title='bbox 613 1914 755 1953; x_wconf 87' lang='lat' dir='ltr'><strong>inanis</strong></span> <span class='ocrx_word' id='word_1_200' title='bbox 793 1913 1094 1953; x_wconf 78' lang='lat' dir='ltr'><strong>existimanda</strong></span> <span class='ocrx_word' id='word_1_201' title='bbox 1129 1927 1218 1953; x_wconf 93' lang='lat' dir='ltr'><strong>non</strong></span> <span class='ocrx_word' id='word_1_202' title='bbox 1256 1920 1332 1954; x_wconf 90' lang='lat' dir='ltr'><strong>est.</strong></span> <span class='ocrx_word' id='word_1_203' title='bbox 1411 1914 1463 1954; x_wconf 89' lang='lat' dir='ltr'><strong>Id</strong></span> <span class='ocrx_word' id='word_1_204' title='bbox 1505 1915 1622 1954; x_wconf 90' lang='lat' dir='ltr'><strong>enim</strong></span> <span class='ocrx_word' id='word_1_205' title='bbox 1659 1914 1732 1956; x_wconf 86' lang='lat' dir='ltr'><strong>ille</strong></span> 
     </span>
     <span class='ocr_line' id='line_1_25' title="bbox 262 1988 1735 2041; baseline 0.001 -13"><span class='ocrx_word' id='word_1_206' title='bbox 262 1989 471 2029; x_wconf 88' lang='lat' dir='ltr'><strong>otiosum·</strong></span> <span class='ocrx_word' id='word_1_207' title='bbox 498 2002 593 2028; x_wconf 84' lang='lat' dir='ltr'><strong>esse</strong></span> <span class='ocrx_word' id='word_1_208' title='bbox 629 1989 811 2028; x_wconf 85' lang='lat' dir='ltr'><strong>verbum</strong></span> <span class='ocrx_word' id='word_1_209' title='bbox 854 1988 995 2037; x_wconf 88' lang='lat' dir='ltr'><strong>docet,</strong></span> <span class='ocrx_word' id='word_1_210' title='bbox 1030 1989 1149 2040; x_wconf 90' lang='lat' dir='ltr'><strong>quod</strong></span> <span class='ocrx_word' id='word_1_211' title='bbox 1192 1995 1268 2029; x_wconf 89' lang='lat' dir='ltr'><strong>aut</strong></span> <span class='ocrx_word' id='word_1_212' title='bbox 1299 1989 1421 2041; x_wconf 90' lang='lat' dir='ltr'><strong>justa</strong></span> <span class='ocrx_word' id='word_1_213' title='bbox 1456 1991 1735 2039; x_wconf 71' lang='lat' dir='ltr'><strong>necessitate,</strong></span> 
     </span>
     <span class='ocr_line' id='line_1_26' title="bbox 261 2063 824 2116; baseline -0.002 -12"><span class='ocrx_word' id='word_1_214' title='bbox 261 2069 338 2104; x_wconf 90' lang='lat' dir='ltr'><strong>aut</strong></span> <span class='ocrx_word' id='word_1_215' title='bbox 369 2064 443 2116; x_wconf 91' lang='lat' dir='ltr'><strong>pia</strong></span> <span class='ocrx_word' id='word_1_216' title='bbox 475 2063 664 2104; x_wconf 88' lang='lat' dir='ltr'><strong>utilitate</strong></span> <span class='ocrx_word' id='word_1_217' title='bbox 696 2069 824 2103; x_wconf 89' lang='lat' dir='ltr'><strong>caret.</strong></span> 
     </span>
    </p>

    <p class='ocr_par' dir='ltr' id='par_1_5' title="bbox 262 2137 1731 2415">
     <span class='ocr_line' id='line_1_27' title="bbox 354 2137 1729 2187; baseline 0 -9"><span class='ocrx_word' id='word_1_218' title='bbox 354 2138 454 2178; x_wconf 91' lang='lat' dir='ltr'><strong>Hac</strong></span> <span class='ocrx_word' id='word_1_219' title='bbox 503 2138 760 2178; x_wconf 87' lang='lat' dir='ltr'><strong>definitione</strong></span> <span class='ocrx_word' id='word_1_220' title='bbox 811 2137 979 2178; x_wconf 85' lang='lat' dir='ltr'><strong>tollitur</strong></span> <span class='ocrx_word' id='word_1_221' title='bbox 1029 2138 1173 2177; x_wconf 90' lang='lat' dir='ltr'><strong>omnis</strong></span> <span class='ocrx_word' id='word_1_222' title='bbox 1223 2139 1453 2178; x_wconf 89' lang='lat' dir='ltr'><strong>curiositas</strong></span> <span class='ocrx_word' id='word_1_223' title='bbox 1504 2139 1729 2187; x_wconf 80' lang='lat' dir='ltr'><strong>sermonis,</strong></span> 
     </span>
     <span class='ocr_line' id='line_1_28' title="bbox 265 2213 1730 2267; baseline 0 -14"><span class='ocrx_word' id='word_1_224' title='bbox 265 2227 365 2267; x_wconf 83' lang='lat' dir='ltr'><strong>quae</strong></span> <span class='ocrx_word' id='word_1_225' title='bbox 398 2214 453 2254; x_wconf 91' lang='lat' dir='ltr'><strong>ad</strong></span> <span class='ocrx_word' id='word_1_226' title='bbox 490 2227 581 2253; x_wconf 91' lang='lat' dir='ltr'><strong>rem</strong></span> <span class='ocrx_word' id='word_1_227' title='bbox 616 2227 705 2253; x_wconf 91' lang='lat' dir='ltr'><strong>non</strong></span> <span class='ocrx_word' id='word_1_228' title='bbox 740 2213 942 2266; x_wconf 87' lang='lat' dir='ltr'><strong>pertinet,</strong></span> <span class='ocrx_word' id='word_1_229' title='bbox 971 2213 1165 2252; x_wconf 89' lang='lat' dir='ltr'><strong>narratio</strong></span> <span class='ocrx_word' id='word_1_230' title='bbox 1200 2227 1342 2253; x_wconf 90' lang='lat' dir='ltr'><strong>rerum</strong></span> <span class='ocrx_word' id='word_1_231' title='bbox 1377 2227 1600 2262; x_wconf 90' lang='lat' dir='ltr'><strong>novarum,</strong></span> <span class='ocrx_word' id='word_1_232' title='bbox 1631 2227 1730 2266; x_wconf 85' lang='lat' dir='ltr'><strong>quae</strong></span> 
     </span>
     <span class='ocr_line' id='line_1_29' title="bbox 263 2288 1731 2341; baseline 0 -13"><span class='ocrx_word' id='word_1_233' title='bbox 263 2288 373 2328; x_wconf 93' lang='lat' dir='ltr'><strong>nihil</strong></span> <span class='ocrx_word' id='word_1_234' title='bbox 414 2289 580 2329; x_wconf 85' lang='lat' dir='ltr'><strong>habent</strong></span> <span class='ocrx_word' id='word_1_235' title='bbox 622 2289 738 2337; x_wconf 90' lang='lat' dir='ltr'><strong>boni,</strong></span> <span class='ocrx_word' id='word_1_236' title='bbox 776 2289 859 2328; x_wconf 90' lang='lat' dir='ltr'><strong>nisi</strong></span> <span class='ocrx_word' id='word_1_237' title='bbox 901 2289 1019 2340; x_wconf 91' lang='lat' dir='ltr'><strong>quod</strong></span> <span class='ocrx_word' id='word_1_238' title='bbox 1062 2288 1223 2341; x_wconf 79' lang='lat' dir='ltr'><strong>saepius</strong></span> <span class='ocrx_word' id='word_1_239' title='bbox 1264 2289 1510 2341; x_wconf 88' lang='lat' dir='ltr'><strong>poenitendi</strong></span> <span class='ocrx_word' id='word_1_240' title='bbox 1551 2302 1731 2329; x_wconf 89' lang='lat' dir='ltr'><strong>causam</strong></span> 
     </span>
     <span class='ocr_line' id='line_1_30' title="bbox 262 2362 524 2415; baseline 0 -13"><span class='ocrx_word' id='word_1_241' title='bbox 262 2362 524 2415; x_wconf 89' lang='lat' dir='ltr'><strong>relinquunt.</strong></span> 
     </span>
    </p>

    <p class='ocr_par' dir='ltr' id='par_1_6' title="bbox 266 2436 1738 2938">
     <span class='ocr_line' id='line_1_31' title="bbox 355 2436 1734 2489; baseline 0 -12"><span class='ocrx_word' id='word_1_242' title='bbox 355 2438 494 2478; x_wconf 85' lang='lat' dir='ltr'><strong>Isaias</strong></span> <span class='ocrx_word' id='word_1_243' title='bbox 537 2437 666 2487; x_wconf 67' lang='lat' dir='ltr'>Abb„</span> <span class='ocrx_word' id='word_1_244' title='bbox 702 2437 774 2479; x_wconf 89' lang='lat' dir='ltr'><strong>Or.</strong></span> <span class='ocrx_word' id='word_1_245' title='bbox 813 2446 862 2488; x_wconf 88' lang='lat'><strong>5:</strong></span> <span class='ocrx_word' id='word_1_246' title='bbox 896 2436 979 2477; x_wconf 83' lang='lat' dir='ltr'><strong>“Si</strong></span> <span class='ocrx_word' id='word_1_247' title='bbox 1021 2443 1065 2477; x_wconf 91' lang='lat' dir='ltr'><strong>te</strong></span> <span class='ocrx_word' id='word_1_248' title='bbox 1105 2450 1287 2489; x_wconf 80' lang='lat' dir='ltr'><strong>peregre</strong></span> <span class='ocrx_word' id='word_1_249' title='bbox 1328 2436 1544 2489; x_wconf 87' lang='lat' dir='ltr'><strong>proficisci</strong></span> <span class='ocrx_word' id='word_1_250' title='bbox 1585 2451 1734 2478; x_wconf 90' lang='lat' dir='ltr'><strong>neces-</strong></span> 
     </span>
     <span class='ocr_line' id='line_1_32' title="bbox 266 2511 1734 2566; baseline 0 -14"><span class='ocrx_word' id='word_1_251' title='bbox 266 2512 374 2552; x_wconf 87' lang='lat' dir='ltr'><strong>sitas</strong></span> <span class='ocrx_word' id='word_1_252' title='bbox 400 2514 602 2566; x_wconf 89' lang='lat' dir='ltr'><strong>coegerit,</strong></span> <span class='ocrx_word' id='word_1_253' title='bbox 627 2527 682 2553; x_wconf 92' lang='lat' dir='ltr'><strong>ne</strong></span> <span class='ocrx_word' id='word_1_254' title='bbox 713 2512 982 2565; x_wconf 86' lang='lat' dir='ltr'><strong>perconteris</strong></span> <span class='ocrx_word' id='word_1_255' title='bbox 1004 2511 1239 2564; x_wconf 86' lang='lat' dir='ltr'><strong>quicquam</strong></span> <span class='ocrx_word' id='word_1_256' title='bbox 1262 2512 1380 2564; x_wconf 90' lang='lat' dir='ltr'><strong>quod</strong></span> <span class='ocrx_word' id='word_1_257' title='bbox 1413 2512 1492 2552; x_wconf 91' lang='lat' dir='ltr'><strong>tibi</strong></span> <span class='ocrx_word' id='word_1_258' title='bbox 1524 2513 1734 2565; x_wconf 91' lang='lat' dir='ltr'><strong>prodesse</strong></span> 
     </span>
     <span class='ocr_line' id='line_1_33' title="bbox 266 2585 1732 2640; baseline -0.001 -13"><span class='ocrx_word' id='word_1_259' title='bbox 266 2593 469 2640; x_wconf 91' lang='lat' dir='ltr'><strong>nequeat,</strong></span> <span class='ocrx_word' id='word_1_260' title='bbox 499 2594 546 2627; x_wconf 89' lang='lat' dir='ltr'><strong>ut</strong></span> <span class='ocrx_word' id='word_1_261' title='bbox 583 2588 638 2627; x_wconf 89' lang='lat' dir='ltr'><strong>ad</strong></span> <span class='ocrx_word' id='word_1_262' title='bbox 676 2587 833 2627; x_wconf 87' lang='lat' dir='ltr'><strong>cellam</strong></span> <span class='ocrx_word' id='word_1_263' title='bbox 870 2593 993 2626; x_wconf 90' lang='lat' dir='ltr'><strong>tuam</strong></span> <span class='ocrx_word' id='word_1_264' title='bbox 1030 2585 1261 2625; x_wconf 89' lang='lat' dir='ltr'><strong>incolumis</strong></span> <span class='ocrx_word' id='word_1_265' title='bbox 1299 2592 1525 2626; x_wconf 84' lang='lat' dir='ltr'><strong>revertare.</strong></span> <span class='ocrx_word' id='word_1_266' title='bbox 1600 2586 1732 2640; x_wconf 79' lang='lat' dir='ltr'><strong>Quod</strong></span> 
     </span>
     <span class='ocr_line' id='line_1_34' title="bbox 268 2661 1735 2715; baseline 0.001 -15"><span class='ocrx_word' id='word_1_267' title='bbox 268 2661 303 2701; x_wconf 89' lang='lat' dir='ltr'><strong>si</strong></span> <span class='ocrx_word' id='word_1_268' title='bbox 331 2662 399 2701; x_wconf 89' lang='lat' dir='ltr'><strong>vel</strong></span> <span class='ocrx_word' id='word_1_269' title='bbox 433 2663 595 2702; x_wconf 88' lang='lat' dir='ltr'><strong>invitus</strong></span> <span class='ocrx_word' id='word_1_270' title='bbox 627 2662 793 2715; x_wconf 87' lang='lat' dir='ltr'><strong>aliquid</strong></span> <span class='ocrx_word' id='word_1_271' title='bbox 826 2661 1043 2714; x_wconf 90' lang='lat' dir='ltr'><strong>ejusmodi</strong></span> <span class='ocrx_word' id='word_1_272' title='bbox 1076 2661 1274 2710; x_wconf 88' lang='lat' dir='ltr'><strong>audieris,</strong></span> <span class='ocrx_word' id='word_1_273' title='bbox 1304 2661 1347 2700; x_wconf 91' lang='lat' dir='ltr'><strong>id</strong></span> <span class='ocrx_word' id='word_1_274' title='bbox 1379 2661 1562 2701; x_wconf 91' lang='lat' dir='ltr'><strong>domum</strong></span> <span class='ocrx_word' id='word_1_275' title='bbox 1594 2675 1735 2701; x_wconf 89' lang='lat' dir='ltr'><strong>rever-</strong></span> 
     </span>
     <span class='ocr_line' id='line_1_35' title="bbox 270 2735 1736 2789; baseline 0 -13"><span class='ocrx_word' id='word_1_276' title='bbox 270 2742 369 2776; x_wconf 86' lang='lat' dir='ltr'><strong>tens</strong></span> <span class='ocrx_word' id='word_1_277' title='bbox 399 2737 604 2777; x_wconf 85' lang='lat' dir='ltr'><strong>fratribus</strong></span> <span class='ocrx_word' id='word_1_278' title='bbox 636 2752 691 2777; x_wconf 89' lang='lat' dir='ltr'><strong>ne</strong></span> <span class='ocrx_word' id='word_1_279' title='bbox 724 2735 970 2777; x_wconf 85' lang='lat' dir='ltr'><strong>nuntieris.’&#39;</strong></span> <span class='ocrx_word' id='word_1_280' title='bbox 1034 2736 1093 2775; x_wconf 80' lang='lat' dir='ltr'><strong>Et</strong></span> <span class='ocrx_word' id='word_1_281' title='bbox 1115 2736 1251 2776; x_wconf 88' lang='lat' dir='ltr'><strong>infra:</strong></span> <span class='ocrx_word' id='word_1_282' title='bbox 1276 2736 1424 2789; x_wconf 73' lang='lat' dir='ltr'><strong>“Quae</strong></span> <span class='ocrx_word' id='word_1_283' title='bbox 1454 2737 1606 2776; x_wconf 90' lang='lat' dir='ltr'><strong>mundi</strong></span> <span class='ocrx_word' id='word_1_284' title='bbox 1633 2742 1736 2776; x_wconf 89' lang='lat' dir='ltr'><strong>sunt</strong></span> 
     </span>
     <span class='ocr_line' id='line_1_36' title="bbox 269 2810 1736 2864; baseline 0.001 -15"><span class='ocrx_word' id='word_1_285' title='bbox 269 2823 324 2850; x_wconf 91' lang='lat' dir='ltr'><strong>ne</strong></span> <span class='ocrx_word' id='word_1_286' title='bbox 361 2812 572 2852; x_wconf 80' lang='lat' dir='ltr'><strong>curiosius</strong></span> <span class='ocrx_word' id='word_1_287' title='bbox 608 2812 866 2864; x_wconf 79' lang='lat' dir='ltr'><strong>inquiratis3</strong></span> <span class='ocrx_word' id='word_1_288' title='bbox 901 2825 955 2850; x_wconf 91' lang='lat' dir='ltr'><strong>ne</strong></span> <span class='ocrx_word' id='word_1_289' title='bbox 992 2810 1161 2850; x_wconf 88' lang='lat' dir='ltr'><strong>latrinis</strong></span> <span class='ocrx_word' id='word_1_290' title='bbox 1194 2810 1357 2850; x_wconf 87' lang='lat' dir='ltr'><strong>similes</strong></span> <span class='ocrx_word' id='word_1_291' title='bbox 1395 2811 1500 2861; x_wconf 87' lang='lat' dir='ltr'><strong>sitis,</strong></span> <span class='ocrx_word' id='word_1_292' title='bbox 1532 2811 1588 2850; x_wconf 88' lang='lat' dir='ltr'><strong>ad</strong></span> <span class='ocrx_word' id='word_1_293' title='bbox 1625 2824 1736 2864; x_wconf 88' lang='lat' dir='ltr'><strong>quas</strong></span> 
     </span>
     <span class='ocr_line' id='line_1_37' title="bbox 269 2885 1738 2938; baseline 0 -13"><span class='ocrx_word' id='word_1_294' title='bbox 269 2885 471 2927; x_wconf 88' lang='lat' dir='ltr'><strong>homines</strong></span> <span class='ocrx_word' id='word_1_295' title='bbox 509 2887 736 2936; x_wconf 85' lang='lat' dir='ltr'><strong>accedunt,</strong></span> <span class='ocrx_word' id='word_1_296' title='bbox 776 2893 823 2926; x_wconf 88' lang='lat' dir='ltr'><strong>ut</strong></span> <span class='ocrx_word' id='word_1_297' title='bbox 859 2886 1023 2925; x_wconf 83' lang='lat' dir='ltr'><strong>ventris</strong></span> <span class='ocrx_word' id='word_1_298' title='bbox 1061 2899 1194 2925; x_wconf 90' lang='lat' dir='ltr'><strong>onera</strong></span> <span class='ocrx_word' id='word_1_299' title='bbox 1231 2886 1468 2938; x_wconf 87' lang='lat' dir='ltr'><strong>deponant,</strong></span> <span class='ocrx_word' id='word_1_300' title='bbox 1502 2891 1635 2938; x_wconf 89' lang='lat' dir='ltr'><strong>atque</strong></span> <span class='ocrx_word' id='word_1_301' title='bbox 1675 2886 1738 2925; x_wconf 92' lang='lat' dir='ltr'><strong>ita</strong></span> 
     </span>
    </p>
   </div>
  </div>
 </body>
</html>
