1903 3197
277 170 369 229 508
607 167 687 213 De
719 166 910 213 ratione
942 165 1134 212 vivendi
1167 165 1427 212 Socz‘etatz's.

274 300 406 342 refert
436 312 524 339 non
556 298 760 353 superari.
838 297 985 339 Immo
1016 297 1100 338 hac
1131 297 1187 338 de
1222 309 1354 338 causa
1385 296 1577 337 decrevit
1612 296 1744 337 Inno-

272 373 447 415 centius
498 372 585 414 ΙΙΙ.
628 385 684 412 ne
734 371 892 412 medici
944 371 988 412 in
1049 370 1252 412 curandis
1307 370 1563 423 corporibus
1623 370 1744 423 prius

275 446 517 489 medicinas
558 451 603 486 et
653 446 901 486 curationes
952 445 1232 494 admoveant,
1273 456 1408 497 quam
1456 442 1743 484 confessionis

274 525 551 562 sacramento
587 525 738 560 curata
780 520 836 560 sit
876 519 1034 560 anima.
1117 517 1249 571 Quod
1288 518 1527 558 Decretum
1564 530 1745 558 consue-

274 593 430 634 tudine
485 594 581 647 ipsa
631 598 676 634 et
725 598 947 634 vetustate
1002 592 1097 645 jam
1158 591 1450 645 antiquatum,
1503 597 1552 631 ut
1611 590 1746 644 longo

275 666 506 708 intervallo
546 672 821 708 revocaretur
861 666 1027 706 curavit
1064 665 1118 706 N.
1151 666 1194 706 P.
1224 665 1435 718 Ignatius,
1477 669 1526 704 ut
1567 664 1609 703 in
1651 663 1746 717 ejus

275 740 365 782 vita
408 740 620 790 scribitur,
659 746 703 781 et
745 739 846 779 Pius
885 738 938 780 V.
972 739 1260 779 severioribus
1301 738 1435 779 etiam
1481 737 1652 790 legibus
1701 737 1744 777 in

274 819 538 868 perpetuum
570 813 732 854 sanxit.

364 888 548 941 Propter
605 885 846 941 periculum
900 890 1049 926 autem
1100 886 1293 938 corporis
1345 886 1500 926 eadem
1552 886 1747 939 exigitur

270 961 556 1010 obedientia;
598 960 702 1012 quia
742 971 843 999 cum
886 964 1080 1012 peccata,
1123 964 1172 999 ut
1213 958 1420 1009 diximus,
1459 964 1560 999 sunt
1600 972 1744 999 causae

276 1047 396 1088 saepe
447 1033 712 1081 morborum,
763 1032 973 1073 tollendae
1018 1037 1122 1072 sunt
1172 1031 1279 1084 ipsae
1330 1045 1485 1080 causae,
1527 1031 1745 1085 placando

275 1107 425 1148 divino
462 1107 653 1156 numine,
687 1112 764 1146 aut
796 1105 995 1146 oratione
1036 1110 1113 1146 aut
1155 1104 1413 1158 expiatione
1450 1118 1681 1156 noxarum,
1710 1106 1744 1146 si

275 1180 440 1222 morbis
473 1179 677 1221 volumus
713 1179 897 1220 liberari.
982 1179 1042 1219 Et
1075 1179 1159 1219 hoc
1192 1185 1269 1228 est,
1299 1178 1419 1232 quod
1453 1179 1560 1220 dicit
1595 1178 1747 1220 Eccle-

276 1255 503 1296 siasticus:
536 1256 560 1275 ‘⁴
578 1254 672 1303 Fili,
704 1254 747 1293 in
777 1259 856 1294 tua
889 1252 1144 1293 infirmitate
1178 1266 1233 1293 ne
1261 1252 1479 1306 despicias
1511 1258 1555 1293 te
1589 1253 1747 1305 ipsum,

277 1329 355 1370 sed
406 1342 483 1370 ora
535 1328 794 1378 Dominum,
836 1333 881 1368 et
921 1333 966 1368 te
1017 1326 1251 1368 curabit:”
1295 1327 1400 1380 ipse,
1437 1327 1630 1380 inquam,
1672 1328 1747 1380 qui

275 1403 420 1444 morbi
454 1401 630 1455 flagello
664 1401 888 1455 percussit,
921 1407 966 1441 et
998 1414 1099 1441 vere
1134 1400 1254 1442 solus
1289 1401 1525 1441 sanitatem
1567 1400 1749 1448 confert,

279 1477 373 1530 ipse
409 1483 454 1517 te
495 1476 674 1517 curabit.
760 1475 851 1516 Ubi
888 1475 1083 1528 quinque
1116 1474 1297 1515 omnino
1332 1474 1511 1527 aegrotis
1547 1473 1749 1515 facienda

278 1550 446 1591 suadet.
523 1549 717 1590 Primum
770 1548 949 1602 quidem
1000 1548 1216 1588 orandum
1269 1548 1430 1598 Deum,
1470 1561 1496 1588 a
1542 1561 1632 1600 quo
1683 1554 1749 1588 est

278 1624 423 1665 omnis
455 1622 639 1671 medela,
664 1627 713 1662 ut
745 1622 815 1662 hic
844 1621 1012 1662 dicitur.
1077 1622 1137 1662 Et
1167 1621 1377 1674 quoniam
1410 1620 1571 1674 flagelli
1603 1634 1746 1672 causa,

281 1703 329 1738 ut
350 1697 518 1736 dictum
542 1702 620 1745 est,
642 1695 852 1736 delictum
874 1708 992 1747 saepe
1021 1694 1201 1747 aliquod
1233 1700 1311 1743 est,
1333 1694 1482 1734 statim
1505 1694 1748 1735 secundum

281 1769 471 1822 subjicit,
506 1769 671 1809 scilicet
703 1768 1023 1818 contritionem,
1045 1780 1146 1807 cum
1178 1766 1310 1807 dicit:
1333 1765 1530 1807 “Averte
1564 1780 1589 1807 a
1617 1766 1749 1808 delic-

278 1843 362 1895 to‚’'
393 1844 477 1885 hoc
514 1849 592 1893 est,
625 1842 909 1895 delinquendi
940 1841 1215 1882 voluntatem
1248 1840 1390 1895 abjice
1431 1854 1482 1882 ac
1517 1841 1748 1882 detestare.

280 1918 469 1968 Deinde,
523 1916 742 1971 peculiare
797 1916 1073 1970 propositum
1126 1915 1372 1967 corrigendi
1420 1927 1563 1956 mores
1615 1921 1749 1968 atque

278 1992 488 2043 actiones,
520 2004 621 2032 cum
658 1990 791 2030 dicit:
835 1992 917 2030 “et
947 1989 1087 2042 dirige
1123 2002 1279 2029 manus
1296 1988 1329 2040 ;’'
1361 1988 1445 2029 hoc
1479 1995 1556 2039 est,
1589 2001 1749 2042 propo—

284 2066 431 2107 nendo
463 2071 629 2106 rectam
662 2064 962 2118 operationem
996 2064 1039 2102 in
1068 2068 1320 2117 posterum:
1351 2076 1429 2115 per
1454 2075 1610 2102 manus
1632 2063 1748 2102 enim

282 2140 326 2181 in
369 2140 503 2180 sacris
545 2138 699 2179 litteris
740 2152 859 2191 saepe
901 2150 1035 2190 opera
1078 2137 1174 2189 ipsa
1217 2149 1427 2176 manuum
1471 2142 1515 2176 et
1555 2136 1749 2176 actiones

280 2213 512 2254 hominum
543 2212 854 2264 intelliguntur.
910 2210 1107 2264 Quarto:
1139 2210 1437 2250 universorum
1465 2216 1748 2263 peccatorum

282 2286 598 2339 expiationem,
631 2291 845 2337 tanquam
877 2283 1127 2336 generalem
1159 2283 1383 2336 quandam
1416 2282 1748 2333 confessionem,

280 2372 381 2400 cum
408 2361 499 2410 ait:
534 2363 615 2399 “et
648 2358 704 2398 ab
733 2357 853 2397 omni
883 2356 1044 2397 delicto
1072 2357 1239 2397 munda
1271 2370 1346 2397 cor
1373 2362 1498 2397 tuum
1516 2356 1554 2408 ;'’
1584 2356 1749 2398 scilicet

282 2447 360 2488 per
406 2433 664 2482 orationem,
706 2431 1027 2479 contritionem,
1071 2435 1115 2470 et
1157 2431 1477 2483 poenitentiam,
1515 2444 1615 2483 quae
1653 2431 1748 2484 jam

280 2507 537 2560 descripsit;
576 2506 619 2546 id
643 2505 761 2558 quod
792 2517 917 2553 nunc,
941 2504 984 2543 in
1016 2516 1129 2544 nova
1160 2504 1267 2557 lege,
1290 2504 1576 2544 confessionis
1606 2517 1748 2546 sacra—

280 2587 432 2621 mento
453 2579 713 2634 perficimus.
778 2578 897 2618 Nam
927 2578 1030 2630 quia
1060 2578 1289 2627 nescimus,
1323 2591 1516 2630 quonam
1549 2578 1748 2619 maximo

281 2653 445 2694 delicto
479 2666 723 2706 urgeamur,
754 2651 877 2705 cujus
911 2665 1043 2692 causa
1075 2651 1253 2691 morbus
1283 2651 1484 2693 videatur
1516 2652 1748 2702 immissus,

279 2727 481 2768 hortatur
521 2740 613 2777 nOS,
649 2732 698 2767 ut
738 2731 882 2766 toturn
924 2731 1076 2778 pectus
1118 2731 1328 2774 nostrum,
1371 2731 1576 2778 totosque
1612 2724 1747 2765 animi

283 2814 478 2841 recessus
519 2806 850 2854 perscrutemur,
894 2804 939 2839 et
979 2812 1054 2839 cor
1089 2805 1287 2839 nostrum
1323 2799 1381 2839 ab
1421 2800 1542 2839 omni
1588 2798 1749 2840 delicto

285 2874 559 2915 mundemus.
639 2874 836 2926 Ideoque
867 2873 1085 2926 optimum
1115 2872 1344 2914 consilium
1375 2872 1418 2912 in
1447 2872 1611 2912 morbis
1638 2885 1750 2925 prae-
