1903 3197
290 152 315 183 2
325 150 387 195 30
613 135 693 180 De
724 133 915 181 ratione
949 133 1142 181 vivendi
1173 133 1434 182 Socz'etatz‘s.

286 265 448 310 sunt.'’1
510 266 595 307 His
631 266 882 319 propositus
917 271 1011 307 erat
1046 265 1156 317 finis,
1190 279 1294 308 suus
1334 265 1475 306 honos
1516 270 1562 307 et
1601 265 1752 319 gloria,

285 353 376 382 non
407 341 573 381 bonum
606 339 844 393 publicum,
869 345 946 380 aut
979 339 1063 379 Dei
1095 339 1245 393 gloria,
1268 345 1317 380 ut
1348 344 1441 379 erat
1461 338 1589 391 Judae
1617 339 1754 391 Jona-

286 413 466 468 thaeque
487 413 723 467 proposita.
764 413 874 454 Ideo
891 412 988 465 jure
1010 413 1070 453 illi
1093 413 1232 466 fugati
1255 412 1460 452 dicuntur
1481 418 1525 453 et
1545 412 1754 455 cecidisse

287 487 345 529 de
376 487 542 541 populo
576 486 723 537 Israel,
754 486 812 527 ad
849 487 938 528 duo
969 486 1117 527 millia.
1179 485 1301 526 Talis
1333 486 1467 526 etiarn
1500 485 1581 527 fuit
1613 486 1753 528 Seron

285 561 490 615 princeps
522 561 742 602 exercitus
781 560 933 614 Syriae,
966 561 1041 613 qui
1074 573 1173 601 curn
1211 560 1405 600 audisset
1440 566 1752 613 congregatam

287 647 314 677 a
334 635 452 688 Juda
481 635 746 677 Machabaeo
778 635 1166 690 congregationem
1189 633 1397 682 fidelium,
1421 634 1503 675 ait:
1537 634 1753 675 “Faciam

288 707 396 750 mihi
428 721 603 758 nornen,
628 714 671 749 et
702 707 981 762 glorificabor
1006 709 1050 748 in
1082 720 1229 761 regno,
1252 712 1296 747 et
1325 706 1557 748 debellabo
1577 707 1755 760 judam,

289 787 333 823 et
363 795 439 822 eos
468 781 541 834 qui
574 795 673 822 cum
707 782 802 834 ipso
834 779 997 822 sunt.”2
1060 781 1178 821 Huic
1200 793 1377 833 quoque
1407 780 1635 833 proposita
1663 786 1758 822 erat

287 854 427 908 gloria
457 869 546 905 sua,
570 860 614 895 et
636 854 879 907 temporale
911 855 1196 895 commodum
1220 859 1450 906 tamquam
1474 853 1572 893 finis
1593 868 1604 904 ;
1636 853 1756 895 ideo-

287 942 373 982 que
400 928 498 982 jure
519 941 627 969 mox
651 928 808 968 dicitur
828 941 836 968 :
870 930 946 968 “et
974 927 1186 968 contritus
1209 932 1275 967 est
1309 926 1448 967 Seron
1471 932 1515 968 et
1537 928 1755 968 exercitus

287 1001 393 1055 ejus,
417 1002 459 1041 in
482 1006 721 1054 conspectu
744 1000 915 1054 ipsius.”

374 1076 427 1115 Id
459 1074 616 1127 ipsum,
650 1074 856 1123 secundo,
893 1087 951 1114 ex
984 1074 1068 1114 Dei
1104 1073 1422 1115 consuetudine
1451 1072 1633 1126 planum
1664 1073 1756 1114 fieri

287 1153 445 1202 potest,
485 1147 560 1200 qui
603 1161 691 1188 non
734 1148 869 1189 modo
910 1147 1097 1198 aeternis,
1140 1147 1217 1188 sed
1261 1147 1395 1187 etiam
1438 1145 1755 1200 temporalibus

288 1221 533 1263 commodis
580 1221 649 1262 vel
701 1221 1005 1271 incommodis,
1042 1221 1245 1262 homines
1296 1220 1365 1261 vel
1416 1219 1473 1260 ad
1525 1219 1757 1262 benefacta

285 1301 508 1349 provocat,
532 1295 601 1336 vel
632 1309 658 1336 a
685 1295 929 1336 malefactis
960 1301 1143 1346 avocat;
1175 1300 1224 1334 ut
1251 1294 1308 1335 ad
1344 1293 1475 1334 Heli:
1509 1293 1756 1347 “Loquens

286 1369 457 1411 locutus
490 1383 599 1418 sum,
623 1375 672 1410 ut
703 1369 862 1410 domus
885 1374 960 1410 tua
993 1375 1037 1409 et
1059 1369 1218 1409 domus
1250 1367 1386 1421 patris
1403 1367 1466 1407 tui
1491 1367 1758 1409 ministraret

287 1444 331 1484 in
368 1449 606 1497 conspectu
645 1456 756 1493 meo,
780 1456 919 1496 usque
956 1443 1000 1482 in
1037 1442 1368 1495 sempiternum.
1441 1440 1572 1480 Nunc
1607 1447 1757 1481 autem

286 1517 393 1557 dicit
427 1516 672 1556 Dominus:
716 1516 854 1556 Absit
894 1515 978 1556 hoc
1010 1527 1036 1556 a
1069 1529 1150 1565 me,
1183 1515 1260 1555 sed
1296 1515 1562 1567 quicumque
1594 1513 1758 1567 glorifi-

287 1590 451 1631 caverit
482 1603 563 1638 me,
592 1588 848 1642 glorificabo
881 1602 1013 1639 eum3
1057 1589 1132 1641 qui
1170 1594 1320 1629 autem
1353 1593 1643 1628 contemnunt
1673 1601 1756 1638 me,

288 1669 415 1705 erunt
441 1661 715 1716 ignobiles.”³
778 1663 953 1703 Deinde
976 1663 1091 1703 dixit
1115 1661 1297 1703 Samuel
1319 1662 1375 1701 ad
1407 1660 1539 1702 Saul:
1574 1660 1757 1702 “Stulte

287 1737 426 1789 egisti,
451 1749 530 1776 nec
562 1736 793 1776 custodisti
833 1736 1045 1776 mandata
1083 1735 1266 1775 Domini
1300 1735 1384 1774 Dei
1414 1734 1488 1782 tui,
1513 1747 1611 1786 quae
1643 1747 1756 1786 prae-

287 1810 403 1864 cepit
434 1810 524 1850 tibi.
590 1810 725 1862 Quod
768 1810 802 1849 si
847 1822 935 1850 non
977 1808 1165 1857 fecisses,
1194 1807 1290 1861 jam
1323 1821 1436 1847 nunc
1466 1813 1758 1860 praeparasset

288 1884 510 1925 Dominus
532 1897 718 1937 regnum
740 1889 867 1924 tuum
900 1896 1030 1935 super
1063 1881 1200 1922 Israel
1232 1882 1275 1921 in
1298 1882 1644 1934 sempiternum;
1676 1881 1754 1922 sed

285 1970 567 2011 nequaquam
590 1969 774 2009 regnum
797 1961 922 1996 tuum
946 1955 1061 1995 ultra
1083 1952 1378 2008 consurget.’'4
1416 1955 1475 1994 Et
1496 1954 1600 1994 alibi
1623 1967 1753 2007 saepe,

283 2031 353 2073 vel
386 2036 505 2072 metu
542 2030 799 2083 temporalis
841 2043 997 2083 poenae,
1029 2028 1098 2069 vel
1131 2043 1208 2082 spe
1242 2028 1454 2068 mercedis
1486 2028 1752 2080 temporalis,

283 2105 486 2146 homines
518 2110 594 2145 aut
619 2118 645 2144 a
677 2103 793 2144 malo
825 2103 1026 2153 deterret,
1050 2108 1126 2143 aut
1158 2102 1310 2142 incitat
1342 2107 1387 2142 et
1417 2100 1665 2142 inflammat
1696 2102 1752 2143 ad

285 2180 462 2220 bonum.
527 2178 586 2218 Et
621 2177 800 2230 quidem
836 2190 923 2217 non
957 2176 1099 2217 solum
1134 2176 1178 2215 in
1212 2175 1309 2228 lege
1337 2175 1484 2224 veteri,
1516 2175 1590 2214 ubi
1627 2175 1754 2216 bonis

285 2251 605 2304 temporalibus
640 2250 762 2290 Deus
796 2251 1055 2304 plerumque
1088 2248 1289 2289 homines
1323 2248 1568 2300 alliciebat,
1600 2262 1752 2289 verum

286 2325 419 2367 etlam
461 2325 506 2364 in
549 2324 646 2377 lege
688 2338 811 2365 nova.
896 2324 1013 2364 Nam
1057 2322 1254 2364 Christus
1296 2323 1413 2376 apud
1457 2323 1625 2362 Lucam
1668 2336 1754 2373 eos,

286 2399 361 2452 qui
393 2398 563 2438 invitati
593 2403 695 2438 sunt
717 2398 772 2438 ad
806 2398 993 2451 nuptias,
1016 2397 1217 2438 hortatur
1243 2402 1290 2437 ut
1312 2397 1356 2436 in
1386 2396 1624 2436 novissimo
1654 2395 1751 2436 loco

284 2472 569 2521 recumbant;
602 2471 735 2524 idque
767 2471 946 2524 majoris
978 2471 1130 2524 gloriae
1162 2484 1303 2520 causa,
1334 2475 1383 2510 ut
1414 2483 1522 2510 mox
1554 2469 1752 2522 superius

285 2560 385 2587 cum
414 2545 580 2586 honore
608 2546 755 2598 potius
781 2545 1020 2597 jubeantur
1048 2545 1295 2592 ascendere,
1315 2557 1447 2597 quam
1471 2557 1571 2583 cum
1594 2543 1751 2583 rubore

287 2618 583 2660 descendere.5
646 2619 862 2672 Idemque
891 2619 947 2659 ad
974 2633 1020 2659 se
1042 2619 1330 2672 sequendum,
1353 2631 1430 2670 spe
1453 2618 1585 2657 etiam
1609 2630 1751 2657 rerum

285 2695 609 2747 temporalium,
642 2707 721 2734 nos
754 2693 947 2734 excitat:
982 2694 1164 2734 “Nemo
1203 2691 1305 2741 est,’'
1330 2692 1481 2744 inquit,
1507 2692 1620 2744 “qui
1655 2691 1752 2731 reli-

696 2806 709 2826 1
735 2816 762 2840 1.
784 2808 894 2839 Mach.
916 2813 946 2848 5.
1092 2806 1106 2825 ²
1133 2817 1145 2839 1
1177 2807 1283 2840 Mach.
1306 2815 1335 2847 3.

534 2859 548 2879 ³
575 2869 588 2891 1
616 2860 698 2900 Reg.
719 2867 748 2891 2.
928 2857 942 2876 4
969 2859 1054 2890 Ibid.
1079 2866 1128 2898 13.
1308 2857 1321 2876 ⁵
1345 2857 1424 2889 Luc.
1448 2865 1496 2898 14.
