1903 3197
638 150 717 196 De
749 151 1005 197 Examina
1459 164 1482 194 2
1490 152 1518 194 6
1526 161 1549 209 5

89 285 157 322 tra
189 295 291 322 vero
320 295 378 322 ex
409 281 676 334 negligentia
702 282 930 329 examinis,
962 295 1049 333 quo
1078 288 1259 333 peccata
1290 280 1549 334 poenitendo

90 355 308 404 diluimus,
331 360 515 407 augetur
546 355 784 407 impuritas,
809 360 852 393 et
881 355 1161 393 seminarium
1192 355 1328 394 oritur
1349 359 1551 406 peccato-

92 441 198 467 rum.
263 429 532 469 “Peccatum
555 427 708 476 enim,”
733 433 781 467 ut
802 428 864 467 ait
894 427 940 466 B.
961 426 1205 478 Gregorius,
1229 428 1385 478 “quod
1413 427 1552 480 poeni—

92 503 231 541 tentia
262 516 348 542 non
380 502 516 551 diluit,
549 503 644 554 ipso
681 515 759 541 suo
792 501 986 553 pondere
1023 514 1130 540 mox
1163 500 1218 539 ad
1252 500 1370 539 aliud
1407 500 1548 540 trahit.

97 574 230 615 Unde
267 575 327 623 fit,
362 581 409 615 ut
445 589 531 615 11011
569 574 711 614 solum
749 580 977 627 peccatum
1013 574 1079 621 sit,
1113 573 1189 612 sed
1231 578 1472 625 peccatum,
1509 578 1552 611 et

93 660 225 687 causa
246 648 423 700 peccati.
459 648 530 687 Ex
556 647 628 687 illo
651 648 815 700 quippe
836 647 943 687 vitio
965 647 1094 699 culpa
1115 646 1385 698 subsequens
1407 645 1553 693 oritur,

94 733 152 760 ex
189 735 275 772 quo
312 727 474 761 caecata
506 734 628 760 mens
666 721 839 760 ducitur
875 726 922 760 ut
959 720 1083 772 pejus
1120 734 1176 759 ex
1214 719 1299 759 alio
1338 715 1551 770 ligetur.''1

94 794 280 833 Peccata
321 795 468 846 itaque
510 795 700 847 peccatis
733 794 927 834 cumulat
959 794 1032 846 qui
1070 807 1120 833 ea
1163 807 1239 844 per
1280 791 1553 845 poenitentiae

92 881 282 907 examen
326 868 470 908 delere
511 882 598 908 non
646 868 804 915 studet,
847 881 988 920 neque
1038 867 1128 906 fieri
1178 872 1325 919 potest
1368 870 1415 905 ut
1457 865 1553 916 quis

94 941 149 981 ad
191 941 407 992 justitiam
458 947 501 981 et
555 942 833 981 sanctitatem
884 942 1118 993 perveniat,
1174 940 1254 979 nisi
1314 939 1426 979 hanc
1471 937 1553 976 sibi

93 1015 209 1054 viam
244 1016 424 1062 muniat,
463 1015 563 1054 hinc
599 1016 642 1053 in
681 1014 865 1054 Psalmis
902 1015 1084 1053 dicitur:
1134 1013 1363 1065 “Appone
1399 1010 1555 1063 iniqui-

92 1094 231 1128 tatem
254 1102 384 1141 super
412 1089 687 1140 iniquitatem
712 1101 873 1135 eorum,
898 1092 941 1127 et
963 1101 1049 1126 non
1084 1087 1245 1126 intrent
1274 1087 1317 1125 in
1336 1085 1551 1138 justitiam

93 1161 277 1202 ’[11ε1111.”2
338 1161 450 1214 Quae
481 1161 730 1201 maledictio
761 1163 803 1200 in
826 1175 900 1201 eos
930 1161 1213 1212 intorquetur,
1238 1160 1311 1211 qui
1333 1164 1554 1211 perpetra-

92 1241 185 1275 tam
217 1235 493 1287 iniquitatem
523 1235 785 1287 poenitentia
816 1235 960 1274 delere
991 1248 1089 1273 cum
1124 1234 1302 1286 possint,
1332 1233 1375 1272 id
1406 1239 1553 1272 tamen

96 1308 334 1360 negligunt,
353 1314 396 1347 et
417 1308 538 1347 velut
560 1321 708 1347 semen
731 1308 956 1359 quoddam
980 1307 1227 1358 relinquunt
1250 1304 1554 1357 subsequentis

94 1381 347 1433 iniquitatis.

183 1455 386 1495 Secunda
420 1454 582 1494 utilitas
620 1460 685 1494 est
725 1454 976 1498 Humilitas,
1009 1466 1107 1504 quae
1141 1453 1330 1504 primum
1363 1451 1554 1490 nascitur

97 1542 154 1567 ex
177 1528 271 1580 ipso
294 1533 473 1580 aspectu
496 1527 721 1579 culparum
755 1534 887 1578 atque
909 1527 1126 1573 vitiorum,
1149 1526 1268 1564 foeda
1291 1525 1406 1563 enim
1430 1523 1555 1575 culpa

97 1615 195 1641 cum
220 1602 286 1650 sit,
310 1614 397 1640 non
426 1606 573 1653 potest
603 1601 727 1640 nobis
758 1614 844 1640 non
867 1600 1173 1639 verecundiam
1197 1599 1399 1645 incutere,
1424 1603 1556 1648 atque

97 1687 154 1713 eX
205 1674 468 1714 verecundia
519 1674 812 1714 humilitatem
869 1675 1059 1726 gignere.
1152 1673 1268 1712 Nam
1321 1673 1355 1711 si
1407 1670 1556 1710 sordes

98 1747 301 1799 corporis,
336 1747 638 1799 vilitatemque
680 1747 884 1786 humanae
927 1752 1094 1786 naturae
1135 1745 1410 1785 considerare
1447 1742 1557 1782 mul-

96 1827 190 1860 tum
213 1820 331 1859 valet
359 1820 414 1859 ad
448 1820 757 1871 deprimendos
789 1820 964 1871 spiritus
996 1824 1185 1858 nostros:
1231 1816 1442 1868 “Quanto
1465 1829 1555 1855 ma-

97 1892 200 1945 gis‚''
234 1898 281 1932 ut
314 1892 374 1931 ait
405 1892 638 1944 Agapetus
670 1892 905 1939 Diaconus,
935 1891 1133 1931 “valebit
1165 1889 1490 1941 contemplatio,
1515 1893 1557 1927 et

99 1966 355 2018 quotidiana
378 1966 589 2017 inspectio
611 1966 848 2017 culparum,
869 1978 968 2016 quae
990 1964 1139 2004 sordes
1162 1970 1205 2003 et
1226 1963 1556 2015 inquinamenta

95 2044 198 2079 sunt
232 2036 481 2078 animae?’'3
543 2037 693 2077 Oritur
726 2038 819 2077 haec
851 2037 1073 2077 humilitas
1103 2050 1160 2076 ex
1193 2036 1443 2087 cognitione
1476 2035 1554 2073 im-

96 2111 345 2153 becillitatis
387 2117 558 2158 nostrze,
597 2124 730 2162 quam
769 2110 963 2162 quotidie
1000 2110 1253 2162 experimur
1294 2110 1337 2148 in
1368 2107 1557 2147 rescind-

95 2186 219 2225 endis
261 2186 420 2225 nostris
461 2185 646 2224 decretis
688 2184 910 2236 animique
957 2183 1200 2236 propositis.
1284 2182 1413 2229 Nam,
1456 2194 1554 2220 cum

97 2259 294 2309 quotidie
326 2264 572 2297 statuamus
604 2258 721 2309 apud
754 2270 833 2296 nos
863 2257 1075 2296 obsistere
1104 2255 1231 2295 alicui
1260 2243 1377 2303 vitio}
1401 2267 1557 2306 repug-

96 2344 199 2370 nare
221 2337 349 2370 certae
379 2330 620 2382 cupiditati,
645 2343 846 2370 revocare
874 2330 930 2369 ad
960 2330 1179 2369 actionem
1210 2342 1307 2380 quae
1338 2328 1556 2367 matutina

94 2403 468 2455 contemplatione
494 2403 642 2442 animo
671 2403 960 2455 agitavimus3
990 2409 1096 2450 tum,
1119 2415 1218 2441 cum
1251 2402 1307 2440 ad
1340 2400 1552 2440 rationem

95 2476 365 2516 reddendam
414 2490 622 2516 vocamus
673 2477 882 2525 animum,
925 2475 1294 2528 deprehendimus
1336 2473 1555 2525 ignaviam

97 2554 303 2597 nostram,
342 2554 385 2588 et
427 2549 492 2588 abv
526 2549 660 2588 animi
703 2549 938 2601 propositis
981 2549 1112 2600 longe
1149 2561 1227 2587 nos
1270 2547 1425 2586 abesse
1462 2559 1558 2585 sen-

95 2621 239 2660 timus.
301 2621 432 2670 Nam,
455 2627 503 2661 ut
535 2622 596 2661 ait
629 2621 863 2674 Gregorius
896 2622 936 2660 in
973 2621 1242 2660 Moralibus:
1277 2620 1432 2659 “Deus
1466 2619 1557 2669 ipse

94 2693 362 2745 spiritalibus
403 2693 672 2745 profectibus
715 2693 896 2733 modum
937 2694 1073 2746 ponit,
1112 2699 1159 2733 ut
1201 2706 1258 2732 ex
1300 2692 1383 2731 hoc
1424 2690 1558 2729 homo

94 2766 213 2818 quod
246 2765 576 2818 apprehendere
608 2773 801 2814 conatur,
835 2772 878 2806 et
909 2780 998 2807 non
1028 2765 1156 2813 valet,
1191 2767 1233 2804 in
1276 2764 1358 2803 illis
1390 2777 1435 2803 se
1468 2776 1556 2802 11011

224 2853 233 2872 ¹
261 2855 346 2885 Mor.
367 2855 387 2885 l.
409 2860 459 2894 25.
481 2864 506 2885 c.
529 2863 558 2892 9.
724 2853 737 2872 ²
762 2855 846 2886 Psal.
869 2856 918 2885 68.
1085 2854 1098 2871 ³²
1123 2855 1162 2883 In
1182 2854 1327 2883 Admon.
1348 2862 1374 2882 c.
1391 2861 1422 2890 4.
