1903 3197
327 148 424 205 396
648 145 729 191 De
759 145 953 191 ratione
985 143 1178 191 vivendi
1215 144 1472 190 Socz‘elalz's.

326 277 480 317 fecisse
502 282 689 317 testatur
711 276 842 317 frater
871 277 963 330 ejus
998 279 1232 333 Gregorius
1256 277 1487 330 Nyssenus
1519 277 1563 316 in
1586 277 1793 326 oratione,

326 365 460 404 quam
495 351 550 391 de
583 350 676 403 ejus
710 351 913 393 laudibus
942 354 1123 407 scripsit.
1189 351 1364 403 “Quasi
1400 349 1618 403 quidam,'’
1643 351 1794 403 inquit,

328 425 649 466 “inexorabilis
683 426 887 467 dominus
922 428 1088 468 nullam
1123 441 1247 468 servo
1282 440 1373 472 suo,
1408 425 1589 478 corpori,
1624 425 1795 466 relaxa-

326 500 494 540 tionem
529 499 799 553 indulgebat,
822 501 898 541 sed
933 516 1011 555 per
1044 515 1263 542 summam
1298 500 1581 540 afflictionem
1617 505 1660 539 et
1694 512 1796 539 con-

325 573 559 614 tinentiam
582 573 870 627 flagellabat.”
934 574 1067 628 Quod
1098 577 1203 616 item
1227 574 1418 615 faciebat
1444 572 1658 622 Hilarion‚
1682 579 1794 613 teste

330 648 620 701 Hieronymo,
645 662 745 688 cum
777 649 979 690 dicebat:
1014 651 1149 703 “Ego
1179 655 1233 698 te,
1267 648 1411 696 aselle,
1435 647 1594 688 faciam
1628 653 1677 687 ut
1705 660 1793 687 non

1376 723 1383 738 2

327 723 536 771 calcitres,
568 737 648 763 nec
676 729 719 763 te
750 722 917 764 hordeo
945 723 1073 774 alam,
1101 724 1176 764 sed
1209 722 1370 776 paleis.'
1446 721 1548 774 Qua
1576 735 1679 762 vero
1709 722 1796 761 cito

329 795 664 849 relinquendum
688 802 764 844 est,
789 797 1042 849 insipienter
1064 797 1160 849 quis
1193 797 1324 837 faciat
1347 796 1381 836 si
1418 796 1455 835 ei
1491 796 1621 835 nimis
1655 794 1798 834 indul-

327 876 440 924 geat.
505 870 727 923 Sapientis
769 870 884 909 enim
927 871 1099 919 animze,
1144 876 1192 910 ut
1233 871 1294 910 ait
1338 869 1544 910 Clemens
1586 869 1720 909 Alex.
1753 875 1797 909 et

327 943 419 996 ejus
443 944 516 996 qui
549 943 799 996 cognitione
830 944 1041 997 pra-{ditus
1071 950 1147 992 est,
1173 950 1220 984 ut
1252 958 1351 996 quae
1384 943 1427 982 in
1461 957 1642 996 corpore
1673 957 1796 996 pere-

327 1018 535 1070 grinatur,
558 1031 611 1057 eo
633 1030 780 1057 severe
804 1023 846 1057 et
868 1024 1041 1057 austere
1075 1018 1222 1066 utitur,
1245 1031 1332 1057 non
1368 1017 1411 1056 in
1447 1017 1591 1069 ipsum
1616 1017 1796 1056 nimiam

328 1090 607 1131 affectionem
650 1091 887 1131 ostendens
929 1098 1005 1132 aut
1047 1091 1380 1145 indulgentiam,
1425 1097 1473 1131 ut
1516 1104 1615 1143 quae
1657 1091 1713 1131 sit
1755 1096 1798 1131 et

327 1166 515 1217 vestigio
549 1165 752 1205 relictura
785 1166 1130 1216 tabernaculum,
1153 1166 1187 1205 si
1223 1165 1468 1205 excedendi
1504 1171 1547 1205 et
1581 1165 1797 1218 migrandi

327 1244 505 1293 tempus
547 1253 644 1280 eam
687 1238 937 1280 vocaverit.1
1007 1240 1066 1280 Et
1110 1240 1369 1289 Bernardus,
1412 1253 1512 1279 cum
1556 1239 1797 1279 monuisset

329 1326 486 1367 corpus
528 1312 612 1354 hoc
654 1313 803 1353 durius
846 1328 940 1354 esse
972 1314 1266 1363 tractandum,
1299 1328 1406 1353 mox
1449 1314 1509 1353 ita
1547 1312 1795 1353 concludit:

329 1387 442 1429 “Sic
474 1401 579 1440 ergo
611 1388 737 1428 nobis
770 1394 835 1428 est
872 1402 971 1428 cum
1005 1402 1056 1428 eo
1087 1389 1419 1437 convivendum,
1444 1388 1569 1440 quasi
1602 1402 1689 1428 non
1722 1388 1796 1428 diu

329 1475 429 1503 cum
462 1476 514 1501 eo
545 1461 673 1501 nobis
705 1463 761 1501 sit
798 1461 1224 1502 commorandum&
1284 1462 1419 1502 Adde
1451 1462 1569 1514 quod
1610 1461 1797 1502 Basilius

329 1535 483 1584 innuit,
508 1549 607 1575 cum
640 1549 898 1588 persuasum
929 1536 984 1576 sit
1016 1537 1258 1589 praesertim
1282 1536 1336 1576 de
1359 1550 1436 1589 spe
1460 1534 1646 1576 Lazari.3
1689 1535 1800 1588 Quis

331 1610 448 1650 enim
490 1609 574 1649 hoc
616 1623 772 1662 corpus
814 1609 1000 1650 sollicite
1038 1610 1195 1659 foveat,
1232 1611 1350 1663 quod
1383 1610 1625 1663 aliquando
1657 1610 1798 1651 multo

330 1683 486 1723 melius
516 1683 815 1736 recipiendum
846 1690 923 1733 est,
956 1685 990 1723 si
1015 1691 1061 1724 ut
1094 1684 1241 1724 decuit
1271 1684 1543 1724 vixerimus?
1577 1683 1799 1724 Sollicitu-

331 1756 479 1797 dinem
513 1764 661 1798 autem
694 1757 909 1810 intelligit,
933 1772 1030 1810 quae
1069 1758 1188 1798 cadit
1220 1759 1262 1797 in
1295 1758 1461 1806 vitium,
1487 1764 1534 1798 ut
1566 1764 1632 1798 est
1664 1757 1799 1798 nimia

330 1832 523 1884 corporis
546 1845 660 1880 cura,
685 1838 728 1872 et
750 1831 879 1883 hujus
902 1845 1035 1884 quam
1059 1832 1218 1872 animae
1241 1833 1394 1884 potior.

420 1904 638 1953 Secundo,
693 1906 1046 1958 reprehensibilis
1098 1912 1164 1946 est
1215 1907 1318 1959 quia
1368 1906 1463 1946 haec
1523 1907 1588 1946 sui
1645 1907 1798 1947 tuendi

332 1980 576 2032 corpusculi
629 1979 879 2020 sollicitudo
932 1994 1200 2034 magnopere
1252 1981 1437 2033 impedit
1484 1981 1569 2020 Dei
1621 1981 1799 2031 cultum,

330 2053 555 2106 animique
596 2054 840 2105 culturam;
887 2054 1050 2094 divisus
1099 2060 1164 2094 est
1206 2054 1322 2094 enim
1375 2055 1558 2102 animus,
1602 2060 1650 2093 ut
1701 2054 1800 2095 Deo

330 2133 474 2167 totum
497 2141 652 2168 vacare
681 2141 769 2168 non
799 2128 949 2180 possit,
973 2128 1084 2168 sicut
1106 2133 1260 2168 contra
1281 2141 1381 2167 eum
1410 2141 1436 2167 a
1464 2127 1610 2167 studio
1633 2127 1799 2167 fervido

332 2207 465 2253 atque
507 2201 742 2241 insatiabili
785 2201 1001 2241 desiderio
1044 2201 1155 2241 circa
1197 2201 1456 2241 mandatum
1509 2202 1692 2241 Domini
1735 2208 1802 2242 est

333 2281 586 2327 occupatus,
622 2274 728 2314 nihil
765 2274 899 2314 habet
935 2275 1012 2314 otii
1051 2274 1238 2314 Basilius
1275 2275 1442 2327 inquit:
1477 2274 1578 2315 “Ut
1614 2275 1670 2315 de
1707 2289 1800 2315 cor-

333 2349 453 2401 poris
505 2348 839 2388 necessitatibus
881 2348 1119 2401 cogitando
1161 2354 1308 2388 mente
1349 2347 1591 2401 vagetur.’'4
1653 2347 1802 2401 Quare

334 2422 556 2462 Dominus
585 2436 685 2462 cum
712 2422 824 2463 hanc
853 2422 1193 2462 sollicitudinem
1222 2436 1446 2462 removere
1466 2422 1625 2462 vellet:
1660 2423 1800 2463 “Non

331 2495 552 2550 potestis,''
591 2497 742 2549 inquit,
775 2497 910 2536 “Deo
948 2497 1106 2536 servire
1137 2502 1180 2536 et
1213 2494 1540 2537 mammonae.’'5
1602 2497 1800 2549 Ideoque

331 2577 453 2611 vetat
490 2571 727 2624 discipulos
764 2584 865 2610 suos
908 2584 1002 2610 esse
1035 2570 1243 2612 sollicitos
1285 2571 1390 2623 quid
1429 2571 1699 2611 manducent
1730 2571 1799 2611 vel

333 2646 559 2697 quomodo
604 2646 872 2695 vestiantur;
924 2645 1167 2698 praesertim
1209 2651 1359 2685 autem
1401 2645 1457 2685 ab
1499 2645 1551 2685 iis
1591 2645 1799 2685 sollicitu-

334 2719 483 2758 dinem
535 2725 743 2768 removet,
786 2719 889 2771 quia
934 2718 1119 2771 operarii
1171 2725 1294 2759 erant
1345 2719 1570 2772 evangelii,
1615 2732 1800 2771 quorum

376 2822 389 2842 ¹
414 2824 537 2857 Strom.
558 2826 614 2857 lib.
634 2835 665 2865 4.
790 2823 804 2842 2
827 2825 883 2856 Ad
901 2825 990 2856 Frat.
1010 2825 1052 2856 de
1073 2825 1179 2857 Mont.
1202 2825 1277 2856 Dei.
1392 2823 1406 2843 3
1430 2825 1511 2865 Reg.
1528 2825 1615 2856 brev.
1632 2835 1662 2866 q.
1685 2831 1754 2864 132.

699 2875 712 2895 ‘²
737 2877 822 2917 Reg.
842 2876 932 2909 brev.
953 2886 985 2917 q.
1007 2876 1078 2908 206.
1216 2875 1229 2894 ‘⁵
1254 2875 1372 2908 Matth.
1395 2876 1424 2909 6.
