1903 3197
660 147 738 191 De
770 147 894 193 Pam
899 147 1094 193 z’lenlz'zlc.
1524 162 1537 190 1
1555 161 1576 189 2
1586 159 1609 203 5

150 285 217 319 tra
248 278 532 327 voluntatem,
566 292 617 318 ea
650 278 791 330 magis
824 284 955 317 urunt
992 292 1125 329 quam
1161 292 1258 330 quae
1293 292 1350 317 ex
1386 277 1612 318 voluntate

152 352 380 401 accidunt;
429 351 643 404 quidquid
685 352 802 391 enim
844 351 1136 390 voluntarium
1180 358 1255 400 est,
1294 358 1490 391 nostrum
1533 358 1609 401 est,

150 432 297 466 nostra
334 431 481 466 autem
524 426 672 465 omnia
713 425 852 476 magis
895 438 984 473 nos,
1017 438 1150 476 quam
1193 425 1334 464 aliena
1375 425 1607 474 delectant,

147 500 282 540 etiam
319 501 424 553 ipsae
461 514 617 552 poenae,
652 505 696 539 et
732 513 830 551 quae
868 498 1029 538 doloris
1068 499 1265 542 inurendi
1305 500 1393 538 vim
1431 499 1606 540 habent.

151 573 204 612 Id
227 587 284 613 ex
307 587 358 613 eo
384 573 531 626 liquet,
556 574 674 625 quod
706 573 901 625 plerique
934 586 979 613 se
1012 573 1128 625 ipsos
1162 579 1367 612 accusant
1399 580 1608 624 arguente

148 647 333 696 nemine,
350 653 393 686 et
413 652 664 699 peccatores
687 646 935 695 inclamant,
956 652 1002 686 ut
1025 645 1332 686 animadvertit
1351 646 1606 697 Gregorius:

149 719 300 760 “Cum
342 734 444 760 vero
486 721 540 760 de
582 721 710 773 611193
762 735 839 760 5113
892 720 1050 759 fuerint
1101 720 1300 772 correpti,
1346 719 1609 759 defensionis

143 794 435 845 patrocinium
485 793 753 847 1111161·11111.”1
817 795 1019 846 Itemque
1068 792 1194 833 multi
1247 793 1396 841 multa,
1450 799 1606 846 sponte

145 880 234 916 sua,
268 881 421 920 aspera
453 874 495 907 et
527 869 635 908 dura
667 869 919 920 suscipiunt,
952 882 1051 920 quae
1085 867 1118 907 si
1142 867 1198 907 ab
1221 867 1317 907 aliis
1350 868 1437 907 sint
1469 868 1608 920 impe-

146 947 251 991 rata,
305 942 570 992 reclament3
623 943 920 994 continuoque
964 942 1248 994 experiantur
1291 941 1458 989 acerba,
1513 955 1611 993 quae

145 1016 278 1067 paulo
301 1021 413 1064 ante,
438 1016 539 1068 quia
561 1030 639 1056 sua
662 1023 794 1064 erant,
820 1016 963 1055 minus
995 1029 1149 1068 aspera
1171 1015 1441 1055 videbantur.
1508 1015 1606 1054 Imo

146 1087 247 1128 licet
300 1089 439 1129 multo
481 1089 566 1129 sint
619 1090 816 1129 breviora
858 1103 956 1141 quce
1009 1089 1289 1141 imperantur,
1333 1102 1467 1141 quam
1511 1101 1609 1140 quae

145 1169 302 1215 sponte
325 1168 588 1215 quaeruntur,
607 1170 767 1210 tamen,
793 1163 896 1215 quia
920 1176 1007 1202 non
1031 1176 1086 1201 ex
1111 1163 1238 1201 nobis
1261 1168 1407 1201 ortum
1430 1162 1609 1209 habent,

144 1237 347 1275 mordent
388 1236 537 1276 acrius.
622 1236 768 1288 Negat
812 1236 1064 1288 Xenophon
1108 1235 1278 1275 labores
1323 1235 1607 1288 Imperatoris

143 1322 270 1360 {eque
290 1322 444 1361 graves
467 1323 516 1349 36
540 1309 689 1348 militis
713 1323 817 1357 esse,
843 1309 946 1361 quia
979 1308 1092 1347 illius
1125 1309 1295 1349 labores
1329 1309 1431 1349 facit
1463 1310 1607 1362 19511111

141 1382 373 1434 1111961111111
395 1382 587 1430 leviores,
612 1383 654 1421 in
685 1396 772 1435 quo
803 1382 914 1422 inest
944 1396 1022 1421 sua
1043 1382 1258 1431 voluntas,
1283 1383 1432 1422 militis
1455 1389 1604 1422 31116111

140 1455 364 1508 graviores
401 1456 505 1495 facit
542 1456 813 1508 obsequium,
850 1462 892 1495 et
931 1456 1024 1508 ipsa
1056 1456 1250 1495 servitus.
1316 1454 1475 1508 Quare,
1509 1469 1609 1495 cum

146 1529 349 1570 voluntas
382 1530 556 1582 propria
588 1529 925 1570 delectationem
959 1529 1132 1578 habeat,
1164 1529 1398 1569 delectatio
1431 1528 1612 1568 difficul-

144 1608 285 1643 tatem
327 1603 494 1651 minuit,
538 1617 625 1656 qua
666 1603 958 1643 delectatione
1010 1616 1109 1642 cum
1162 1608 1339 1643 careant
1392 1602 1614 1655 impositae

147 1691 293 1729 poenae
326 1676 422 1729 plus
460 1677 728 1717 difficultatis
765 1677 940 1726 habent,
979 1690 1028 1716 ac
1066 1676 1250 1729 proinde
1285 1676 1416 1716 etiam
1456 1676 1612 1723 meriti,

151 1751 185 1789 si
210 1750 293 1789 Dei
324 1764 454 1790 causa
488 1750 782 1802 suscipiuntur
815 1750 1024 1790 alacriter.
1090 1750 1187 1789 Imo
1220 1750 1255 1789 si
1286 1749 1460 1802 proprie
1491 1749 1612 1801 loqui

150 1823 363 1871 volumus,
407 1824 623 1876 impositae
676 1837 820 1876 poenae
873 1824 1013 1875 magis
1055 1824 1253 1863 dicendae
1305 1830 1406 1863 sunt
1457 1836 1612 1875 poenae,

151 1911 285 1950 quam
313 1911 411 1949 quce
445 1911 522 1937 sua
554 1897 779 1937 voluntate
811 1897 1116 1948 suscipiuntur,
1141 1897 1299 1936 idcirco
1332 1897 1448 1936 enim
1480 1910 1615 1949 poena

151 1978 333 2024 9666310
356 1971 549 2019 debetur,
575 1976 623 2010 ut
648 1972 710 2010 ait
733 1968 959 2018 Thomasf'
981 1971 1084 2022 quia
1115 1984 1192 2022 per
1223 1983 1401 2023 poenam
1431 1970 1614 2022 justitiae

153 2051 379 2098 reparatur
419 2045 659 2097 aequalitas,
694 2045 871 2096 quando
906 2044 951 2093 is,
982 2045 1054 2095 qui
1090 2050 1243 2096 peccat
1278 2044 1406 2083 nimis
1440 2050 1614 2084 secutus

151 2117 425 2158 voluntatem
461 2132 597 2165 suam,
622 2118 786 2170 aliquid
817 2117 910 2169 jam
945 2118 1109 2170 patitur
1143 2123 1293 2157 contra
1327 2117 1612 2157 voluntatem.

154 2191 324 2232 Patitur
360 2197 508 2231 autem
546 2192 764 2244 quispiam
803 2190 942 2230 multo
981 2191 1120 2243 magis
1157 2197 1308 2231 contra
1340 2190 1612 2231 voluntatem

151 2279 276 2306 5113111
328 2280 405 2319 961
455 2279 635 2318 poenam
678 2265 942 2317 impositam,
986 2278 1118 2317 quam
1162 2279 1238 2317 per
1279 2279 1458 2318 poenam
1501 2265 1616 2305 ultro

155 2346 417 2392 susceptam,
462 2339 562 2379 licet
607 2339 702 2379 11366
745 2340 877 2378 etiam
919 2338 1147 2387 voluntati,
1190 2338 1354 2378 56111661
1399 2339 1614 2391 3996111111

149 2412 339 2452 inferiori
372 2419 594 2465 repugnet.

242 2486 331 2527 Sed
364 2486 543 2538 objiciat
565 2486 732 2538 aliquis,
759 2486 917 2525 Poenas
941 2499 1049 2538 quas
1071 2486 1197 2526 nobis
1220 2487 1324 2539 ipsis
1346 2486 1613 2539 imponimus

153 2558 241 2598 vim
265 2558 476 2611 majorem
498 2559 660 2599 habere
683 2559 888 2609 merendi,
912 2560 1014 2611 quia
1045 2559 1143 2612 plus
1169 2559 1333 2599 habent
1354 2559 1586 2599 voluntarii
1605 2573 1613 2599 :

156 2633 383 2684 impositas
405 2646 507 2672 vero
537 2633 680 2672 minus
712 2632 873 2673 habere
896 2634 1050 2683 meriti,
1073 2634 1177 2685 quia
1206 2633 1349 2672 minus
1370 2632 1613 2681 voluntarii,

155 2706 244 2745 imo
266 2720 384 2759 saepe
406 2707 603 2758 cogimur
623 2706 692 2746 vel
725 2707 847 2747 inviti
871 2708 1023 2747 subire.
1088 2707 1148 2747 Et
1170 2706 1478 2755 confirmatur;
1511 2705 1613 2757 quia

152 2785 427 2821 mortuorum
459 2780 604 2830 animi,
629 2781 703 2834 qui
737 2782 1001 2835 purgatoriis
1036 2781 1209 2833 ignibus
1241 2780 1487 2832 expiantur,
1511 2778 1613 2832 quia

400 2867 414 2912 ἓ
440 2869 532 2904 Mor.
552 2870 573 2903 l.
589 2878 641 2904 22.
663 2880 689 2904 c.
714 2878 762 2912 14.
943 2869 956 2889 2
980 2870 1014 2903 S.
1035 2878 1065 2904 2.
1085 2877 1115 2903 2.
1136 2880 1167 2911 q.
1191 2867 1262 2902 108.
1281 2879 1311 2902 a.
1330 2876 1362 2910 4.
