1903 3197
229 144 310 190 De
330 143 476 190 malis
499 143 559 189 ab
582 142 898 188 immoderata
922 141 1230 203 castzgatz'one
1250 140 1432 186 allatis.
1496 155 1527 198 4
1533 152 1556 199 5
1567 154 1593 199 3

129 276 291 316 caverit
323 274 597 327 S.1gnatius‚
629 273 708 314 sed
741 273 940 313 universe
972 273 1212 313 dumtaxat
1244 272 1448 325 attigerit,
1473 284 1594 312 amo-

131 348 300 399 venda;
346 348 589 401 praesertim
631 359 731 387 cum
774 351 817 386 et
857 346 958 385 viris
1002 346 1164 386 usitata
1209 346 1506 394 sanctissimis,
1549 350 1593 386 et

132 436 317 475 magnus
339 421 443 462 olim
462 421 698 461 ciliciorum
717 433 821 459 usus
838 420 881 460 in
900 419 1019 459 omni
1044 419 1241 459 Ecclesia
1258 433 1430 472 semper
1452 419 1591 459 fuerit.

218 495 307 537 Sed
330 495 385 535 de
406 495 473 535 his
495 494 767 548 poenitentiae
800 493 1032 545 generibus
1061 493 1167 532 satis
1190 506 1415 545 superque.
1480 491 1593 544 Quae

131 570 309 622 quidem
342 569 489 609 omnia
520 573 568 608 ut
598 566 835 607 laudabilia
858 572 901 606 et
922 565 1129 606 salutaria
1150 571 1263 613 sunt,
1288 579 1386 605 cum
1410 566 1593 605 modum

129 642 320 696 aliquem
361 642 557 691 habent3
609 641 680 689 ita,
724 653 824 680 cum
868 639 1159 679 immoderata
1202 645 1313 686 sunt,
1357 639 1464 678 vitio
1506 651 1594 678 non

130 723 287 757 carent.
353 716 455 756 Huc
497 715 628 754 etiam
672 714 861 767 pertinet
901 713 1038 753 virtus
1079 712 1162 760 illa,
1208 725 1340 764 quam
1383 712 1426 750 in
1468 711 1595 751 bonis

130 790 374 830 actionibus
435 788 718 840 maximeque
779 786 991 839 religiosis
1050 785 1303 825 hominibus
1363 790 1594 836 tantopere

130 862 471 903 commendabat
521 861 774 910 Antonius;
817 859 1063 914 prudentia,
1106 859 1297 911 inquam,
1339 864 1473 910 atque
1509 857 1596 899 dis-

130 936 276 985 cretio,
307 949 440 988 quam
478 935 647 975 cunctis
689 948 777 974 non
815 934 1047 974 dubitabat
1083 932 1297 972 anteferre
1333 931 1596 980 vi1·tutibus;

130 1021 181 1050 ea
215 1010 330 1048 enim
366 1009 653 1049 discernimus
688 1008 801 1047 inter
833 1008 1017 1047 nimium
1050 1012 1092 1046 et
1124 1019 1290 1059 parum,
1325 1006 1596 1056 modumque

131 1095 230 1123 cum
263 1083 382 1122 omni
414 1096 459 1122 re
490 1089 704 1130 tenemus,
729 1087 824 1121 tum
857 1082 900 1120 in
932 1080 1170 1120 subeundis
1200 1086 1348 1119 nostra
1369 1079 1596 1119 voluntate

132 1156 366 1209 suppliciis.

231 1342 258 1396 ξ
291 1350 454 1382 2.—DE
487 1350 636 1381 MALIS
668 1349 730 1380 AB
763 1348 1101 1380 IMMODERATA
1133 1347 1499 1380 CASTIGATIONE

755 1423 976 1454 ALLATIS.

221 1532 450 1572 Hactenus
487 1543 590 1582 ergo
627 1528 683 1569 de
731 1528 868 1569 altero
914 1528 1068 1581 prioris
1115 1528 1250 1581 partis
1298 1528 1508 1578 membro,
1554 1528 1597 1569 in

131 1606 394 1660 quibusnam
412 1604 660 1657 asperitatis
683 1602 917 1655 generibus
940 1602 1231 1642 immoderata
1254 1602 1445 1653 corporis
1469 1602 1598 1642 casti-

131 1680 252 1733 gatio
286 1679 369 1719 sita
402 1679 466 1718 sit.
550 1677 680 1717 Nunc
714 1677 769 1716 de
802 1676 941 1716 altero
983 1675 1068 1724 illo,
1102 1676 1207 1728 quid
1242 1676 1397 1715 eadem
1441 1677 1598 1716 immo-

131 1753 300 1793 deratio
332 1751 434 1791 mali
466 1751 618 1803 pariat,
643 1764 743 1790 cum
777 1763 880 1789 suos
912 1749 1020 1788 fines
1050 1750 1322 1800 modumque
1348 1749 1600 1789 transierit?

133 1826 236 1866 Duo
288 1831 435 1865 autem
480 1824 597 1864 mala
647 1824 792 1876 parit;
843 1823 1034 1875 primum
1076 1822 1190 1874 quia,
1233 1829 1280 1862 ut
1329 1822 1599 1863 Constitutio

131 1899 338 1952 loquitur,
390 1900 747 1937 “nocumentum
791 1896 917 1936 affert
968 1894 1216 1948 corpori;’'
1285 1895 1444 1935 deinde
1495 1895 1599 1947 quia

133 1971 339 2023 “majora
370 1971 487 2010 bona
519 1969 741 2022 impedit.''

217 2045 402 2097 Triplex
433 2051 581 2084 autem
605 2049 919 2083 nocumentum
942 2042 1136 2095 corporis
1158 2041 1265 2094 fingi
1297 2047 1454 2094 potest,
1479 2042 1598 2095 quod

132 2118 441 2160 immoderatio
458 2118 758 2170 castigationis
776 2116 929 2157 afferre
946 2115 1067 2157 solet.
1102 2116 1295 2156 Primum
1315 2122 1379 2155 est
1398 2116 1599 2157 interitus

131 2193 225 2246 ipse
258 2197 391 2244 atque
423 2205 566 2231 mors:
598 2196 747 2243 posset
789 2191 906 2230 enim
939 2190 1157 2242 quispiam
1199 2195 1291 2229 tam
1329 2190 1422 2229 sine
1464 2190 1597 2230 modo

133 2279 291 2319 corpus
312 2279 439 2305 suum
462 2265 688 2317 castigare,
707 2270 755 2304 ut
778 2264 898 2304 brevi
922 2264 960 2303 ei
983 2276 1135 2303 necem
1158 2263 1342 2303 afferret.
1390 2263 1597 2303 Alterum

131 2346 198 2381 est
227 2353 315 2380 non
350 2340 529 2392 quidem
562 2352 677 2378 mors
710 2345 844 2390 atque
877 2337 1090 2386 interitus,
1121 2336 1198 2376 sed
1232 2343 1382 2376 tamen
1420 2338 1598 2378 morbus

129 2413 396 2466 periculosus
426 2419 468 2453 et
494 2413 647 2466 gravis.
701 2412 901 2452 Tertium
930 2417 996 2451 est
1023 2410 1138 2451 mala
1170 2411 1373 2463 quaedam
1404 2410 1598 2463 corporis

130 2486 356 2536 habitudo,
391 2500 523 2539 quam
560 2486 735 2536 καχεξίαν
772 2485 911 2526 Graeci
949 2484 1186 2538 appellant,
1221 2485 1321 2524 licet
1356 2485 1469 2525 absit
1502 2496 1599 2536 gra-

133 2559 245 2600 vitas
282 2560 422 2599 morbi
456 2560 525 2600 vel
561 2559 802 2612 periculum
842 2559 1103 2608 imminens;
1141 2559 1260 2610 quod
1296 2564 1390 2598 tum
1429 2558 1598 2608 accidit,

132 2645 232 2673 cum
281 2632 487 2672 valetudo
536 2633 597 2672 ita
645 2633 859 2685 frangitur
902 2646 952 2673 ac
1002 2632 1266 2679 debilitatur,
1310 2637 1358 2671 ut
1400 2630 1599 2682 quamvis

131 2705 222 2745 vita
253 2717 341 2745 non
374 2704 557 2753 deficiat,
592 2705 686 2757 ipsa
717 2712 867 2745 tamen
905 2704 1035 2745 nullis
1066 2705 1123 2744 sit
1155 2704 1305 2744 usibus
1337 2709 1596 2756 opportuna.

130 2778 454 2831 Quodcumque
483 2792 541 2819 ex
573 2778 640 2818 his
675 2779 968 2819 incommodis
999 2778 1152 2818 afferat
1182 2778 1473 2817 immoderata
1505 2775 1599 2829 ejus

131 2853 363 2904 castigatio
402 2852 605 2905 corporis,
640 2852 808 2904 duplex
844 2858 1075 2905 peccatum
1119 2851 1268 2891 evitari
1311 2864 1397 2890 non
1439 2855 1595 2903 potest.
