1903 3197
550 153 629 198 De
661 159 787 199 recta
822 154 1091 201 intentione.
1467 169 1523 199 22
1537 169 1554 200 1

97 286 356 340 postpositis
378 285 609 326 verborum
639 284 763 334 foliis,
787 285 1043 337 postpositis
1073 285 1386 326 sententiarum
1413 286 1556 333 ramis,

93 360 199 400 dum
242 360 382 413 ipsam
425 358 641 399 subtiliter
682 358 871 398 radicem
918 372 1026 397 meze
1066 359 1318 399 intentionis
1356 360 1550 412 inspicio,

94 434 192 473 Deo
224 433 401 486 quidem
435 447 504 473 me
537 447 594 472 ex
626 446 677 472 ea
709 446 988 485 summopere
1027 432 1197 484 placere
1229 432 1417 473 voluisse
1454 448 1556 487 cog-

94 522 257 558 nosco3
309 508 385 548 sed
428 507 569 547 eidem
618 507 860 553 intentioni,
903 520 988 558 qua
1033 507 1131 546 Deo
1173 505 1343 558 placere
1386 507 1552 555 studeo,

91 581 238 622 furtim
273 596 318 621 se
350 582 494 621 nescio
526 580 749 633 quomodo
783 581 968 620 intentio
1001 580 1207 619 humanae
1245 579 1386 619 laudis
1425 581 1555 620 inter—

91 656 203 696 serit.
277 654 407 707 Quod
460 667 559 694 cum
609 654 700 705 jam
753 654 1039 706 postmodum
1082 654 1294 705 tardeque
1345 653 1553 700 discerno,

92 729 264 769 invenio
299 742 369 768 me
403 728 527 768 aliter
560 741 699 780 agere,
736 728 855 779 quod
894 729 982 767 scio
1021 741 1091 767 mc
1128 727 1254 767 aliter
1291 727 1554 768 inchoasse.''

93 802 166 843 Sic
195 802 310 842 enim
340 816 457 854 saepe
487 803 775 842 intentionem
802 807 1007 849 nostram,
1034 801 1138 840 dum
1171 807 1273 841 ante
1297 802 1381 840 Dei
1405 801 1555 842 oculos

92 882 208 916 recte
249 876 410 928 incipit,
445 875 614 915 occulte
660 875 894 928 subjuncta
937 881 979 915 et
1023 889 1119 915 eam
1157 875 1276 916 velut
1319 876 1361 915 in
1405 876 1557 917 itinere

93 949 468 1002 comprehendens
499 951 683 989 intentio
713 949 919 989 humanm
951 950 1093 989 laudis
1119 951 1373 1002 assequitur.
1439 950 1559 1004 Ergo

96 1037 256 1076 magno
286 1024 431 1064 studio
462 1029 613 1063 contra
642 1029 843 1063 naturam
876 1023 1189 1063 decertandum
1225 1030 1301 1071 est,
1336 1038 1390 1063 ne
1424 1038 1559 1077 prava

95 1111 218 1137 mens
261 1103 409 1137 nostra
451 1096 538 1144 fiat,
577 1103 620 1136 et
663 1097 705 1136 in
750 1097 877 1137 rebus
920 1098 1032 1137 bene
1075 1098 1276 1149 gerendis
1319 1098 1561 1139 admisceat

95 1171 261 1224 aliquid
295 1171 371 1210 sui.

184 1244 272 1285 Sed
303 1245 358 1284 de
387 1258 450 1293 eo,
474 1244 591 1296 quod
622 1244 763 1296 primo
794 1244 889 1284 loco
912 1245 1185 1297 propositum
1211 1250 1313 1291 erat,
1338 1244 1559 1286 hactenus,

96 1318 306 1369 Sequitur
339 1323 386 1357 ut
420 1318 475 1356 de
509 1317 645 1357 altero
680 1317 887 1369 deinceps
925 1318 1134 1364 dicamus,
1171 1332 1377 1370 quaenam
1417 1319 1563 1360 detor-

95 1397 259 1443 queant
292 1397 454 1430 rectam
489 1397 695 1430 mentem.

185 1463 344 1516 Quoad
397 1464 650 1504 secundum.
726 1463 944 1516 Quaenam
987 1470 1134 1504 autem
1178 1464 1471 1516 detorqueant
1513 1479 1562 1506 ac

96 1539 336 1591 depravent
368 1538 587 1578 interdum
612 1543 775 1578 rectam
800 1544 1006 1583 mentem,
1030 1538 1118 1578 duo
1141 1553 1198 1578 ex
1223 1538 1563 1585 Constitutione,

98 1617 141 1652 et
175 1626 225 1651 ea
258 1612 435 1664 quidem
468 1612 689 1665 praecipua
723 1611 866 1664 colligi
900 1618 1112 1665 possunt:
1146 1626 1245 1665 spes
1268 1613 1564 1665 praemiorum,

97 1691 140 1725 et
163 1691 306 1725 metus
329 1699 570 1738 poenarum.
620 1686 736 1725 Nam
761 1686 793 1725 si
818 1687 914 1738 quis
938 1700 1015 1739 spe
1037 1687 1318 1738 praemiorum
1343 1687 1565 1727 duntaxat

97 1759 347 1811 impellatur
377 1760 433 1799 ad
466 1759 644 1809 bonum,
681 1765 800 1799 metu
836 1766 984 1799 autem
1020 1774 1252 1812 poenarum
1294 1766 1503 1800 avocatur
1538 1774 1563 1800 a

98 1833 225 1880 malo,
259 1846 345 1872 non
380 1833 415 1871 is
450 1839 611 1872 rectam
647 1832 781 1872 habet
815 1833 995 1872 omnino
1032 1840 1255 1882 mentem;
1307 1847 1407 1872 cum
1446 1839 1563 1874 recta

97 1920 221 1946 mens
258 1906 301 1945 id
339 1906 618 1958 potissimum
656 1906 818 1958 exigat,
855 1912 901 1946 ut
941 1907 1024 1945 Dei
1062 1907 1281 1959 praecipue
1319 1920 1451 1946 causa
1488 1913 1564 1946 aut

98 1979 338 2020 benefactis
375 1980 560 2028 insistat,
597 1986 673 2019 aut
715 1979 956 2019 malefactis
993 1980 1224 2028 abstineat,
1264 1980 1396 2019 etiam
1435 1979 1564 2020 nullis

96 2054 334 2108 propositis
386 2053 576 2106 przemiis
628 2058 705 2093 aut
756 2053 988 2106 suppliciis.
1064 2053 1124 2093 Et
1172 2059 1404 2106 propterea
1457 2054 1564 2094 dicit

99 2127 397 2168 Constitutio:
450 2128 673 2180 “Propter
723 2127 995 2176 charitatem,
1039 2132 1082 2167 et
1133 2127 1299 2167 eximia
1350 2127 1561 2167 beneficia

96 2202 262 2255 quibus
296 2202 508 2254 praevenit
538 2215 627 2250 nOS‚
659 2202 804 2254 potius
835 2215 967 2254 quam
998 2201 1054 2241 ob
1083 2201 1286 2240 timorem
1317 2214 1561 2253 poenarum,

96 2275 165 2317 vel
217 2289 341 2329 spem
392 2274 710 2328 praemiorum.”
774 2275 887 2315 Hcec
937 2280 1086 2315 autem
1139 2275 1238 2323 duo,
1287 2288 1386 2327 quae
1437 2275 1563 2328 ponit

100 2349 144 2392 S.
165 2349 375 2403 Ignatius,
409 2356 484 2390 aut
516 2348 775 2402 temporalia
808 2355 919 2399 sunt,
951 2355 1028 2389 aut
1062 2355 1237 2389 aeterna.
1277 2349 1401 2389 Deus
1430 2350 1560 2397 enim,

100 2431 148 2465 ut
171 2425 214 2464 in
237 2423 374 2464 altera
394 2424 484 2463 vita
505 2437 661 2476 poenas
684 2423 905 2476 improbis,
931 2423 1178 2463 mercedem
1202 2423 1329 2463 bonis
1351 2429 1564 2471 reservat;

96 2499 158 2538 sic
188 2499 232 2537 in
260 2497 343 2538 hac
375 2503 491 2538 recte
513 2497 629 2538 facta
650 2511 768 2550 saepe
791 2502 1050 2547 remunerat,
1074 2510 1192 2550 saepe
1213 2496 1408 2537 vindicat
1431 2496 1564 2537 male-

96 2572 225 2612 facta.
290 2570 438 2624 Quare
473 2577 622 2624 potest
653 2571 884 2624 quispiam,
918 2584 996 2624 spe
1026 2570 1238 2611 mercedis
1275 2576 1350 2611 aut
1387 2576 1563 2610 aeternae

100 2650 177 2686 aut
217 2645 483 2697 temporalis,
525 2645 727 2698 persequi
780 2651 895 2685 recte
947 2643 1093 2694 facta;
1144 2644 1437 2696 vicissimque,
1489 2648 1565 2682 aut

97 2724 275 2759 aeternae
327 2724 403 2758 aut
449 2719 703 2772 temporalis
754 2732 898 2772 poenae
946 2725 1079 2767 metu,
1127 2717 1277 2771 fugere
1318 2715 1561 2756 malefacta.

99 2792 247 2845 Magis
269 2797 418 2833 autem
440 2797 603 2833 rectam
625 2797 820 2832 mentem
842 2791 1104 2845 temporalia
1129 2791 1406 2843 detorquent,
1429 2801 1563 2841 quam

100 2871 294 2917 aeterna;
328 2866 442 2919 quia,
465 2879 564 2906 cum
591 2866 851 2920 temporalia
872 2867 956 2906 viae
988 2865 1195 2918 quaedam
1227 2870 1271 2905 et
1302 2863 1450 2905 media
1479 2862 1568 2904 sint
