1903 3197
390 173 469 218 De
500 172 657 218 nimia
691 170 904 232 corporis
937 170 1269 216 sollicitudine.
1471 183 1564 228 399

104 307 207 358 quia
227 305 294 346 his
311 305 516 346 omnibus
539 300 812 356 indigetis;”1
835 302 1000 341 scilicet
1022 302 1286 351 necessariis,
1305 314 1391 341 non
1415 314 1563 354 super-

103 380 308 420 vacaneis
358 379 413 418 ad
463 377 737 429 voluptatem
785 382 827 415 et
871 375 1094 427 gaudium,
1145 374 1212 413 his
1264 375 1380 414 enim
1433 387 1562 415 nemo

104 452 298 504 indiget3
359 452 415 491 ad
458 449 722 490 necessarias
773 454 921 488 autem
963 447 1075 487 vires
1117 448 1308 500 corporis
1356 453 1403 487 ut
1444 448 1563 487 oneri

102 525 281 566 ferendo
311 526 406 565 sint.
470 523 639 564 Idcirco
672 522 834 562 inutilis
858 527 923 561 est
945 535 996 561 ea
1019 534 1117 573 quae
1149 521 1382 572 suscipitur
1408 521 1564 560 sollici-

104 599 224 648 tudo,
257 599 358 651 quia
392 597 496 637 satis
531 602 597 636 est
634 597 688 636 ad
732 595 774 635 id
819 595 1044 634 moderata
1087 594 1292 645 qucedam
1327 607 1441 642 cura,
1477 607 1563 634 non

106 673 234 712 nimis
276 672 497 723 exquisita
538 683 618 709 nec
658 669 801 710 anxia.
867 668 983 708 Nam
1027 681 1081 707 ne
1125 667 1343 706 Dominus
1385 667 1563 718 quidem

105 747 208 798 ipse,
247 745 369 796 cujus
410 745 550 797 gratia
591 743 767 783 tuenda:
805 748 906 782 sunt
944 743 1055 780 vires
1092 740 1295 793 corporis,
1334 746 1504 779 tantam
1541 753 1567 779 a

105 819 229 858 nobis
256 819 298 858 in
332 819 382 857 iis
415 817 589 857 tuendis
615 817 954 856 sollicitudinem
979 815 1145 867 exigit;
1179 827 1311 866 quam
1344 814 1377 852 si
1411 812 1565 852 nihilo-

107 892 248 931 minus
274 897 432 944 sponte
461 891 731 943 suscipimus,
757 895 1017 942 argumento
1050 895 1115 928 est
1148 901 1234 928 non
1265 901 1344 927 nos
1373 887 1565 935 Domini,

103 965 180 1005 sed
204 972 401 1005 nostrum
424 971 622 1018 spectare
643 965 901 1016 obsequium
926 969 1059 1015 atque
1081 961 1377 1002 commodum.

193 1038 374 1091 Quarto,
409 1038 761 1091 reprehensibilis
799 1038 903 1077 item
937 1043 1002 1076 est
1038 1036 1133 1076 haec
1171 1035 1430 1084 sollicitudo,
1465 1036 1567 1087 quia

107 1126 193 1153 non
217 1113 308 1152 sine
342 1112 425 1152 Dei
459 1112 614 1164 injuria
646 1111 888 1164 suscipitur.
954 1110 1000 1150 Si
1034 1111 1149 1149 enim
1184 1108 1319 1149 nostri
1351 1122 1499 1148 curam
1532 1109 1569 1148 is

106 1187 227 1238 gerit,
271 1185 375 1238 quid
419 1199 528 1237 opus
571 1191 636 1224 est
677 1185 813 1224 nimia
849 1183 1152 1232 sollieitudine,
1185 1182 1310 1235 quasi
1353 1182 1445 1234 ipse
1488 1195 1568 1234 pro

105 1259 230 1299 nobis
271 1272 359 1298 non
402 1259 457 1298 sit
497 1258 739 1297 sollicitus?
802 1257 854 1296 In
887 1271 973 1309 quo
1007 1256 1183 1309 quidem
1226 1256 1565 1308 gubernatorem

107 1333 250 1372 Deum
284 1331 594 1370 imbecillitatis
626 1332 901 1379 damnamus,
935 1336 982 1369 ut
1016 1331 1077 1369 ait
1110 1329 1239 1368 Nilus
1271 1329 1313 1367 in
1346 1327 1566 1367 Ascetico.

105 1405 180 1444 An
219 1418 304 1444 non
337 1405 430 1456 ipse
461 1417 540 1444 nos
573 1411 733 1452 monet,
768 1410 815 1443 ut
853 1416 1000 1444 euram
1040 1409 1234 1442 nostram
1269 1402 1487 1453 jactemus
1525 1402 1567 1440 in

105 1479 259 1531 ipsum.
335 1477 532 1529 “Jacta,”
571 1479 722 1530 inquit,
764 1480 929 1529 “super
967 1477 1212 1515 Dominum
1246 1487 1395 1514 curam
1433 1480 1569 1523 tuam,

106 1558 149 1592 et
179 1553 271 1604 ipse
300 1557 344 1592 te
376 1550 622 1591 cm1t1·iet.'’2
684 1551 860 1591 Scilicet
892 1550 965 1589 ubi
998 1549 1193 1589 debitam
1227 1547 1567 1588 sollicitudinem

106 1640 163 1666 ex
201 1625 285 1665 Dei
323 1626 534 1665 mandato
571 1625 823 1677 susceperiS,
859 1636 992 1675 quam
1028 1623 1207 1675 quidem
1243 1635 1322 1674 pro
1356 1620 1571 1673 religiosis

109 1705 296 1740 rectores
328 1700 410 1752 ipsi
442 1699 693 1751 suscipiunt,
724 1704 772 1738 ut
804 1703 905 1737 ante
938 1697 1098 1737 monui.
1163 1695 1386 1748 Quoniam
1419 1700 1567 1735 autem

107 1786 218 1813 onus
240 1772 465 1824 quoddam
498 1772 656 1811 nostris
687 1771 878 1811 humeris
904 1784 1035 1823 grave
1059 1775 1124 1809 est
1152 1769 1246 1809 haec
1278 1782 1381 1809 cura
1412 1767 1570 1808 sollici-

108 1847 305 1898 tudoque
347 1845 402 1885 de
444 1845 579 1894 nobis,
623 1845 823 1884 hortatur
864 1850 911 1883 ut
954 1844 996 1883 id
1039 1857 1149 1882 onus
1191 1842 1480 1890 excutiamus,
1528 1847 1571 1882 et

107 1921 323 1972 jactemus
354 1920 396 1958 in
425 1920 568 1972 ipsum
590 1932 599 1967 ;
631 1918 714 1958 hoc
743 1918 859 1957 enim
883 1922 958 1966 est,
984 1916 1147 1968 “Jacta
1168 1929 1298 1968 super
1325 1915 1568 1955 Dominum

109 2008 255 2034 curam
280 1992 438 2033 tuam.”
503 1991 636 2044 Quod
660 1993 802 2045 ipsum
827 1991 950 2031 nobis
972 1991 1127 2030 suadet
1150 1991 1282 2029 etiam
1307 1989 1458 2028 Petrus
1481 2001 1568 2028 non

108 2067 394 2108 dissimilibus
425 2066 579 2113 verbis,
604 2079 702 2105 cum
732 2066 820 2105 ait:
845 2064 1074 2105 “Omnem
1104 2063 1444 2103 sollicitudinem
1475 2075 1570 2102 ves-

108 2149 220 2182 tram
245 2140 521 2193 projicientes
545 2140 586 2179 in
611 2152 722 2188 eum,
747 2139 955 2191 quoniam
979 2138 1059 2190 ipsi
1084 2143 1150 2177 est
1171 2150 1274 2176 cura
1296 2136 1350 2176 de
1371 2134 1556 2175 vobis.”3

198 2215 262 2255 Ut
284 2220 432 2254 autem
460 2214 600 2253 inanis
629 2218 695 2252 est
721 2211 969 2252 sollicitudo
996 2217 1144 2251 nostra
1176 2210 1443 2262 minimeque
1470 2209 1570 2249 Deo

109 2294 245 2342 grata,
292 2288 326 2328 si
379 2286 754 2340 quemadmodum
807 2298 1047 2337 augeamus
1093 2283 1176 2324 hoc
1226 2297 1383 2336 corpus
1434 2282 1570 2322 anxio

112 2363 260 2402 animo
283 2361 557 2413 sollicitoque
579 2360 725 2409 simus,
748 2365 981 2412 propterea
1006 2358 1126 2411 quod
1151 2357 1245 2397 haec
1267 2370 1371 2397 cura
1396 2356 1451 2396 ad
1485 2356 1571 2396 Dei

111 2436 275 2476 scilicet
325 2435 647 2488 providentiam
700 2439 895 2486 spectat;
957 2432 1019 2472 ita
1069 2445 1224 2485 parum
1276 2436 1573 2471 consentanea

112 2509 335 2561 religiosis,
370 2515 413 2549 et
447 2522 602 2562 parum
636 2513 761 2560 grata
798 2507 897 2547 Deo
935 2506 1177 2554 existimari
1214 2505 1357 2554 debet,
1395 2505 1430 2545 si
1467 2517 1573 2557 que-

114 2582 401 2622 madmodum
424 2582 507 2622 hoc
530 2582 672 2634 ipsum
695 2594 852 2634 corpus
874 2586 1075 2620 tueamur
1100 2592 1150 2619 ac
1177 2578 1413 2627 foveamus,
1436 2577 1576 2617 anxio

114 2656 262 2696 animo
313 2655 581 2707 suscipiatur.
674 2654 734 2695 Et
783 2653 867 2694 hoc
918 2659 994 2703 est,
1042 2652 1161 2706 quod
1214 2652 1331 2705 apud
1383 2649 1572 2691 eundem

117 2728 381 2770 Mattliaeum
411 2729 629 2769 Dominus
654 2728 786 2769 dicit:
820 2727 970 2781 “Quis
991 2733 1181 2768 vestrum
1206 2725 1404 2778 cogitans
1425 2727 1575 2777 potest

114 2803 302 2856 adjicere
334 2802 390 2843 ad
423 2808 635 2843 staturam
670 2815 794 2842 suam
829 2802 1025 2842 cubitum
1056 2799 1253 2851 unum;’'
1286 2798 1410 2851 quasi
1443 2797 1577 2847 dicat,

316 2891 329 2911 ²
353 2891 472 2925 Matth.
492 2892 522 2923 6.
744 2890 758 2910 2
781 2890 866 2923 Psal.
883 2897 933 2932 54.
1155 2887 1169 2909 ³
1196 2896 1223 2920 1.
1245 2888 1314 2920 Pet.
1336 2893 1365 2929 5.
