1903 3197
1008 148 1067 193 28

486 631 938 684 OPUSCULU
952 633 1012 684 M
1084 633 1584 687 SECUNDUM.

363 800 441 837 DE
489 798 818 837 SOCIETATIS
868 799 1003 835 FINE
1051 799 1237 847 JUXTA
1278 813 1296 836 2
1340 801 1464 838 REG.
1516 802 1694 840 SUMM.

813 870 984 906 EXAM.
1029 870 1073 907 C.
1112 883 1141 907 1.
1175 870 1192 918 ξ
1224 883 1256 907 2.

296 1017 508 1057 DUPLEX
532 1016 693 1056 dicitur
725 1016 823 1055 finis
855 1029 949 1055 esse
983 1015 1219 1056 Societatis
1251 1021 1442 1055 nostrae:
1481 1017 1600 1066 alter,
1635 1018 1763 1058 saluti

295 1096 339 1131 et
379 1091 641 1144 perfectioni
683 1090 959 1143 propriarum
1003 1090 1250 1129 animarum
1293 1104 1393 1130 cum
1436 1091 1585 1131 divina
1622 1092 1765 1144 gratia

293 1177 477 1213 vacare;
525 1164 636 1204 alter
666 1177 780 1210 vero,
805 1177 904 1203 cum
938 1163 1093 1203 eadem
1127 1164 1275 1203 divina
1306 1165 1458 1216 gratia,
1490 1165 1688 1218 impense
1720 1166 1762 1205 in

294 1238 483 1279 salutem
521 1244 566 1278 et
606 1238 924 1291 perfectionem
966 1239 1272 1290 proximorum
1311 1239 1573 1280 incumbere.
1639 1240 1762 1280 Prius

294 1312 428 1365 igitur
450 1312 505 1353 de
528 1313 698 1365 priore3
732 1319 826 1352 tum
849 1312 905 1351 de
926 1312 1167 1364 posteriore
1189 1312 1274 1352 fine
1297 1313 1502 1353 dicemus.

377 1501 403 1557 ξ
437 1512 593 1542 Ι.-])Ε
629 1512 735 1543 SUAE
768 1511 947 1543 SALUTI
979 1511 1040 1542 AC
1075 1511 1403 1543 PERFECTIONI
1436 1512 1684 1543 VACANDO.

383 1612 503 1651 Prior
546 1610 657 1659 finis,
698 1624 755 1650 ex
795 1610 1003 1662 loquendi
1047 1610 1181 1650 modo
1224 1611 1359 1650 nostri
1404 1610 1544 1651 Patris
1588 1611 1762 1663 Ignatii,

292 1699 381 1726 non
425 1691 517 1725 tam
571 1685 826 1737 praecipitur
866 1691 1000 1736 atque
1052 1684 1302 1737 imperatur,
1346 1699 1479 1737 quam
1523 1692 1570 1725 ut
1621 1691 1764 1726 certus

295 1759 644 1812 exploratusque
661 1759 935 1811 supponitur.
972 1758 1075 1797 Non
1094 1759 1209 1797 enim
1229 1758 1364 1809 dixit,
1390 1759 1511 1798 Finis
1530 1759 1765 1799 Societatis

295 1839 361 1874 est
404 1832 533 1873 saluti
578 1838 622 1872 et
664 1832 923 1885 perfectioni
966 1833 1240 1884 propriarum
1283 1832 1531 1872 animarum
1579 1846 1764 1873 vacare:

293 1920 396 1946 nam
436 1906 635 1959 quisquis
679 1906 735 1946 ad
780 1906 1061 1958 Religionem
1115 1920 1160 1945 se
1209 1905 1389 1955 confert,
1438 1906 1521 1946 hac
1562 1907 1765 1947 videlicet
1816 1925 1818 1927 >

294 1986 442 2020 mente
485 1994 531 2020 se
575 1980 756 2028 confert,
802 1986 849 2019 ut
892 1981 1087 2020 animam
1140 1994 1263 2020 suam
1317 1981 1483 2020 salvam
1537 1981 1680 2031 faciat,
1723 1989 1765 2022 et

292 2054 485 2095 consiliis
538 2054 824 2107 perfectionis
877 2054 1112 2093 adhaereat.
1196 2054 1290 2094 Nos
1343 2061 1492 2094 tamen
1545 2056 1663 2107 quod
1717 2063 1764 2096 ut

292 2135 447 2168 notum
500 2134 762 2180 certumque
814 2128 1088 2180 supponitur,
1132 2127 1305 2179 plenius
1347 2128 1631 2180 explicemus,
1675 2143 1762 2181 quo

291 2202 389 2242 loco
428 2201 517 2241 duo
556 2216 614 2241 ex
655 2201 988 2241 Constitutione
1020 2201 1220 2242 videnda.
1291 2202 1498 2251 Primum,
1536 2216 1670 2255 quam
1707 2204 1763 2243 sit

292 2275 539 2315 necessaria
581 2275 751 2315 homini
805 2275 1012 2328 religioso
1064 2276 1309 2328 perfectio:
1361 2277 1615 2326 secundum,
1664 2292 1762 2329 quae

293 2350 539 2402 potissimae
579 2349 636 2389 ad
680 2363 778 2390 eam
816 2351 909 2390 viae.
973 2350 1227 2391 Necessitas
1269 2350 1490 2403 colligitur
1524 2366 1580 2391 ex
1614 2352 1762 2392 tribus.

295 2423 492 2463 Primum
536 2438 593 2463 ex
637 2437 700 2473 eo,
745 2424 864 2476 quod
910 2424 1181 2465 Constitutio
1223 2425 1340 2474 (licit,
1384 2425 1515 2465 finem
1565 2432 1761 2465 nostrum

294 2511 390 2537 esse
432 2497 629 2537 studium
680 2504 842 2538 nostrae
897 2512 984 2538 non
1039 2499 1172 2538 modo
1216 2498 1381 2547 salutis,
1424 2513 1575 2539 verum
1629 2500 1760 2540 etiam

294 2572 591 2624 perfectionis.
658 2571 759 2612 Non
794 2573 910 2612 enim
943 2573 1049 2613 satis
1082 2579 1149 2612 est
1178 2573 1382 2625 religioso
1416 2574 1603 2613 salutem
1637 2575 1764 2614 dum-

292 2651 424 2686 taxat
466 2659 673 2697 quaerere‚
718 2647 794 2685 sed
837 2646 1152 2699 perfectionem
1195 2647 1337 2699 ipsam
1380 2654 1578 2699 spectare
1620 2648 1762 2688 debet.

296 2719 429 2759 Ponit
469 2725 618 2759 autem
663 2726 811 2760 noster
853 2720 983 2760 Pater
1023 2720 1142 2772 prius
1180 2721 1300 2772 quod
1343 2721 1643 2761 universorum
1686 2727 1763 2769 est,

299 2793 441 2845 qualis
474 2800 541 2834 est
564 2793 682 2834 salus
711 2795 882 2844 animae,
907 2795 1068 2834 deinde
1090 2795 1209 2846 quod
1241 2808 1494 2847 paucorum,
1519 2795 1763 2847 cujusmodi

294 2872 361 2907 est
402 2867 615 2920 perfectio
658 2868 760 2909 vitae
804 2868 1052 2922 spiritualis.
1137 2868 1351 2909 Perfectio
1392 2869 1525 2921 igitur
1560 2869 1763 2921 religioso
