1903 3197
538 119 617 164 De
650 123 778 164 recta
813 119 1082 166 intentione.
1450 131 1540 178 235

80 252 294 301 aberrare,
334 256 378 291 et
414 250 458 290 in
495 250 731 290 novissimo
762 249 914 301 judicii
951 250 1022 289 die
1055 248 1322 302 deprehendi
1359 262 1543 302 pravum

82 331 217 378 atque
246 323 536 377 hypocritam.
599 322 729 370 Nam,
762 327 811 361 ut
842 321 903 360 ait
934 320 1295 361 Ecclesiasticus:
1337 322 1426 361 “In
1457 321 1545 362 fine

83 397 275 439 hominis
297 395 535 437 denudatio
564 407 746 448 operum
776 393 890 433 illius
908 390 972 444 ;¹'1
1004 406 1091 432 non
1113 393 1229 432 enim
1261 394 1421 442 omnia,
1445 407 1545 446 quae

83 471 128 511 in
158 470 242 511 hac
262 470 353 510 vita
379 468 583 509 videntur
612 468 730 509 bona
760 472 895 519 atque
926 470 1090 514 sancta,
1123 465 1230 505 talia
1259 471 1354 505 tum
1387 467 1547 519 reperi-

84 549 222 585 entur.
277 543 366 585 Sed
393 555 492 583 cum
513 541 681 582 venerit
704 540 935 588 Dominus,
954 542 974 558 “
992 538 1266 579 Illuminabit
1287 538 1548 579 abscondita

86 618 378 666 tenebrarum,
432 621 476 655 et
535 613 835 654 manifestabit
885 611 1067 653 consilia
1117 612 1315 652 cordium
1366 610 1548 663 (scilicet

85 690 354 731 intentiones
385 686 602 739 nostras);
634 692 678 727 et
708 692 813 727 tunc
844 685 940 726 laus
971 685 1052 725 erit
1083 684 1316 737 unicuique
1337 697 1363 724 a
1387 681 1549 733 Deo,''2

85 763 122 802 si
172 763 301 803 bonae
353 759 519 800 scilicet
559 765 743 812 repertae
789 758 959 799 fuerint.
1041 757 1222 810 Quanta
1273 756 1405 809 igitur
1451 762 1547 797 tum

83 834 294 882 confusio,
328 833 457 886 quale
498 832 793 886 opprobrium,
827 845 929 872 cum
971 844 1057 871 non
1097 829 1247 883 quales
1277 829 1548 878 videbamur,

82 908 363 949 inveniemur.
427 906 535 947 Ideo
574 905 616 947 S.
643 905 790 946 David
834 905 1077 945 Dominum
1120 908 1271 956 rogat:
1305 903 1442 943 “Fiat
1474 915 1548 942 cor

82 994 230 1022 meum
263 980 593 1022 immaculatum
625 980 669 1019 in
694 978 1081 1033 justificationibus
1113 977 1210 1027 tuis,
1244 983 1292 1017 ut
1324 990 1412 1017 non
1443 989 1546 1031 con-

85 1053 303 1096 fundar.’'3
1199 1052 1202 1053 ⁷

173 1128 341 1169 Contra
369 1141 472 1168 vero
503 1128 539 1167 si
573 1126 744 1167 labores
778 1126 914 1166 nostri
948 1126 1004 1165 ad
1042 1125 1188 1165 Deum
1220 1123 1470 1173 referantur,
1503 1128 1548 1163 et

83 1201 176 1254 ejus
218 1214 349 1241 causa
390 1201 692 1253 suscipiantur,
735 1199 839 1251 quia
885 1204 1013 1239 erunt
1055 1197 1224 1238 nobiles
1270 1202 1314 1237 et
1363 1195 1547 1236 honesti.

83 1273 334 1327 “Justum'’
368 1273 484 1313 enim
518 1272 650 1322 Deus,
675 1275 844 1324 “quem
877 1285 955 1324 per
983 1271 1076 1311 vias
1108 1276 1248 1310 rectas
1280 1269 1548 1321 semitasque

83 1347 283 1397 deduxit,
331 1345 582 1386 honestavit
633 1345 677 1384 in
718 1344 951 1392 laboribus,
995 1349 1040 1384 et
1091 1342 1329 1396 complevit
1377 1342 1549 1382 labores

81 1418 255 1469 illius,”4
296 1424 344 1459 ut
385 1424 451 1459 est
491 1417 610 1471 apud
664 1417 961 1459 Salomonem.
1048 1416 1272 1456 Honestat
1312 1420 1460 1455 autem
1503 1415 1547 1454 in

80 1491 316 1540 laboribus,
340 1490 502 1544 partim
532 1490 636 1543 quia
664 1489 878 1530 honorem
902 1495 946 1529 et
976 1488 1163 1540 gloriam
1192 1487 1306 1527 illius
1327 1486 1551 1528 laboribus

83 1564 218 1615 addit,
261 1564 420 1617 partim
464 1564 567 1616 quia
618 1576 706 1603 non
758 1562 974 1615 permittit
1026 1567 1074 1602 ut
1124 1560 1347 1601 laboribus
1391 1559 1552 1599 frustra

83 1638 299 1691 susceptis
332 1637 626 1678 confundatur
646 1650 655 1686 ;
699 1641 743 1676 et
777 1634 1106 1675 confunduntur
1142 1634 1182 1683 ii,
1220 1633 1293 1685 qui
1330 1645 1410 1686 pro
1451 1632 1551 1672 Deo

83 1724 132 1751 se
160 1710 384 1751 laborasse
413 1710 506 1758 rati,
540 1708 648 1749 nihil
680 1722 738 1749 ex
775 1709 864 1749 suis
896 1707 1119 1748 laboribus
1149 1706 1319 1759 praemii
1350 1704 1552 1746 referunt.

87 1783 240 1824 Graece
270 1789 336 1824 est
368 1783 549 1830 εὐπόρησεν
574 1786 677 1820 αυτὸν
709 1785 739 1819 ἐν
766 1785 937 1834 μόχθοις;
970 1781 1088 1833 quod
1122 1780 1308 1820 Latinus
1340 1779 1554 1832 interpres

82 1857 224 1907 vertit,
269 1856 539 1897 Honestavit
574 1855 698 1896 illum
740 1855 784 1894 in
826 1854 1075 1903 laboribus;
1123 1852 1288 1902 Italice,
1328 1852 1441 1892 Fece
1471 1849 1552 1891 che

82 1930 125 1970 le
168 1943 245 1970 sue
288 1928 451 1969 fatiche
492 1929 739 1968 riuscissero
789 1941 872 1968 con
923 1940 1066 1967 onore.
1145 1925 1353 1978 Complet
1402 1930 1552 1965 autem

81 2002 254 2043 labores
302 2002 427 2052 illius,
462 2002 565 2054 quia
612 2001 738 2041 multi
785 2000 998 2053 incipiunt
1041 1999 1101 2039 illi
1153 1999 1331 2051 quidem
1376 1997 1551 2050 egregie

83 2089 164 2129 pro
216 2075 414 2115 Domino
465 2080 510 2115 et
565 2079 745 2127 propter
801 2074 1044 2113 Dominum
1100 2071 1329 2121 laborare;
1379 2070 1457 2111 sed
1506 2070 1550 2109 in

86 2148 234 2189 medio
272 2161 410 2198 curm,
444 2147 513 2188 vel
549 2147 684 2187 taedio
720 2146 891 2195 laboris,
930 2145 999 2186 vel
1032 2159 1165 2198 prava
1201 2144 1347 2184 affecti
1389 2148 1547 2191 mente,

82 2235 185 2262 suos
231 2221 423 2275 perdunt
465 2226 509 2261 et
555 2226 842 2273 corrumpunt
894 2219 1077 2268 labores,
1129 2224 1176 2258 ut
1224 2218 1449 2271 pervenire
1493 2215 1550 2256 ad

82 2293 217 2335 finem
281 2308 420 2343 suum,
476 2300 520 2334 et
575 2306 892 2346 usquequaque
949 2292 1168 2345 complere
1224 2304 1311 2332 non
1367 2290 1547 2344 possint.

83 2367 207 2408 Deus
267 2373 416 2408 autem
464 2367 571 2420 justi
622 2366 794 2407 labores
845 2366 1048 2420 complet,
1101 2371 1145 2406 et
1196 2366 1252 2405 ad
1304 2364 1547 2417 perfectum

84 2442 275 2492 deducit,
300 2448 350 2482 ut
380 2441 674 2495 pulcherrima
706 2454 893 2493 quaeque
924 2454 1023 2480 cum
1056 2438 1258 2480 absoluta
1279 2438 1483 2491 undique,
1507 2442 1551 2477 et

83 2516 173 2556 suis
204 2516 394 2556 numeris
425 2520 528 2555 sunt
561 2515 750 2568 expleta.

172 2588 424 2629 Secundum
445 2602 549 2629 vero
573 2589 692 2640 quod
723 2588 778 2628 ad
806 2587 1094 2628 intentionem
1117 2585 1251 2626 animi
1273 2583 1548 2637 dirigendam

82 2660 211 2710 valet,
251 2662 458 2714 quodque
500 2662 544 2701 in
587 2660 687 2702 Deo
719 2667 795 2711 est,
826 2660 1094 2714 significatur
1125 2674 1177 2700 eo
1211 2657 1549 2700 Constitutionis

85 2735 246 2777 verbo:
281 2735 378 2775 “Et
399 2741 578 2788 propter
599 2734 860 2776 charitatem
879 2748 887 2775 :
905 2734 924 2749 ’'
958 2733 1157 2783 charitas,
1182 2733 1373 2785 inquam,
1397 2729 1480 2770 Dei
1509 2734 1554 2769 et

203 2823 216 2843 1
240 2823 329 2856 Eccl.
353 2831 401 2857 11.
538 2822 552 2842 ²
579 2832 592 2855 1
615 2824 690 2856 Cor.
709 2833 740 2864 4.
876 2821 890 2842 3
918 2822 1002 2854 Psal.
1028 2821 1098 2854 118.
1233 2819 1248 2839 4
1274 2820 1351 2862 Sap.
1374 2827 1422 2851 10.
