1903 3197
314 226 404 270 242
635 211 715 258 De
749 211 937 258 ratione
969 212 1164 259 vivendi
1196 212 1455 259 Socz‘elalz'S.

308 342 532 384 beneficia.
606 342 680 384 An
719 357 806 384 non
843 345 976 398 igitur
1011 350 1078 385 tot
1115 351 1327 397 tantaque
1366 344 1462 392 Dei,
1503 343 1660 396 quibus
1697 357 1776 383 nos

310 417 534 470 praevenit,
578 417 792 458 beneficia
839 432 890 458 ac
933 432 1113 459 munera
1162 431 1370 471 magnam
1419 417 1519 466 vim,
1564 429 1776 469 magnum

310 491 486 543 pondus
517 490 574 531 ad
607 491 883 545 dirigendam
917 499 1123 543 mentem,
1147 493 1189 532 in
1224 505 1414 544 eumque
1443 505 1616 544 semper
1638 491 1778 531 inten-

313 563 505 604 dendam
527 565 675 605 valent
697 566 703 605 !

397 637 550 690 Atque
582 638 678 678 haec
706 640 799 689 tria,
830 653 928 692 quae
959 640 1166 688 diximus,
1200 640 1256 679 ad
1292 644 1455 679 rectam
1486 638 1777 678 intentionem

310 710 454 751 valere
495 712 744 764 plurimum,
778 713 821 752 in
856 713 952 753 Deo
987 713 1318 766 quodammodo
1361 718 1487 762 sunt3
1523 711 1614 763 jam
1651 716 1779 750 extra

311 785 458 825 Deum
491 786 678 825 totidem
711 800 805 826 esse
837 792 1032 839 possunt.

399 858 617 912 Quartum
655 859 711 899 ad
753 860 1042 900 obtinendam
1086 865 1249 899 rectam
1293 864 1485 898 mentem
1524 857 1776 910 praesidium

313 945 365 972 eo
397 931 732 972 Constitutionis
755 933 888 972 verbo
921 932 1215 985 significatur:
1250 936 1329 971 “et
1359 932 1401 971 in
1432 932 1634 971 omnibus
1661 944 1781 983 quae-

311 1012 409 1045 rant
433 1005 614 1045 Deum.'’
672 1004 774 1057 Quo
798 1006 1091 1045 admonemur
1113 1011 1160 1045 ut
1182 1010 1285 1045 ante
1307 1004 1456 1045 oculos
1480 1017 1781 1056 proponamus

313 1079 440 1119 nobis
474 1079 621 1118 Deum
656 1078 787 1118 finem
825 1084 1034 1127 nostrum,
1060 1079 1102 1118 in
1130 1078 1259 1118 rebus
1292 1077 1495 1118 omnibus
1523 1083 1617 1116 tum
1651 1076 1784 1116 susci-

312 1151 497 1204 piendis,
537 1157 631 1191 tum
675 1153 1000 1204 persequendis.
1066 1152 1335 1204 Quanquam
1379 1151 1496 1191 enim
1538 1150 1605 1189 his
1641 1149 1784 1190 verbiS

312 1225 430 1264 idem
465 1225 602 1277 repeti
642 1232 775 1278 atque
813 1226 956 1265 iterari
990 1226 1173 1274 videtur,
1209 1225 1328 1278 quod
1366 1238 1497 1277 supra
1534 1223 1783 1264 dicebatur:

314 1301 526 1350 “semper
549 1298 590 1336 in
615 1299 675 1338 eis
709 1304 959 1351 spectantes
987 1305 1034 1339 ut
1064 1300 1255 1339 serviant
1288 1297 1422 1346 Deo,”
1457 1303 1606 1337 tamen
1638 1296 1784 1348 placet

316 1371 457 1423 magis
491 1371 587 1411 haec
619 1385 707 1411 non
741 1385 835 1411 esse
869 1385 1145 1424 synonyma;
1184 1372 1261 1411 sed
1294 1370 1509 1424 proximis
1531 1369 1673 1409 verbis
1705 1381 1786 1408 nos

315 1444 540 1493 admonet,
565 1451 613 1484 ut
636 1445 763 1484 nobis
787 1451 888 1485 ante
911 1445 1062 1485 oculos
1092 1458 1393 1497 proponamus
1424 1444 1556 1482 finem
1588 1447 1786 1481 nostrum

316 1518 463 1557 Deum
508 1519 550 1556 in
594 1519 723 1558 rebus
766 1519 957 1570 agendis.
1039 1519 1155 1571 Quia
1199 1524 1354 1558 natura
1398 1518 1594 1557 maxime
1635 1515 1691 1555 ad
1735 1528 1788 1554 ea

316 1591 452 1631 fertur
493 1604 591 1643 quae
636 1592 717 1631 sub
760 1592 908 1631 oculos
952 1592 1128 1639 cadunt,
1172 1604 1360 1643 quaeque
1401 1591 1614 1637 videntur,
1651 1587 1788 1628 veluti

315 1664 411 1703 haec
443 1664 729 1716 temporalia;
764 1678 863 1716 quae
895 1670 1045 1704 autem
1079 1678 1165 1704 non
1197 1663 1412 1712 videntur,
1443 1668 1491 1702 ut
1523 1667 1697 1709 aeterna,
1730 1660 1787 1700 ad

314 1751 367 1777 ea
391 1751 515 1777 mens
542 1743 691 1777 nostra
715 1737 823 1786 ferri,
849 1739 929 1777 nisi
963 1751 1013 1777 ea
1046 1737 1171 1776 nobis
1204 1736 1284 1776 sub
1317 1735 1454 1775 oculis
1487 1735 1783 1786 subjiciamus,

315 1816 452 1862 atque
475 1810 666 1862 aspirare
691 1824 777 1850 non
800 1816 958 1862 potest.
1024 1810 1088 1850 Ut
1110 1811 1184 1862 qui
1213 1810 1422 1862 sagittam
1451 1809 1493 1847 in
1517 1807 1788 1847 destinatum

316 1884 463 1924 locum
511 1883 692 1935 jaciunt,
746 1885 827 1924 nisi
872 1883 974 1923 illuc
1016 1883 1260 1924 identidem
1309 1896 1396 1934 quo
1449 1881 1678 1934 dirigenda
1720 1886 1788 1921 est

321 1957 484 2009 sagitta
516 1957 762 2009 respiciant,
797 1957 923 1997 facile
956 1957 1184 2005 aberrent;
1218 1956 1278 1996 sic
1310 1969 1477 2004 avarus,
1511 1955 1553 1994 in
1587 1954 1790 1994 omnibus

320 2031 409 2071 suis
432 2031 689 2080 actionibus,
713 2044 739 2070 a
761 2032 1063 2083 negotiatione
1085 2031 1140 2070 ad
1165 2030 1332 2069 lucrum
1363 2029 1552 2069 intendit
1581 2028 1790 2077 animum,

320 2110 363 2145 et
396 2105 439 2144 in
471 2105 676 2144 omnibus
708 2103 875 2143 lucrum
911 2103 1076 2156 quaerit.
1142 2104 1261 2155 Ergo
1285 2108 1328 2142 et
1354 2102 1396 2141 in
1428 2115 1471 2141 re
1503 2100 1684 2153 spiritali
1708 2113 1789 2141 nos

317 2190 510 2229 quoque,
553 2190 653 2217 cum
706 2176 811 2228 quid
860 2176 1117 2216 inchoamus
1160 2182 1236 2215 aut
1277 2176 1460 2228 agimus,
1505 2187 1680 2214 necesse
1722 2180 1791 2215 est

321 2251 484 2290 habere
518 2256 622 2290 ante
664 2250 814 2290 oculos
855 2249 1130 2302 propositum
1169 2249 1313 2297 finem,
1348 2249 1422 2301 qui
1462 2247 1585 2287 Deus
1623 2253 1698 2295 est,
1732 2260 1789 2288 ne

319 2338 458 2378 prava
495 2323 551 2364 sit
587 2337 712 2363 mens
750 2329 909 2372 nostra,
947 2337 1181 2376 pravaeque
1224 2323 1418 2363 actiones
1458 2335 1557 2374 quae
1594 2321 1792 2361 oriuntur

324 2411 383 2438 ex
406 2410 482 2448 ea3
515 2402 649 2449 atque
677 2396 762 2437 hoc
791 2397 995 2437 nimirum
1024 2403 1089 2437 est
1117 2398 1159 2436 in
1182 2396 1387 2437 omnibus
1414 2395 1560 2435 Deum
1584 2407 1790 2447 quaerere,

324 2469 446 2523 quod
480 2469 749 2510 Constitutio
782 2476 944 2510 monet.
1008 2470 1253 2511 Confirmat
1289 2469 1372 2510 hoc
1410 2467 1651 2508 luculenter
1686 2481 1790 2509 ana·

322 2543 505 2584 choreta
528 2544 705 2584 Marcus
737 2544 792 2584 de
820 2544 917 2597 lege
945 2544 1157 2597 spiritali:
1191 2541 1387 2592 αΝίὴὶΙ,υ
1410 2542 1563 2595 inquit,
1588 2542 1791 2595 “cogites

320 2622 402 2657 aut
443 2615 578 2657 facias
619 2617 727 2657 citra
768 2630 951 2670 scopum
990 2617 1089 2657 Deo
1125 2622 1327 2670 gratum3
1375 2615 1550 2664 etenim,
1589 2615 1662 2668 qui
1698 2615 1792 2657 sine

321 2702 462 2743 scopo
498 2689 580 2730 iter
612 2689 728 2739 facit,
763 2689 1054 2743 nequicquam
1092 2687 1323 2730 laborat.”1
1385 2689 1445 2729 Et
1481 2688 1677 2738 fortasse,
1708 2686 1795 2729 hoc

325 2762 460 2804 etiam
511 2762 651 2804 voluit
703 2762 1039 2804 Ecclesiasticus
1090 2776 1190 2803 cum
1242 2762 1387 2802 dixit:
1439 2762 1532 2802 “In
1588 2761 1795 2803 omnibus

319 2836 530 2890 operibus
571 2837 658 2879 tuis
701 2850 945 2879 memorare
987 2836 1226 2877 novissima
1267 2842 1355 2887 tua,
1397 2840 1442 2877 et
1492 2835 1537 2875 in
1579 2839 1792 2876 aeternum

958 2924 972 2946 ¹
997 2926 1080 2968 Cap.
1104 2925 1174 2967 138.
