1903 3197
452 112 534 159 De
569 111 986 160 constitutionum
1031 113 1085 160 U
1081 113 1272 160 tz‘lz'late.
1574 129 1613 172 9⁷

127 247 383 300 tionemque
415 246 587 287 virtutis
625 246 739 287 facili
774 247 1039 300 compendio
1077 248 1318 288 meditatur
1356 247 1603 288 ascendere.

129 321 277 376 Quam
329 322 384 363 ad
436 334 527 361 rem
574 321 912 362 constitutiones
964 321 1171 362 videlicet
1223 323 1402 371 faciunt,
1445 322 1606 375 quibus

131 396 327 438 instituti
358 395 570 448 cujusque
603 396 713 436 ratio
746 395 1014 449 familiaeque
1047 396 1338 436 continentur.

217 471 301 511 His
330 470 571 510 rationibus
601 470 931 511 scribendarum
962 471 1331 511 constitutionum
1365 472 1602 511 necessitas

127 547 462 586 demonstratur.
527 543 660 597 Quod
691 546 726 584 si
755 559 828 585 eas
851 546 1067 586 conscribi
1098 560 1276 586 neeesse
1304 551 1381 594 est,
1405 546 1604 599 profecto

129 626 172 661 et
204 633 350 660 earum
392 620 642 660 observatio
677 622 948 661 necessaria:
987 621 1148 661 idcirco
1187 622 1304 662 enim
1343 621 1603 669 scribuntur,

125 701 173 735 ut
223 694 281 734 ab
324 707 592 747 unoquoque
644 702 882 740 serventur,
930 709 1017 735 non
1061 702 1108 736 ut
1161 696 1323 749 scripto
1376 695 1602 735 mandatae

125 775 366 810 cernantur.

338 910 364 965 ξ
398 921 573 951 II.—l)E
607 920 1063 953 (ῸΝᾺΤΙΤΠἸῚΟΝΕΜ
1099 921 1381 952 UTILITATE.

214 1003 288 1042 Ex
321 1003 398 1051 his,
423 1016 522 1055 qua:
554 1003 762 1053 diximus,
797 1004 902 1044 nihil
937 1011 1002 1044 est
1030 1004 1123 1056 jam
1158 1005 1323 1058 negotii
1357 1004 1606 1045 constituti-

123 1090 258 1118 onum
291 1078 527 1118 commoda
560 1078 862 1131 utilitatesque
894 1079 1110 1132 colligere.
1176 1080 1255 1119 Eae
1280 1080 1476 1132 quinque
1508 1093 1603 1120 esse

125 1157 318 1204 possunt.

214 1226 360 1266 Prima
402 1226 568 1266 utilitas
615 1234 691 1274 est,
727 1228 846 1279 quod
891 1229 971 1268 etsi
1025 1229 1143 1268 nulla
1196 1234 1312 1269 esset
1354 1229 1603 1269 constituti-

126 1313 260 1340 onum
297 1301 547 1347 necessitas,
581 1314 714 1353 quam
749 1302 995 1341 maximam
1030 1317 1124 1342 esse
1157 1302 1416 1351 docuimus3
1451 1316 1602 1342 earum

124 1381 273 1414 tamen
317 1374 567 1415 observatio
609 1375 862 1428 perfacilem
917 1377 1043 1416 nobis
1086 1383 1129 1417 et
1183 1378 1444 1430 expeditam
1487 1378 1604 1417 viam

125 1449 267 1488 munit
301 1448 356 1488 ad
395 1450 748 1501 progressionem
782 1451 964 1503 spiritus
1001 1465 1052 1491 ac
1085 1452 1268 1492 virtutis.
1336 1452 1437 1491 Hoc
1474 1465 1606 1504 supra

124 1524 320 1577 pluribus
343 1524 550 1564 effectum
579 1531 643 1564 est
677 1525 719 1564 in
750 1533 918 1578 quarta}
949 1526 1268 1579 explanatione
1300 1526 1491 1574 rationis,
1517 1540 1605 1578 qua

125 1599 462 1639 constitutiones
501 1599 654 1652 juvare
693 1600 898 1640 dicuntur
935 1601 989 1640 ad
1030 1601 1186 1641 melius
1225 1602 1267 1641 in
1303 1601 1373 1641 via
1410 1601 1605 1654 incoepta

125 1674 260 1714 divini
284 1674 483 1726 obsequii
506 1674 846 1727 procedendum.
914 1675 978 1716 Ut
1002 1676 1117 1715 enim
1142 1677 1216 1728 qui
1241 1675 1388 1728 aliquo
1422 1689 1604 1728 peregre

126 1747 426 1800 proficiscitur,
455 1749 566 1788 duce
599 1749 765 1789 itineris
798 1748 1011 1797 adhibito,
1045 1750 1214 1790 facilius
1244 1752 1471 1802 tutiusque
1504 1749 1606 1789 illuc

126 1824 334 1875 pervenit,
363 1837 497 1875 quam
531 1823 651 1863 nullo
684 1824 895 1876 adjuncto
927 1825 1100 1873 comite,
1132 1826 1205 1877 qui
1238 1826 1354 1865 viam
1389 1830 1605 1865 monstret

127 1897 315 1946 erranti3
348 1898 409 1938 sic
442 1897 515 1949 qui
548 1899 604 1937 ad
638 1897 953 1950 perfectionem
988 1899 1238 1951 religiosam
1272 1900 1435 1947 nititur,
1460 1899 1602 1952 ipsam

126 1971 295 2012 facilius
327 1972 518 2024 attingit,
549 1973 623 2024 qui
658 1972 772 2018 vitae,
811 1986 945 2025 quam
979 1973 1199 2026 ingressus
1235 1980 1311 2021 est,
1345 1973 1464 2026 leges
1490 1979 1603 2013 tam-

125 2060 258 2099 quam
282 2046 415 2086 duces
438 2053 529 2086 tam
554 2047 677 2087 ardui
701 2048 866 2086 itineris
889 2054 1179 2088 consectatur.

214 2121 273 2161 Et
310 2120 622 2170 confirmatur3
675 2121 778 2174 quia
821 2123 1160 2163 constitutiones
1198 2122 1437 2163 faciliorem
1476 2122 1603 2163 nobis

126 2195 316 2236 reddunt
351 2209 439 2235 non
472 2195 607 2235 modo
640 2197 952 2237 mandatorum
975 2211 1127 2237 verum
1158 2198 1291 2238 etiam
1319 2197 1601 2237 consiliorum

125 2270 413 2323 disciplinam.
478 2270 581 2310 Non
616 2271 733 2309 enim
768 2271 864 2323 ipsa
898 2272 1033 2311 modo
1067 2278 1261 2324 peccata,
1284 2286 1434 2312 verum
1469 2272 1602 2312 etiam

124 2349 406 2397 peccatorum
449 2344 700 2384 occasiones
752 2344 999 2398 prohibent,
1043 2351 1091 2386 ut
1138 2346 1212 2398 qui
1265 2346 1604 2386 constitutiones

125 2424 280 2467 servat,
304 2418 611 2458 difficillimum
642 2419 698 2458 sit
720 2432 821 2458 eum
852 2419 895 2458 in
925 2426 1108 2472 peccata
1137 2421 1338 2472 graviora
1365 2421 1483 2470 labi;
1517 2434 1605 2461 una

125 2492 243 2532 enim
278 2492 521 2545 eademque
555 2506 689 2545 opera
723 2498 767 2533 et
798 2500 981 2546 peccata
1015 2495 1111 2546 ipsa
1146 2495 1339 2535 declinat
1373 2501 1417 2535 et
1448 2508 1602 2547 pecca-

126 2572 272 2606 torum
294 2580 449 2607 causas
471 2573 686 2620 amputat,
711 2568 830 2620 quod
861 2568 899 2607 ei
923 2569 998 2620 qui
1030 2569 1072 2607 in
1097 2570 1319 2609 communi
1342 2569 1601 2622 vulgarique

127 2641 218 2681 vita
243 2647 450 2691 versatur,
481 2640 599 2681 haud
633 2642 694 2681 ita
724 2641 852 2681 facile
876 2655 970 2682 esse
1003 2649 1178 2695 potest;
1210 2643 1422 2696 quoniam
1445 2649 1606 2697 praeter

127 2714 270 2767 legem
318 2716 630 2755 mandatorum
683 2715 812 2755 nullis
865 2717 1101 2757 arctiorum
1153 2717 1301 2770 legum
1354 2718 1605 2758 continetur

127 2788 320 2829 habenis.
384 2788 597 2842 Quisquis
621 2796 770 2830 autem
793 2791 1052 2831 arctioribus
1074 2791 1245 2844 legibus
1267 2806 1314 2832 se
1336 2791 1610 2841 astrinxerit,

130 2864 165 2903 is
205 2862 346 2903 multo
393 2863 561 2904 facilius
614 2864 858 2905 laxioribus
907 2865 1245 2919 obtemperabit,
1290 2872 1337 2906 ut
1380 2880 1468 2906 non
1511 2866 1609 2906 sine
