1903 3197
265 171 360 214 402
592 154 674 200 De
705 154 896 199 ratione
928 152 1120 199 vivendi
1154 152 1414 199 Socz'etatz's.

266 288 458 328 hominis
500 300 587 326 non
630 293 705 334 est,
738 287 814 326 sed
857 299 911 325 ne
944 285 1180 326 Christiani
1217 284 1408 337 quidem.
1473 283 1589 323 Nam
1633 297 1733 323 cum

267 362 453 402 dixisset
504 360 749 400 Dominus:
798 359 984 400 “Nolite
1025 359 1198 399 solliciti
1242 372 1347 406 esse,
1390 357 1584 397 dicentes
1626 358 1732 410 quid

269 435 646 481 manducabimus
689 439 764 474 aut
806 434 910 486 quid
954 434 1165 482 bibemus,
1207 438 1283 472 aut
1325 445 1413 484 quo
1450 430 1731 484 operiemur,”

267 510 418 550 statim
452 508 526 548 illa
548 508 749 560 subjicit:
783 511 805 527 “
826 507 937 547 Haee
960 508 1076 546 enim
1103 507 1252 546 omnia
1274 512 1430 558 gentes
1454 503 1732 557 inquirunt.''l

269 582 447 623 Ethnici
489 582 663 634 quippe,
713 595 811 621 cum
863 580 1151 633 temporalem
1203 586 1376 620 tantum
1430 579 1543 617 hanc
1594 578 1730 617 vitam

270 658 425 705 norint,
449 656 630 695 minime
653 656 810 694 mirum
835 660 900 694 est
931 655 966 694 si
999 655 1054 694 de
1077 668 1127 694 ea
1149 660 1378 706 tantopere
1411 653 1497 692 sint
1529 651 1701 691 solliciti
1726 665 1736 700 ;

269 732 492 782 iidemque
526 729 699 768 Divinae
729 728 1016 781 providentiae
1046 728 1134 767 vim
1162 741 1248 766 non
1279 727 1480 774 sentiant,
1505 726 1736 778 perpaucis

272 804 480 856 exceptis,
565 803 629 843 Ut
671 803 905 849 christiani,
949 802 1022 853 qui
1069 807 1111 841 et
1155 801 1360 840 Divinam
1413 799 1734 852 providentiam

271 883 528 930 agnoscunt,
562 882 605 915 et
637 881 848 914 aeternam
881 875 1016 914 vitam
1050 880 1300 927 expectant,
1333 888 1408 914 cur
1440 874 1494 913 de
1525 874 1613 912 suis
1656 873 1737 925 ipsi

271 950 524 1002 corporibus
554 949 640 988 sint
673 948 872 996 solliciti;
914 948 1157 1000 praesertim
1191 961 1289 987 cum
1323 961 1368 986 se
1402 960 1488 986 non
1521 960 1633 995 suos,
1658 947 1735 986 sed

276 1024 455 1063 Domini
490 1036 583 1062 esse
616 1021 872 1074 intelligant.
919 1021 1103 1062 “Nemo
1126 1021 1242 1060 enim
1266 1026 1463 1060 nostrum
1491 1020 1572 1059 sibi
1595 1018 1737 1068 vivit,⁷’

275 1096 412 1136 Paulo
433 1101 557 1144 teste,
584 1099 658 1135 “et
691 1108 820 1134 nemo
851 1095 932 1134 sibi
963 1095 1146 1134 moritur
1164 1107 1172 1142 3
1192 1093 1210 1107 ’'
1244 1107 1454 1145 quorsum
1482 1106 1585 1145 ergo
1614 1098 1740 1132 tanta

273 1170 529 1218 christianis,
555 1169 590 1208 si
625 1169 689 1208 sui
725 1182 811 1208 non
847 1173 959 1217 sunt,
982 1181 1160 1208 suorum
1195 1181 1427 1220 corporum
1461 1166 1740 1206 sollicitudo?

274 1243 437 1283 Aliena
469 1249 535 1283 est
567 1243 698 1294 igitur
729 1242 785 1282 ab
818 1242 890 1291 eis,
923 1241 1064 1281 multo
1096 1247 1243 1281 autem
1277 1242 1418 1293 magis
1460 1254 1485 1280 a
1527 1240 1740 1292 religiosis

275 1331 462 1370 quorum
505 1322 571 1356 est
612 1330 785 1356 crucem
827 1315 1084 1368 amplexari,
1127 1314 1290 1355 bellum
1335 1328 1434 1354 cum
1487 1313 1743 1365 corporibus

274 1405 435 1445 gerere,
482 1391 718 1443 praesentia
769 1389 1005 1442 despicere,
1048 1389 1192 1428 futura
1244 1388 1561 1440 concupiscere,
1605 1386 1739 1426 animi

275 1465 466 1516 denique
499 1464 639 1516 magis
663 1477 797 1515 quam
820 1463 1012 1515 corporis
1039 1463 1253 1502 rationem
1277 1462 1444 1501 ducere.
1521 1460 1581 1500 Et
1611 1474 1741 1512 prop-

275 1544 395 1578 terea
429 1537 708 1590 Augustinus
746 1537 870 1576 initio
907 1550 996 1575 suae
1035 1535 1195 1588 regulae
1220 1548 1331 1583 eum,
1364 1533 1438 1586 qui
1471 1534 1526 1573 ad
1560 1533 1741 1573 fratrum

276 1611 665 1663 congregationem
688 1611 834 1650 venire
860 1610 1092 1658 desiderat,
1116 1606 1397 1657 cohortatur,2
1419 1607 1521 1647 “Ut
1552 1607 1744 1659 abneget

277 1685 576 1737 semetipsum,
614 1690 657 1724 et
694 1684 822 1723 tollat
859 1696 1043 1731 crucem,
1082 1688 1125 1722 et
1163 1696 1216 1721 ne
1254 1681 1446 1730 tractet,''
1486 1681 1637 1733 inquit,
1664 1681 1745 1720 “in

278 1757 408 1798 corde
447 1771 525 1797 suo
562 1758 617 1797 de
654 1758 771 1796 victu
805 1770 855 1796 ac
893 1757 1065 1803 vestitu,
1094 1762 1137 1795 et
1169 1755 1338 1795 caeteris
1371 1768 1470 1806 quae
1502 1754 1746 1793 necessaria

278 1837 381 1871 sunt
422 1831 604 1883 corpori,
638 1831 733 1883 ipso
778 1830 972 1870 Domino
1014 1834 1315 1882 praemonente
1348 1828 1391 1867 in
1425 1827 1668 1880 Evangelio
1703 1833 1747 1867 et

279 1906 482 1945 dicente:
517 1904 704 1944 “Nolite
742 1905 946 1956 cogitare,
986 1903 1182 1943 dicentes
1220 1903 1325 1955 quid
1363 1902 1514 1952 edetis,
1549 1907 1625 1941 aut
1660 1915 1747 1953 quo

278 1977 560 2018 vestiemini.’'
627 1977 714 2018 Sed
742 1978 797 2017 de
831 1978 973 2030 priore
995 1976 1068 2016 illo
1091 1976 1210 2029 quod
1237 1976 1512 2028 propositum
1537 1980 1640 2024 erat,
1663 1975 1747 2015 hoc

280 2060 356 2101 est,
401 2067 477 2092 cur
527 2053 722 2106 corporis
775 2053 912 2092 nimia
963 2065 1065 2092 cura
1116 2050 1468 2104 reprehensibilis
1519 2051 1586 2099 sit,
1631 2050 1745 2089 satis.

283 2127 413 2167 Nunc
465 2127 520 2166 de
573 2126 711 2166 altero
762 2126 868 2165 illo:
914 2125 1111 2166 Ubinam
1168 2124 1262 2164 haec
1314 2123 1447 2163 nimia
1502 2123 1750 2163 sollicitudo

282 2206 486 2240 versetur.

373 2279 429 2312 20.
485 2273 618 2313 Porro
669 2273 764 2312 haec
816 2273 880 2312 sui
933 2272 1125 2324 corporis
1177 2270 1352 2311 fovendi
1408 2269 1656 2309 sollicitudo
1708 2271 1751 2309 in

287 2353 476 2400 quatuor
517 2348 738 2400 praecipue
789 2346 919 2386 rebus
961 2360 1019 2385 ex
1064 2344 1390 2385 Constitutione
1441 2349 1664 2383 versatur:
1708 2344 1750 2383 in

285 2423 414 2470 victu,
436 2422 610 2471 vestitu,
634 2421 919 2469 habitatione,
942 2420 1095 2469 officio,
1119 2424 1195 2459 aut
1217 2418 1543 2458 exercitatione.
1585 2417 1752 2469 Quam-

288 2509 421 2548 quam
459 2496 502 2535 in
540 2495 713 2535 duobus
755 2495 907 2547 primis
949 2493 1088 2533 multo
1131 2493 1271 2545 magis
1309 2493 1507 2540 cernitur,
1541 2498 1753 2543 tanquam

289 2571 431 2623 magis
477 2571 646 2623 corpori
689 2569 967 2617 necessariis;
1011 2573 1059 2607 ut
1100 2580 1188 2607 non
1225 2567 1318 2606 sine
1360 2580 1490 2606 causa
1534 2565 1754 2606 Dominus

289 2646 333 2685 in
372 2645 615 2697 Evangelio
653 2644 707 2684 de
750 2644 801 2683 iis
838 2648 1011 2683 tantum
1046 2642 1316 2681 mentionem
1355 2640 1515 2680 fecerit.
1581 2638 1755 2679 Consti-

288 2717 401 2760 tutio
436 2725 586 2759 autem
621 2717 770 2770 adjicit
800 2717 932 2756 etiam
968 2716 1286 2755 habitationem
1330 2720 1373 2754 et
1414 2713 1617 2762 officium,
1650 2725 1755 2765 quo-

291 2794 409 2834 niam
448 2793 521 2845 qui
560 2792 615 2832 de
650 2791 791 2832 salute
833 2791 897 2830 sui
940 2789 1132 2842 corporis
1169 2789 1267 2841 plus
1300 2801 1429 2841 aequo
1463 2787 1507 2826 in
1549 2785 1757 2838 religione

717 2878 728 2898 ¹
754 2879 874 2911 Matth.
896 2879 925 2910 6.
1063 2877 1075 2896 ²
1101 2879 1184 2919 Reg.
1210 2887 1236 2909 1.
1258 2888 1284 2909 c.
1307 2886 1338 2909 2.
