1903 3197
301 159 394 217 248
622 158 703 206 De
733 158 924 207 ratione
957 158 1152 207 vivendi
1182 159 1441 207 Socz‘etatz's.

299 303 404 331 num
436 291 587 334 oculos
620 291 735 342 facit,
758 305 858 333 cum
892 292 935 334 id
965 294 1194 334 voluntate
1222 292 1365 343 faciat,
1388 305 1476 334 non
1505 293 1764 334 necessitate

299 365 504 418 patiatur,
544 379 602 406 ex
639 367 809 407 caeteris
851 365 944 419 ejus
986 367 1191 420 operibus
1232 372 1380 419 potest
1420 365 1576 418 conjici
1618 371 1763 407 utrum

297 437 382 479 hoc
433 445 691 493 contemptu
745 440 952 494 superflui
1005 441 1158 490 cultus,
1207 446 1284 481 aut
1330 440 1571 481 ambitione
1618 440 1765 493 aliqua

298 511 465 555 faciat.”
528 513 650 554 Nota
690 519 840 554 autem
883 514 989 556 illud
1033 518 1117 556 “et
1158 515 1202 555 in
1244 514 1384 556 nitore
1425 520 1558 568 atque
1599 527 1765 568 pompa

297 600 392 627 esse
443 601 573 641 posse
619 587 920 641 jactantiam,’'
962 590 1045 631 hoc
1087 595 1154 630 est
1195 590 1314 642 quod
1361 589 1468 631 dicit
1520 589 1763 642 Origenes:

297 661 556 703 “exultatio
608 669 652 703 et
703 663 889 713 sordes,''
941 664 1146 715 tristitia;
1209 677 1308 717 quae
1349 664 1383 704 si
1426 664 1483 705 sit
1523 663 1670 704 sobria
1721 670 1765 705 et

299 736 540 785 moderata,
585 736 628 776 id
672 744 738 778 est
780 738 814 777 si
856 750 989 791 parco
1031 744 1075 779 et
1126 738 1356 779 moderato
1402 738 1596 791 corporis
1647 736 1764 779 cultu

297 814 431 862 atque
460 810 578 850 victu
613 811 674 851 uti
706 810 902 860 velimus,
936 816 1031 852 tum
1065 818 1229 853 rectam
1263 826 1342 853 nos
1372 811 1536 853 habere
1567 818 1762 853 mentem

294 882 651 936 significabimus,
675 897 755 924 nec
781 885 991 925 alterutro
1015 891 1228 936 extremo,
1253 892 1412 927 nostrae
1442 886 1561 927 laudi
1591 887 1759 928 servire.

296 955 385 1009 Qui
423 957 539 996 enim
578 957 776 998 incidunt
813 958 855 997 in
894 963 1106 1007 extrema,
1144 964 1221 998 aut
1261 958 1356 999 haec
1397 960 1545 1000 studio
1586 973 1762 1001 consec-

294 1035 454 1080 tantur,
493 1031 520 1070 ii
558 1031 852 1084 suspicionem
891 1032 1080 1073 afferunt
1121 1046 1267 1085 pravae
1311 1034 1482 1082 mentis,
1521 1034 1624 1086 quia
1660 1034 1762 1075 clari

295 1118 390 1144 esse
435 1104 599 1153 volunt,
644 1111 688 1145 et
734 1106 875 1158 digito
923 1106 979 1146 ab
1025 1106 1229 1146 omnibus
1277 1106 1579 1147 demonstrari.
1668 1108 1762 1148 Ex-

292 1184 434 1219 trema
471 1179 635 1232 quippe
676 1185 831 1232 patent
873 1179 1089 1228 omnibus,
1129 1186 1173 1220 et
1209 1181 1405 1221 omnium
1449 1181 1599 1222 oculos
1636 1182 1679 1222 in
1715 1196 1762 1224 se

292 1256 578 1293 convertunt:
621 1258 669 1293 ut
713 1253 921 1306 splendor
963 1253 1204 1306 epularum,
1238 1260 1282 1295 et
1323 1255 1530 1296 inusitata
1562 1255 1759 1297 ciborum

291 1326 590 1377 abstinentia;
644 1327 760 1367 nitor
794 1327 1171 1377 vestimentorum,
1216 1333 1259 1368 et
1302 1328 1523 1381 squallor;
1576 1330 1762 1383 pingues

291 1398 524 1453 floridique
575 1400 732 1449 vultus,
771 1406 816 1441 et
868 1402 1107 1441 extenuati.
1176 1402 1275 1442 Hac
1327 1403 1382 1442 de
1434 1416 1566 1443 causa
1619 1404 1762 1444 omnis

291 1473 569 1526 singularitas
602 1474 691 1514 sive
724 1475 852 1524 bona,
883 1475 972 1514 sive
1008 1475 1135 1524 mala,
1166 1488 1192 1515 a
1225 1474 1304 1517 SS.
1330 1476 1544 1526 Patribus,
1577 1483 1626 1517 ut
1656 1476 1762 1518 Cas-

291 1547 440 1588 sianus
470 1548 695 1588 memoriae
726 1548 933 1601 prodidit,
963 1548 1318 1601 explodebatur3
1350 1548 1447 1602 lege
1469 1550 1542 1590 ubi
1566 1551 1622 1590 de
1641 1555 1764 1590 veste

292 1621 508 1672 monachi,
541 1627 584 1662 ct
620 1621 719 1674 lege
756 1621 829 1662 ubi
869 1622 924 1662 de
962 1622 1059 1662 cibo
1098 1622 1203 1662 item
1237 1622 1552 1663 monachorum
1591 1622 1764 1676 agitur.1

289 1694 518 1748 Quidquid
547 1696 663 1735 enim
696 1701 824 1736 extra
850 1696 1216 1736 consuetudinem
1244 1697 1525 1749 praesumitur
1546 1710 1764 1751 usumque

289 1782 584 1819 communem,
627 1775 675 1809 ut
716 1783 842 1809 vanae
884 1768 1035 1822 gloriae
1079 1775 1212 1822 atque
1254 1770 1564 1810 ostentationis
1609 1770 1763 1812 morbo

290 1842 522 1896 pollutum,
559 1843 866 1896 antiquissima
905 1843 1085 1883 Patrum
1120 1843 1298 1884 traditio
1336 1849 1470 1884 notat.

378 1917 579 1958 Tertium
623 1918 797 1971 signum
844 1923 972 1958 rectae
1015 1917 1177 1958 mentis
1220 1924 1286 1958 est
1327 1917 1434 1958 ordo
1471 1919 1763 1968 correctionis,

293 1996 341 2032 ut
374 1991 517 2044 primo
551 2005 577 2031 a
611 1996 657 2031 te
693 1992 788 2044 ipso
823 1991 957 2032 facias
992 1991 1176 2041 initium,
1206 1991 1365 2031 deinde
1396 1991 1506 2032 alios
1542 1992 1763 2045 corrigas;

292 2078 396 2105 nam
433 2065 506 2118 qui
545 2078 669 2106 secus
706 2065 884 2115 faciunt,
925 2071 969 2105 et
1000 2065 1056 2104 ad
1089 2065 1197 2104 alios
1234 2065 1518 2117 corrigendos
1550 2066 1764 2118 proclives

292 2145 407 2189 sunt,
431 2140 678 2193 semetipsis
709 2139 931 2191 neglectis,
963 2139 1070 2178 satis
1103 2138 1300 2179 indicant
1333 2152 1380 2178 se
1412 2138 1563 2191 gloriae
1593 2140 1765 2189 servire,

293 2226 381 2254 non
414 2212 644 2253 hominum
681 2213 811 2253 saluti
845 2213 1089 2265 honorique
1121 2213 1280 2253 divino.
1342 2213 1578 2266 Propterea
1608 2213 1765 2254 Domi-

294 2299 386 2336 nus,
448 2288 565 2339 apud
628 2286 910 2335 Matthaeum,
964 2286 1161 2339 quisquis
1220 2293 1286 2326 est
1345 2286 1611 2340 hujusmodi,
1664 2301 1765 2328 eum

293 2360 487 2414 appellat
539 2361 833 2413 hypocritam,
876 2361 995 2413 quod
1034 2360 1178 2413 justus
1220 2361 1356 2401 videri
1407 2361 1524 2411 velit,
1566 2375 1665 2402 cum
1708 2363 1766 2403 sit

293 2447 514 2486 nequam;
549 2434 851 2487 hortaturque,
875 2439 924 2474 ut
956 2434 1101 2487 ejiciat
1133 2435 1324 2488 primum
1347 2435 1517 2474 trabem
1550 2435 1606 2474 de
1637 2435 1764 2475 oculo

291 2522 383 2557 suo,
416 2507 576 2548 deinde
608 2508 760 2548 videat
794 2508 948 2560 ejicere
981 2508 1194 2548 festucam
1232 2509 1287 2548 de
1325 2508 1452 2549 oculo
1491 2508 1634 2549 fratris
1670 2508 1768 2549 sui.²'

296 2583 386 2623 Ubi
424 2582 656 2635 Origines:
703 2583 841 2622 “Nisi
877 2582 1039 2633 fallor,''
1077 2583 1227 2635 inquit,
1264 2582 1405 2622 “nihil
1441 2582 1559 2623 aliud
1594 2583 1766 2636 appetis

295 2656 375 2696 nisi
409 2670 619 2710 apparere
649 2656 808 2709 justus,
841 2657 948 2696 dum
982 2671 1052 2697 me
1084 2657 1262 2709 corrigis
1295 2663 1338 2697 et
1369 2662 1413 2697 te
1445 2657 1657 2709 negligi53
1690 2662 1767 2698 aut

294 2731 329 2770 si
353 2743 422 2770 me
445 2736 489 2770 et
510 2737 553 2771 te
575 2731 766 2784 corripis,
792 2744 929 2783 quare
959 2745 984 2771 a
1014 2745 1084 2771 me
1114 2732 1269 2784 incipis
1299 2737 1343 2770 et
1372 2744 1458 2770 non
1485 2744 1510 2771 a
1532 2730 1641 2770 te?''
1705 2731 1766 2771 Et

297 2804 598 2857 Hieronymus
634 2805 676 2844 in
715 2804 874 2845 Matth.
909 2820 942 2845 c.
977 2814 1038 2856 5.:
1079 2804 1229 2845 “Mihi
1263 2803 1469 2854 videtu1·,‘’
1500 2804 1652 2856 inquit,
1684 2806 1768 2845 “et

594 2893 605 2912 ¹
631 2895 670 2926 L.
698 2903 724 2926 1.
746 2905 772 2926 c.
796 2903 836 2935 33
861 2899 892 2926 et
918 2895 937 2926 1.
960 2903 989 2934 9.
1012 2905 1038 2926 e.
1060 2903 1110 2935 23.
1247 2893 1260 2912 2
1284 2894 1404 2926 Matth.
1427 2900 1455 2934 7.
