1903 3197
376 185 455 230 De
487 185 750 230 necessitate
782 185 1020 231 moderati
1052 186 1242 232 laboris.
1450 201 1512 245 43
1526 201 1542 231 1

85 317 346 364 occasiones,
371 330 470 356 cum
497 316 592 369 quis
625 316 811 369 legendo
844 317 1098 369 orandoque
1131 317 1270 357 fessus
1305 323 1380 357 est.
1444 318 1547 358 Non

86 390 202 429 enim
246 389 377 429 etiam
419 389 457 438 ii,
496 390 569 442 qui
615 395 709 429 toto
755 395 932 442 pectore
980 390 1021 429 in
1065 390 1307 430 litterarum
1353 391 1547 431 studium

87 463 356 512 incumbunt,
380 462 499 502 affixi
529 462 657 510 libris,
683 463 928 515 mentisque
955 463 1295 514 cogitationibus
1326 477 1419 503 esse
1451 478 1550 516 pos-

86 542 214 586 sunt;
257 537 331 575 sed
374 549 550 575 necesse
587 541 652 575 est
688 536 908 575 interdum
945 541 1111 584 vacent,
1147 542 1190 575 et
1229 537 1549 588 cogitationum

87 610 375 649 intentionem
398 609 630 648 remittant.
695 609 813 661 Ergo
837 609 942 648 dum
966 623 991 648 a
1013 609 1167 648 studiis
1195 610 1354 648 mentis
1379 617 1549 659 vacant,

88 696 142 722 ne
175 696 350 735 prorsus
380 687 604 722 versentur
638 682 680 721 in
715 683 815 730 otio,
851 682 998 722 labore
1032 682 1180 734 aliquo
1216 689 1350 734 atque
1386 683 1551 722 exerci-

84 756 252 795 tatione
293 755 483 807 corporis
524 755 802 795 detineantur
843 761 1026 808 oportet,
1065 769 1152 807 qua
1193 755 1365 807 fugiant
1403 756 1542 795 otium

88 827 302 868 malorum
335 829 531 868 omnium
563 828 854 868 seminarium.
931 829 1166 882 Propterea
1199 829 1314 868 enim
1348 829 1408 868 sic
1439 843 1550 882 prze-

86 901 191 954 cipit
214 900 566 942 Ecclesiasticus:
591 903 750 942 “Mitte
773 903 894 943 illum
919 904 962 943 in
992 904 1306 956 operationem,
1328 917 1382 942 ne
1405 909 1549 943 vacet:

89 974 273 1014 multam
325 975 440 1014 enim
494 975 706 1016 malitiam
759 977 908 1017 docuit
959 975 1220 1017 otiositas.''1
1309 976 1456 1028 Quare
1509 983 1552 1017 et

89 1048 393 1101 Augustinus:
437 1049 621 1101 “Quem
664 1050 833 1099 taedet,’'
873 1051 1023 1103 inquit,
1060 1055 1220 1091 “orare
1267 1057 1311 1091 et
1353 1050 1550 1103 psallere,

89 1122 290 1161 manibus
328 1123 494 1174 operari
533 1137 586 1162 ne
622 1123 854 1164 differat.‘'2
910 1125 969 1165 Et
1005 1125 1119 1172 alibi,
1153 1124 1238 1165 “Si
1277 1125 1454 1176 quando
1492 1124 1549 1164 ab

89 1196 286 1236 oratione
315 1202 358 1236 et
390 1197 575 1236 lectione
597 1205 799 1246 cessatur,
825 1199 956 1238 debet
978 1199 1175 1251 operatio
1208 1211 1419 1237 manuum
1451 1198 1552 1237 sub-

89 1270 223 1322 sequi,
247 1270 349 1321 quia
372 1270 569 1310 otiositas
592 1271 767 1311 inimica
789 1279 854 1311 est
876 1273 1034 1311 animae
1062 1287 1069 1321 ;
1103 1279 1145 1311 et
1167 1271 1305 1311 hostis
1328 1272 1548 1323 antiquus,

91 1355 220 1394 quem
254 1356 279 1381 a
308 1342 491 1382 lectione
514 1357 586 1383 seu
612 1344 666 1384 ab
689 1346 884 1385 oratione
907 1359 981 1385 seu
1006 1346 1138 1385 etiam
1164 1345 1219 1384 ab
1243 1358 1374 1397 opere
1395 1357 1553 1384 vacan-

91 1421 182 1454 tem
214 1414 388 1463 invenit,
427 1415 552 1456 facile
588 1417 643 1456 ad
679 1418 784 1457 vitia
816 1416 987 1470 rapit.''3
1049 1419 1108 1457 Et
1142 1419 1198 1457 ob
1231 1418 1343 1457 hanc
1375 1431 1553 1457 causam

97 1488 342 1528 Bernardus
374 1490 429 1529 ad
463 1489 614 1530 fratres
648 1491 703 1531 de
737 1492 890 1531 Monte
924 1492 1007 1532 Dei
1041 1492 1237 1531 laborem
1272 1491 1355 1530 illis
1389 1491 1553 1530 statuit.

183 1560 343 1609 Scribit
365 1569 511 1603 autem
541 1563 586 1604 B.
607 1564 928 1617 Hieronymus4
950 1565 1266 1617 AEgyptiorum
1292 1563 1559 1604 monasteria

93 1636 210 1675 hunc
253 1649 418 1676 morem
455 1639 656 1687 tenuisse,
691 1645 738 1679 ut
772 1639 938 1679 nullum
977 1640 1145 1691 absque
1184 1652 1367 1691 operum
1410 1637 1559 1678 labore

95 1709 376 1761 susciperent,
415 1724 502 1750 non
544 1718 633 1751 tam
676 1719 855 1766 propter
890 1714 1030 1754 victus
1074 1714 1382 1753 necessitatem
1425 1725 1558 1764 quam

95 1787 275 1835 propter
320 1783 477 1822 animae
529 1784 727 1835 salutem,
771 1800 824 1826 ne
865 1793 1050 1839 vagetur
1096 1786 1347 1838 periculosis
1394 1786 1560 1838 cogita-

94 1856 290 1895 tionibus
323 1869 456 1896 mens.

185 1929 244 1968 Et
275 1928 509 1970 Cassianus
541 1931 670 1972 docet
703 1932 885 1972 Paulum
919 1932 1189 1986 Apostolum
1223 1932 1336 1972 hanc
1372 1931 1561 1972 Thessa-

95 2003 392 2042 lonicensibus
436 2004 639 2056 inquietis
671 2012 714 2045 et
745 2007 896 2046 otiosis
924 2007 1195 2047 curationem
1229 2005 1490 2054 adhibuisse,
1515 2010 1563 2045 ut

97 2076 344 2115 laborarent
385 2082 518 2129 atque
566 2086 857 2131 operarentur.
935 2080 1082 2120 Verba
1127 2080 1248 2120 Pauli
1291 2085 1420 2119 sunt:
1464 2079 1563 2118 “Iis

96 2153 244 2188 autem
288 2149 361 2201 qui
408 2150 623 2202 ejusmodi
659 2153 794 2203 sunt,’'
829 2154 994 2194 scilicet
1034 2154 1314 2194 ambulantes
1357 2153 1561 2205 inquiete,

99 2221 452 2276 “„denunciamus
475 2231 518 2265 et
548 2225 828 2267 obsecramus
861 2228 904 2266 in
938 2227 1132 2267 Domino
1162 2227 1266 2279 Jesu
1299 2225 1488 2276 Christo,
1517 2232 1565 2266 ut

97 2308 198 2335 cum
222 2295 393 2336 silentio
416 2305 647 2350 operantes
664 2314 790 2341 suum
809 2315 969 2354 panem
994 2298 1322 2341 manducent.'‘5
1366 2300 1564 2340 “Causas

97 2373 245 2409 autem
292 2374 514 2411 tantorum
558 2372 788 2422 ulcerum,”
838 2374 1073 2415 Cassianus
1118 2375 1270 2427 inquit,
1315 2376 1451 2426 “quae
1508 2374 1563 2414 de

99 2442 243 2482 radice
277 2443 508 2485 otiositatis
545 2453 788 2500 emergunt,
822 2462 912 2488 uno
942 2449 1209 2501 operationis
1239 2447 1418 2488 salutari
1454 2461 1565 2500 prae-

98 2518 229 2566 cepto
262 2516 489 2557 curavit.'’⁶

189 2586 337 2639 Quare
358 2596 402 2630 et
424 2590 469 2630 B.
486 2591 710 2634 Antonius
739 2595 956 2635 audivisse
980 2609 1005 2635 a
1027 2595 1125 2635 Deo
1158 2595 1326 2643 dicitur,
1350 2599 1397 2633 ut
1419 2592 1567 2633 scribit

102 2660 392 2713 Augustinus,
416 2669 464 2703 ut
485 2665 562 2704 otii
584 2667 751 2707 vitandi
774 2681 905 2709 causa
927 2669 1130 2709 manibus
1151 2668 1392 2718 laboraret;
1423 2679 1568 2706 narra-

99 2738 260 2786 turque
292 2748 358 2774 res
390 2741 486 2777 tota
517 2738 558 2777 in
580 2740 680 2780 vitis
712 2740 921 2782 Patruin.⁷

192 2846 206 2889 ἓ
230 2848 320 2881 Ecel.
341 2856 394 2890 33.
545 2851 558 2871 ²
583 2854 651 2886 Ser.
676 2861 722 2895 17.
744 2856 787 2887 ad
804 2857 944 2889 Fratres.
1095 2856 1108 2875 ³
1133 2857 1253 2889 Exhor.
1276 2856 1319 2888 ad
1344 2856 1483 2887 Fratres.

239 2898 253 2918 ⁴²
276 2901 331 2931 Ad
356 2902 517 2936 Restium.
611 2903 624 2923 ⁵
647 2913 666 2936 2
683 2905 799 2940 Thess.
822 2915 851 2948 3.
945 2906 959 2927 ⁶
982 2908 1020 2940 L.
1046 2915 1092 2941 10.
1114 2918 1140 2941 c.
1167 2916 1214 2949 14.
1307 2907 1320 2950 7
1346 2907 1384 2940 L.
1405 2915 1434 2940 2.
