1903 3197
388 172 466 217 De
497 171 672 217 studiis
708 172 876 217 mentis
913 171 1333 233 z'nlerrmnpendzs.
1489 185 1583 230 445

122 304 253 343 etiam
308 303 447 356 exigit
498 304 762 343 attentionis.
859 302 1049 342 Animus
1101 310 1248 343 autem
1306 317 1405 343 cum
1458 304 1584 343 rebus

120 377 317 429 pluribus
359 378 550 417 intentus
593 391 686 417 esse
723 390 809 416 non
847 378 994 429 possit,
1031 378 1133 428 quia
1171 377 1356 417 definita
1390 378 1455 417 vis
1493 378 1586 429 ejus

120 455 206 491 est:
239 451 496 504 relinquitur
531 457 579 491 ut
614 451 669 491 ab
702 464 752 490 ea
784 464 838 498 re,
868 464 965 502 quae
1002 450 1100 502 plus
1138 451 1279 502 exigit
1316 451 1583 499 attentionis,

120 525 262 577 magis
294 531 498 565 avocetur
529 539 554 565 a
584 525 738 565 studiis
770 525 868 573 suis,
896 537 1028 576 quam
1062 523 1119 563 ab
1151 537 1212 571 ea,
1238 537 1337 575 quae
1372 538 1458 563 non
1491 531 1582 564 tam

120 605 382 650 praesentem
411 600 607 639 animum
637 599 780 651 ipsum
810 597 1013 651 postulat.
1080 597 1181 636 Non
1205 603 1297 637 tam
1320 605 1582 649 praesentem

118 678 268 712 autem
311 687 391 713 nec
431 673 654 712 familiaris
691 686 844 721 sermo,
880 686 957 712 nec
995 672 1115 711 cibus
1157 670 1362 724 postulat,
1399 672 1501 723 quia
1540 672 1582 710 in

121 746 276 786 mediis
308 747 440 786 etiam
474 746 699 799 colloquiis
737 752 780 786 et
813 747 924 786 inter
959 747 1075 798 ipsas
1114 745 1266 798 epulas
1298 745 1445 784 videre
1483 744 1583 785 licet

118 819 315 859 animum
357 834 456 860 suas
494 826 641 860 tamen
683 820 972 872 cogitationes
1014 819 1230 872 persequi,
1270 824 1313 858 et
1355 818 1582 858 inchoatas

119 893 363 933 studiorum
401 894 795 947 contemplationes
832 907 920 933 non
951 894 1158 934 deserere.
1236 892 1367 945 Quod
1402 892 1580 945 quidem

119 965 162 1004 in
186 967 341 1007 mediis
363 967 476 1007 ludis
500 967 586 1007 fere
604 981 689 1007 non
708 968 862 1016 evenit,
882 967 954 1007 ubi
973 966 1040 1007 vel
1064 972 1242 1019 propter
1259 966 1580 1018 jucunditatem

118 1039 187 1079 vel
228 1046 407 1093 propter
447 1041 719 1081 colludentes
761 1055 847 1081 una
882 1040 1215 1081 confabulantes
1253 1045 1372 1080 totus
1410 1041 1582 1080 animus

119 1125 311 1164 praesens
348 1119 424 1163 est,
455 1120 662 1167 totusque
699 1116 759 1164 iis,
793 1129 891 1167 quae
924 1119 1124 1167 aguntur,
1157 1115 1361 1153 intentus.
1425 1114 1583 1154 Delec-

119 1186 333 1226 tabilioris
355 1187 485 1239 igitur
506 1189 690 1228 intentio
714 1188 772 1228 rei
796 1187 1008 1239 majorem
1032 1188 1074 1226 in
1097 1187 1246 1227 anixno
1261 1187 1580 1227 aberrationem

118 1259 260 1308 efficit,
307 1261 535 1313 magisque
586 1275 685 1301 eum
738 1267 892 1302 avocat
939 1261 995 1301 ab
1042 1261 1286 1300 intentione
1338 1261 1581 1300 studiorum

119 1346 306 1373 suorum.
371 1340 427 1374 20.
461 1334 577 1387 Quia
600 1335 689 1375 ludi
717 1335 932 1375 relaxatio
963 1335 1095 1374 rarior
1119 1340 1184 1374 est
1214 1340 1257 1373 ct
1287 1334 1426 1385 magis
1456 1334 1584 1374 infre-

116 1419 267 1458 quens,
303 1421 435 1459 quam
473 1408 540 1448 vel
578 1408 783 1461 colloquii
821 1409 887 1448 vel
921 1409 1015 1456 cibi,
1048 1422 1145 1460 quae
1179 1407 1438 1459 quotidiana
1470 1415 1582 1448 sunt.

120 1478 233 1531 Quae
262 1487 408 1521 autem
442 1482 577 1522 rarius
607 1482 816 1522 adhibitae
849 1488 950 1522 sunt
982 1482 1242 1534 voluptates,
1275 1482 1416 1534 magis
1449 1482 1582 1521 etiam

120 1560 298 1594 movent
349 1569 398 1595 ac
450 1555 682 1604 delectant,
725 1569 858 1608 quam
911 1569 1009 1607 quae
1058 1555 1257 1607 quotidie
1309 1554 1582 1596 adhibentur.

121 1627 246 1667 Facit
268 1628 312 1668 id
335 1634 429 1668 tum
453 1630 622 1669 novitas
646 1635 739 1669 tum
764 1630 927 1678 raritas,
952 1635 999 1669 ut
1022 1629 1063 1668 in
1094 1629 1376 1669 rusticatione
1402 1633 1583 1681 planum

121 1706 198 1749 est,
238 1714 336 1753 quae
378 1703 566 1742 crebrius
610 1709 818 1755 usurpata
865 1704 1007 1742 minus
1056 1708 1214 1751 movet,
1259 1703 1393 1742 rarius
1435 1709 1583 1742 autem

119 1773 248 1814 valde
280 1774 480 1815 delectat.
545 1783 599 1826 30.
635 1776 751 1828 Quia
785 1776 955 1828 longior
978 1782 1042 1816 est
1065 1776 1301 1816 oblectatio
1324 1776 1426 1825 ludi,
1450 1790 1583 1828 quam

120 1848 204 1888 cibi
233 1848 446 1902 voluptas,
476 1863 574 1902 quae
607 1851 694 1890 cito
727 1850 882 1898 avolat,
911 1856 954 1889 et
985 1850 1154 1889 tamdiu
1189 1855 1348 1898 manet,
1372 1850 1582 1901 quamdiu

122 1921 268 1963 fauces
306 1923 471 1963 transit.
537 1922 665 1976 Saepe
702 1923 835 1963 etiam
874 1923 1165 1963 collocutione
1202 1922 1382 1975 longior,
1413 1937 1511 1974 quae
1549 1923 1583 1963 si

119 1995 177 2035 sit
217 1997 338 2044 seria,
377 1996 518 2048 qualis
560 1996 860 2049 religiosorum
909 2011 1002 2036 esse
1044 1996 1189 2045 debet,
1227 2010 1344 2049 saepe
1387 1996 1582 2036 animum

119 2068 343 2122 defatigat.
414 2070 617 2110 Ludendi
651 2084 753 2110 vero
791 2070 910 2111 nulla
947 2072 1128 2110 satietas
1166 2077 1242 2119 est,
1278 2076 1326 2110 ut
1360 2070 1585 2110 declarant

121 2149 346 2184 nocturnae
378 2144 692 2184 colludentium
717 2145 888 2197 vigiliae,
912 2158 1013 2184 nam
1046 2150 1139 2185 tota
1172 2158 1288 2196 saepe
1323 2149 1451 2184 nocte
1483 2158 1581 2184 cum

116 2217 410 2259 delectatione
447 2218 634 2259 luditur:
669 2220 911 2272 praesertim
944 2219 1063 2271 quod
1101 2218 1280 2258 ludendi
1308 2217 1582 2270 voluptatem

116 2291 397 2345 colloquendi
420 2292 552 2332 etiam
571 2293 824 2345 jucunditas
847 2293 1092 2333 comitatur.
1140 2298 1198 2342 40.
1221 2292 1339 2332 Vero
1362 2291 1584 2344 praecipua

121 2365 231 2405 ratio
265 2372 341 2416 est,
365 2367 467 2418 quia
501 2367 544 2406 in
579 2366 693 2406 ludis
727 2373 793 2406 cst
821 2366 1062 2406 similitudo
1092 2365 1297 2418 quaedam
1331 2366 1582 2405 certaminis

118 2444 253 2491 atque
293 2440 515 2480 victoriae:
567 2440 640 2480 ubi
688 2447 836 2480 autem
885 2441 1117 2480 intervenit
1158 2454 1258 2480 cum
1301 2440 1583 2480 contentione

119 2513 311 2562 victoria,
336 2515 394 2554 ibi
416 2516 552 2554 oritur
574 2528 736 2568 magna
752 2514 1017 2567 jucunditas,
1042 2521 1090 2554 ut
1112 2515 1242 2554 docet
1263 2514 1307 2554 in
1336 2513 1582 2555 Rhetoricis

117 2586 391 2627 Aristoteles.
465 2588 663 2640 Ideoque
695 2588 960 2638 venationes,
996 2594 1249 2641 mutuaeque
1290 2602 1452 2641 pugnce
1489 2588 1579 2627 ani-

122 2661 336 2700 mantium
371 2661 483 2700 inter
516 2675 573 2710 se,
603 2667 651 2701 ut
680 2662 800 2701 canis
835 2667 878 2700 et
907 2661 1011 2710 felis,
1036 2661 1173 2701 leonis
1203 2668 1245 2701 et
1275 2662 1386 2713 equi,
1411 2660 1580 2712 tigridis

120 2739 163 2774 et
205 2734 302 2782 ursi,
338 2740 682 2787 caeterarumque
722 2734 929 2774 similium
971 2735 1274 2783 animantium,
1313 2734 1579 2786 plenissimae

116 2813 221 2847 sunt
242 2806 490 2860 voluptatis.
553 2807 669 2848 Nam
696 2807 751 2848 de
780 2807 968 2848 ferarum
991 2814 1303 2859 taurorumque
1326 2807 1576 2859 agitatione,

117 2893 217 2934 quae
252 2895 307 2922 ne
340 2881 623 2923 christianum
653 2881 831 2935 quidem
865 2882 1002 2932 decet,
1026 2881 1146 2922 nulla
1179 2881 1379 2922 facienda
1413 2880 1578 2921 mentio
