1903 3197
1021 209 1114 253 160

533 657 983 711 OPUSCULU
999 658 1060 709 M
1120 657 1589 710 SEPTIMUM.

328 800 403 836 DE
425 799 886 836 MANIFESTANDIS
911 799 972 835 SE
995 798 1204 836 MUTUO
1227 799 1554 836 FRATRIBUS.
1605 800 1792 847 JUXTA

411 869 691 906 REGULAM
714 868 987 905 DECIMAM
1009 868 1301 905 SUMMARH
1326 869 1386 904 IN
1409 869 1579 905 EXAM.
1601 869 1644 906 C.
1665 882 1698 915 4.
1720 870 1791 917 ἓὸ,

327 992 347 1009 “
372 990 499 1029 BONI
548 989 681 1028 etiam
733 1001 886 1028 omnes
928 987 1158 1028 consulant
1200 987 1255 1027 ab
1297 987 1392 1027 aliis
1434 989 1600 1040 corrigi,
1644 996 1687 1029 et
1729 991 1786 1031 ad

324 1063 508 1103 aliorum
546 1061 860 1102 correctionem
899 1061 1062 1113 juvare,
1099 1074 1150 1100 ac
1192 1060 1472 1100 manifestare
1514 1075 1559 1101 se
1602 1063 1785 1104 invicem

325 1137 411 1176 sint
452 1136 604 1189 parati,
640 1134 790 1174 debito
832 1148 931 1175 cum
969 1148 1118 1174 amore
1151 1141 1193 1175 et
1231 1134 1444 1175 charitate
1481 1136 1537 1175 ad
1574 1137 1787 1189 majorem

326 1210 502 1263 spiritus
537 1208 818 1261 profectum.”

413 1284 600 1323 Decima
632 1282 727 1322 haec
765 1282 1002 1323 Summarii
1047 1282 1219 1335 Regula
1254 1282 1411 1322 eodem
1448 1283 1787 1326 Constitutionis

322 1356 610 1410 paragrapho,
630 1370 680 1396 ac
701 1357 908 1410 proxima
925 1371 1058 1409 quam
1082 1356 1387 1409 explicuimus,
1402 1361 1670 1408 continetur;
1701 1365 1788 1399 tres

322 1438 470 1472 autem.
512 1431 718 1471 tribuitur
760 1431 802 1470 in
843 1437 1002 1484 partes.
1086 1431 1231 1471 Prima
1273 1437 1349 1480 est,
1394 1438 1441 1471 ut
1487 1431 1591 1471 boni
1634 1447 1787 1474 omnes

319 1505 551 1546 consulant
593 1505 648 1545 ab
690 1504 785 1545 aliis
830 1505 1015 1558 corrigi:
1066 1504 1223 1545 Altera
1264 1519 1378 1555 vero,
1421 1512 1469 1546 ut
1521 1506 1624 1546 boni
1679 1508 1785 1547 item

322 1578 556 1619 consulant
597 1578 653 1618 ad
706 1578 889 1618 aliorum
933 1579 1247 1619 correctionem
1285 1578 1467 1630 juvare:
1529 1579 1690 1630 Tertia,
1735 1587 1783 1621 ut

321 1652 602 1694 manifestare
634 1666 680 1692 se
717 1652 903 1692 invicem
941 1654 1027 1692 sint
1063 1654 1215 1705 parati.
1292 1653 1344 1692 In
1378 1653 1600 1694 Examine
1636 1661 1784 1695 autem

320 1727 381 1766 sic
402 1725 561 1766 habet:
597 1726 752 1765 “Num
776 1727 909 1766 etiam
939 1727 1042 1766 boni
1072 1728 1129 1767 sit
1157 1727 1432 1767 consulturus
1457 1728 1593 1780 (quod
1617 1735 1660 1768 et
1692 1729 1788 1782 ipse

319 1804 363 1839 et
386 1799 528 1851 quivis
554 1799 664 1839 alius
688 1799 829 1840 facere
851 1800 1002 1852 debet)
1026 1800 1081 1840 ab
1114 1800 1209 1840 aliis
1243 1801 1411 1853 corrigi,
1435 1807 1479 1841 et
1508 1801 1563 1841 ad
1598 1802 1783 1842 aliorum

321 1872 635 1914 correctionem
673 1872 856 1926 juvare3
909 1888 960 1914 ac
995 1887 1100 1914 num
1138 1874 1419 1915 manifestare
1461 1889 1556 1915 sese
1598 1876 1783 1916 invicem

320 1946 406 1987 sint
428 1947 569 1999 parati
587 1946 630 1987 ?''
695 1947 1000 2000 Interrogatur
1027 1954 1175 1988 autem
1205 1948 1299 1988 haec
1322 1949 1519 2001 quisquis
1549 1950 1605 1989 ad
1640 1949 1788 1990 Socie-

320 2025 460 2061 tatem
511 2020 654 2073 primo
706 2020 968 2072 admittitur,
1011 2022 1112 2074 quia
1159 2022 1464 2063 difficultatem
1516 2024 1786 2076 praecipuam

320 2093 497 2135 habent.
561 2093 752 2134 Difficile
794 2100 860 2135 est
897 2096 1024 2144 enim,
1062 2101 1106 2135 et
1143 2102 1310 2136 natura:
1352 2096 1482 2136 valde
1524 2110 1785 2149 repugnans,

319 2173 415 2208 tum
467 2167 525 2207 ab
577 2168 673 2207 aliis
714 2168 872 2220 corrigi
923 2168 1046 2218 velle,
1090 2174 1185 2209 tum
1237 2169 1293 2209 ad
1345 2169 1455 2209 alios
1506 2170 1787 2221 corrigendos

321 2254 502 2294 operam
526 2254 649 2281 suam
673 2241 839 2292 afferre,
862 2247 955 2282 tum
981 2242 1114 2282 etiam
1144 2242 1327 2283 aliorum
1356 2243 1548 2283 indicare
1578 2249 1786 2296 peccata;

320 2314 511 2367 ideoque
545 2315 600 2354 ad
636 2328 687 2355 ea
719 2328 765 2355 sc
806 2321 1010 2368 paratum
1048 2317 1265 2369 spondere
1302 2317 1435 2357 debet
1469 2317 1666 2370 quisquis
1702 2316 1787 2357 hoc

324 2388 584 2429 Institutum
614 2388 903 2442 amplectitur.
969 2390 1028 2430 Et
1057 2390 1264 2443 quoniam
1300 2391 1343 2430 in
1378 2391 1585 2444 proxima
1616 2389 1790 2442 Regula

320 2462 376 2503 de
412 2462 683 2515 perferendis
720 2476 848 2515 aequo
885 2463 1033 2504 animo
1071 2464 1121 2504 iis
1158 2465 1231 2517 qui
1275 2478 1355 2505 nos
1397 2465 1603 2513 indicant,
1637 2469 1785 2503 actum

319 2540 413 2586 est3
446 2549 719 2588 consequens
757 2542 823 2576 est
861 2550 975 2577 nunc
1010 2543 1067 2587 ut,
1106 2539 1334 2578 reservatis
1371 2537 1415 2577 in
1452 2537 1571 2578 aliud
1609 2543 1787 2590 tempus

318 2609 490 2650 duabus
530 2610 747 2663 prioribus
788 2610 918 2662 hujus
963 2611 1147 2663 Regulae
1188 2611 1400 2665 partibus,
1443 2611 1499 2652 de
1541 2610 1788 2652 indicandis

318 2695 370 2724 ac
404 2682 653 2723 deferendis
686 2683 783 2723 aliis
817 2683 1009 2724 vicissim
1044 2698 1239 2737 agamus.

404 2756 558 2797 Tertia
580 2762 728 2797 autem
758 2756 853 2797 haec
884 2771 985 2810 pars
1008 2757 1096 2798 duo
1118 2758 1298 2798 omnino
1321 2758 1527 2799 continet.
1592 2758 1787 2798 Primum

317 2830 436 2872 enim
489 2830 598 2870 alios
649 2830 873 2871 deferendi
926 2831 1233 2872 difficultatem
1285 2832 1463 2881 indicat,
1507 2845 1606 2872 cum
1654 2831 1761 2872 dicit
1779 2844 1796 2872 :.

317 2904 643 2962 f‘Manifestare
665 2918 760 2946 sese
790 2905 980 2946 invicem
1009 2905 1096 2947 sint
1124 2905 1302 2959 parati.'’
1365 2906 1542 2947 Deinde
1565 2903 1791 2946 deferendi
