1903 3197
659 152 739 197 De
770 152 1024 199 Examina
1475 170 1568 213 299

110 283 211 335 quia
240 283 299 323 rei
332 283 636 323 necessitatem
667 296 753 323 non
783 285 890 323 satis
920 285 1148 333 cernimus,
1172 286 1343 327 socordi
1374 286 1566 338 quadam

111 356 212 395 victi
254 356 431 404 desidia,
465 370 621 396 manus
662 356 717 396 ad
760 356 921 396 coelum
960 370 1046 396 non
1080 358 1299 398 tendimus
1342 372 1421 411 pro
1463 359 1568 399 libe-

111 428 278 469 ratione
327 436 618 482 peccatorum.
692 429 762 469 Ita
803 442 975 482 semper
1016 430 1146 469 iidem
1190 444 1350 479 sumus,
1395 445 1567 484 semper

111 516 211 542 cum
234 502 387 543 iisdem
410 503 524 542 vitiis
547 517 597 542 ac
618 503 895 555 passionibus
916 503 1051 542 vitam
1075 502 1286 555 degimus.

198 576 395 616 Tertium
437 577 589 616 vitium
641 576 777 616 oritur
818 589 874 616 ex
917 577 1046 616 tertio
1097 577 1251 628 capite.
1335 577 1451 628 Quia
1492 577 1566 628 qui

112 664 191 690 sua
224 651 351 699 dicta,
381 650 506 697 facta,
539 650 732 703 cogitata
763 650 894 689 debet
928 649 1178 702 expendere
1212 663 1262 689 ac
1294 650 1565 702 perscrutari.

112 724 368 764 festinanter
403 729 479 763 aut
515 724 752 764 oscitanter
787 723 830 763 id
868 723 982 769 facit,
1015 729 1058 762 et
1095 729 1216 762 motu
1256 723 1447 775 quodam
1486 723 1565 762 im-

107 797 316 849 patientis
352 797 486 836 animi
524 798 734 849 percurrit
774 798 921 849 potius
959 797 1052 842 ista,
1086 810 1218 848 quam
1258 801 1426 836 attente
1462 810 1565 836 con—

109 870 298 919 siderat;
332 869 448 909 unde
481 869 529 909 fit
561 875 610 910 ut
641 871 872 909 minimum
903 884 959 910 ex
989 869 1065 910 tali
1098 870 1366 910 discussione
1399 869 1563 909 lucrum

109 943 385 996 fructumque
422 943 588 984 referat.
664 944 796 984 Nasci
831 950 979 984 autem
1018 943 1239 983 festinatio
1277 943 1567 995 oscitatioque

110 1018 194 1057 ista
235 1017 346 1057 solet
386 1017 523 1057 tribus
564 1018 843 1070 potissimum
887 1031 943 1057 ex
985 1017 1136 1057 causis.
1201 1016 1346 1056 Primo
1388 1015 1565 1069 quidem

111 1105 168 1131 ex
206 1090 357 1131 alienis
389 1091 501 1130 curis
533 1097 576 1130 et
604 1091 991 1143 occupationibus;
1040 1104 1118 1130 nec
1153 1090 1268 1129 enim
1299 1090 1372 1142 qui
1407 1103 1452 1129 se
1482 1089 1569 1129 dis-

110 1164 221 1205 cutit
254 1164 422 1204 caeteris
459 1164 570 1203 curis
606 1164 811 1204 omnibus
853 1178 898 1204 se
940 1163 1150 1211 liberavit,
1189 1177 1268 1203 nec
1299 1176 1398 1202 vere
1435 1169 1569 1215 atque

112 1250 169 1277 ex
205 1238 354 1277 animo
390 1251 436 1277 se
471 1237 564 1289 ipse
600 1237 785 1290 collegit.
864 1238 1097 1290 Propterea
1132 1235 1261 1288 hujus
1300 1249 1434 1284 mens,
1470 1249 1569 1287 quae

110 1311 306 1350 nondum
343 1311 454 1350 curis
491 1310 621 1362 hujus
659 1311 810 1350 mundi
853 1310 995 1350 soluta
1037 1324 1087 1350 ac
1129 1310 1263 1349 libera
1305 1316 1381 1357 est,
1425 1315 1472 1348 ut
1509 1309 1571 1348 ait

112 1384 154 1424 S.
189 1384 425 1430 Diadocus,
469 1382 658 1423 tribunal
710 1397 837 1423 suum
888 1396 1126 1435 agnoscere
1178 1396 1265 1422 non
1318 1387 1475 1434 potest,
1523 1387 1571 1421 ut

108 1456 225 1510 apud
278 1470 325 1496 se
375 1457 468 1496 sine
518 1470 660 1496 errore
711 1457 919 1508 suffragia
966 1455 1118 1507 judicii
1171 1453 1402 1507 exploret.1
1488 1454 1572 1494 Est

109 1530 239 1583 igitur
290 1530 494 1569 omnibus
546 1529 688 1569 modis
740 1528 856 1569 utilis
907 1542 1102 1568 secessus
1161 1529 1321 1568 mentis
1372 1526 1571 1574 scilicet;

108 1603 300 1643 tribunal
341 1609 489 1643 autem
533 1616 660 1642 suum
693 1608 821 1642 vocat
857 1602 1069 1656 cujusque
1106 1601 1428 1641 conscientiam.
1513 1600 1574 1641 Et

113 1675 154 1717 S.
191 1676 471 1716 Dorotheus:
520 1676 680 1717 “Sicut
723 1689 823 1715 cum
875 1675 1086 1722 turbata‚''
1125 1675 1277 1727 inquit,
1312 1677 1416 1714 “est
1458 1687 1573 1726 aqua

112 1756 290 1802 propter
330 1762 535 1801 aggerem
577 1749 840 1793 demersum,
884 1762 1013 1789 nemo
1061 1754 1207 1801 potest
1248 1747 1403 1788 faciem
1446 1759 1569 1787 suam

111 1823 269 1871 videre,
303 1823 363 1861 sic
399 1835 498 1861 cum
535 1822 683 1861 anima
714 1821 826 1861 curis
865 1821 1015 1861 mundi
1055 1821 1211 1861 obruta
1248 1827 1323 1869 est,
1357 1833 1444 1860 non
1476 1833 1572 1860 sen-

111 1896 245 1936 timus
283 1895 386 1947 quid
425 1894 549 1934 nobis
587 1895 703 1934 dicat
740 1894 1042 1934 conscientia.''
1100 1894 1335 1946 Gregorius
1371 1906 1572 1945 quoque:

112 1967 299 2016 “Ecce,''
334 1969 487 2020 inquit,
514 1968 727 2020 “negotia
758 1974 976 2020 occupant
1009 1982 1105 2020 quse
1144 1967 1270 2007 nobis
1307 1968 1574 2006 incessanter

111 2042 325 2095 apposita,
374 2055 398 2080 a
445 2041 771 2080 considerandis
824 2041 1152 2093 nobismetipsis
1204 2041 1362 2080 mentis
1414 2045 1573 2080 nostrae

111 2115 286 2155 oculum
316 2114 548 2153 declinant.
615 2114 665 2152 In
699 2114 791 2153 istis
821 2127 1011 2166 namque
1032 2114 1274 2153 visibilibus
1304 2127 1401 2165 quae
1435 2113 1573 2153 intue-

110 2193 192 2237 tur,
215 2201 288 2227 cor
317 2193 516 2227 nostrum
546 2193 672 2227 extra
705 2201 751 2227 se
782 2188 1012 2240 spargitur,
1039 2193 1082 2227 et
1112 2187 1229 2238 quod
1265 2187 1320 2226 de
1349 2200 1394 2225 se
1423 2186 1573 2226 intrin-

111 2274 234 2302 secus
267 2267 423 2313 agatur
454 2261 732 2308 obliviscitur,
763 2262 868 2301 dum
902 2261 1173 2300 extrinsecus
1205 2257 1503 2312 occupatur.’''²

199 2340 255 2374 20.
289 2334 497 2374 Nascitur
548 2334 641 2373 haec
684 2334 946 2373 discutiendi
991 2333 1055 2372 sui
1099 2333 1323 2372 festinatio
1366 2347 1422 2372 ex
1466 2331 1574 2372 falsa

111 2407 304 2459 quadam
347 2407 565 2460 opinione,
599 2421 732 2459 quarn
776 2408 872 2460 quis
920 2406 1066 2454 habet,
1101 2419 1187 2445 non
1230 2419 1323 2445 esse
1366 2419 1572 2458 magnam

111 2479 352 2520 admodum
396 2481 657 2521 discutiendi
701 2481 942 2528 materiam,
982 2485 1025 2519 et
1069 2479 1161 2531 jam
1208 2479 1429 2531 praeterita
1469 2479 1575 2519 vitia

110 2559 284 2593 mortua
317 2567 411 2593 esse
446 2553 515 2593 vel
551 2554 678 2593 victa.
742 2552 843 2605 Quo
881 2552 1060 2605 quidem
1095 2552 1190 2592 loco
1224 2565 1352 2591 nosse
1385 2557 1571 2604 oportet,

112 2626 232 2678 quod
274 2626 407 2678 paulo
448 2632 550 2666 ante
592 2640 650 2666 ex
693 2627 890 2666 Macario
941 2640 991 2666 ac
1044 2625 1269 2666 Bernardo
1310 2625 1571 2672 monuimus,

109 2699 216 2739 vitia
248 2698 321 2738 illa
353 2699 531 2750 quidem
562 2712 729 2739 cessare
762 2699 981 2740 interdum
1012 2699 1067 2740 ad
1098 2705 1284 2752 tempus,
1307 2699 1382 2738 sed
1415 2702 1575 2750 praeter

113 2772 469 2825 expectationem
507 2777 662 2824 postea
698 2773 848 2819 redire,
888 2773 1133 2826 eademque
1169 2772 1313 2826 sopita
1349 2784 1443 2814 esse
1485 2783 1572 2813 non

372 2860 383 2878 ¹
410 2861 462 2892 De
486 2860 623 2893 Pei-fect.
644 2871 670 2893 c.
696 2860 743 2893 18.
938 2861 951 2880 '²
976 2861 1096 2895 Moral.
1115 2861 1137 2894 l.
1159 2867 1211 2903 25.
1231 2871 1257 2894 c.
1280 2867 1307 2901 7.
