1903 3197
323 148 415 192 190
639 133 720 179 De
751 133 940 180 ratione
973 133 1165 181 vivendi
1198 134 1456 181 Socz'etatz's.

312 265 642 307 circuitionibus
692 265 949 315 declaratur,
1005 267 1242 316 “Circuit,''
1299 268 1450 319 inquit.
1528 268 1597 307 De
1649 271 1777 306 nocte

315 339 433 379 enim
504 339 652 379 leones
727 345 920 392 surgunt,
988 346 1031 380 et
1111 340 1420 393 perambulant
1490 340 1635 392 sylvas
1718 342 1774 380 ad

313 413 597 466 quaerendam
639 414 847 466 praedam,
895 420 941 454 ut
988 415 1146 454 dicitur
1194 415 1236 454 in
1285 414 1496 454 Psalmis:
1551 414 1776 454 “Posuisti

311 487 528 537 tenebras,
561 494 604 527 et
641 487 757 528 facta
798 493 864 528 est
899 502 1002 538 nox,
1038 489 1081 528 in
1125 489 1219 541 ipsa
1260 489 1586 541 pertransibunt
1623 501 1776 528 omnes

314 561 466 601 bestiae
519 561 680 614 sylvae;
733 561 864 601 catuli
918 562 1093 602 leonum
1138 563 1360 615 rugientes
1412 568 1459 601 ut
1510 563 1683 614 rapiant
1734 567 1778 601 et

313 640 516 687 quaerant
557 649 582 674 a
626 635 723 675 Deo
771 648 916 676 escam
968 634 1109 675 sibi.’'1
1194 635 1377 682 Deinde,
1415 635 1693 674 “Insidiatur
1734 635 1777 673 in

1366 707 1380 723 ἢ

315 708 587 757 abscondito,
626 709 749 761 quasi
788 709 856 749 leo
891 709 933 748 in
971 709 1179 761 spelunca
1215 708 1380 758 sua;”*
1412 709 1472 748 sic
1510 715 1553 748 et
1587 708 1778 752 daemon,

315 794 414 821 cum
453 782 652 821 homines
691 781 927 832 dormiunt,
965 783 1057 835 ipse
1098 782 1251 835 vigilat
1294 783 1349 822 ad
1387 782 1634 835 perdendos
1678 795 1778 821 eos:

312 858 338 875 ⁴‘
354 854 467 895 Cum
502 855 744 896 dormirent
775 855 988 905 homines,
1015 856 1215 896 inimicus
1247 856 1381 896 homo
1413 856 1778 909 superseminavit

312 927 588 968 zizaniam.”3
670 929 802 968 Porro
853 928 966 968 hanc
1027 929 1069 968 in
1131 930 1442 968 circumeundo
1502 929 1776 981 vigilantiam

313 1002 500 1055 ipsemet
541 1001 743 1041 diabolus
795 1001 1042 1051 declaravit,
1077 1015 1188 1050 cum,
1227 1008 1405 1054 rogatus
1447 1016 1473 1042 a
1515 1003 1612 1042 Deo
1660 1003 1777 1042 unde

314 1076 492 1124 veniret,
546 1075 804 1127 respondit:
870 1074 1094 1115 “Circuivi
1157 1081 1330 1123 terram,
1378 1082 1421 1115 et
1479 1075 1778 1128 perambulavi

314 1148 470 1189 eam.”4
548 1148 639 1188 Ubi
680 1148 1034 1201 Chrysostomus,
1070 1150 1159 1188 “In
1197 1163 1249 1189 eo
1286 1149 1406 1201 quod
1448 1150 1510 1189 ait
1547 1150 1697 1190 omnia
1733 1163 1779 1189 se

310 1222 407 1263 loca
457 1236 722 1275 peragrasse,
772 1223 963 1276 seipsum
1013 1225 1202 1272 accusat,
1254 1224 1373 1275 quod
1423 1223 1591 1263 nullum
1633 1223 1773 1263 fixum

313 1296 477 1337 habeat
519 1295 804 1346 domicilium,
854 1310 934 1336 nec
976 1310 1170 1349 unquam
1213 1298 1435 1345 consistat,
1478 1297 1555 1337 sed
1601 1303 1780 1337 cunctas

314 1370 515 1422 regiones
575 1370 809 1422 perlustret
863 1371 1072 1410 adversus
1133 1376 1313 1410 cunctos
1366 1370 1573 1411 mortales
1630 1385 1779 1423 pugna

312 1441 577 1495 suscepta.'⁷⁵
659 1443 718 1483 Et
761 1443 981 1496 Didymus
1018 1444 1060 1483 in
1098 1445 1303 1484 eumdem
1347 1445 1517 1485 locum:
1564 1444 1781 1484 “Nullam

316 1516 480 1568 respuit
531 1522 701 1568 partem
755 1518 934 1569 cupiens
986 1518 1155 1570 quietis,
1208 1519 1431 1571 praeliatur
1476 1526 1520 1559 et
1570 1518 1781 1567 circumit,

317 1589 469 1629 amicis
516 1589 695 1640 quidem
748 1590 1053 1639 subducendis,
1104 1592 1289 1631 inimicis
1335 1606 1436 1632 vero
1488 1593 1543 1632 ad
1594 1592 1779 1632 exitium

315 1663 562 1715 poscendis,
581 1662 714 1715 juxta
741 1663 874 1703 illud:
899 1667 921 1683 “
938 1664 1029 1704 Leo
1052 1665 1271 1704 venationi
1300 1666 1530 1705 insidiatur
1551 1664 1784 1718 semper.'’‘⁵

316 1736 433 1776 Cum
472 1736 604 1788 igitur
640 1736 731 1788 ipse
765 1736 917 1789 vigilet
949 1738 1271 1786 circumeundo,
1315 1752 1394 1778 nos
1435 1752 1612 1790 quoque
1653 1738 1783 1790 plena

315 1809 545 1860 vigilantia
587 1815 859 1849 antevertere
901 1810 994 1862 ejus
1036 1811 1216 1851 technas
1262 1817 1306 1851 et
1346 1812 1557 1851 versutias
1599 1817 1781 1864 oportet.

319 1880 451 1934 Quod
489 1882 701 1922 admonet
744 1883 788 1921 B.
817 1882 1064 1936 Cyprianus
1100 1884 1166 1923 his
1200 1884 1368 1924 verbis:
1417 1885 1782 1925 “Excubandum

317 1961 396 2005 est,
443 1954 598 1995 fratres
641 1955 900 2005 dilectisimi,
938 1963 1070 2009 atque
1112 1958 1316 1997 omnibus
1352 1958 1514 1998 viribus
1557 1957 1782 1998 elaboran-

320 2030 438 2078 dum,
463 2034 510 2068 ut
542 2028 718 2068 inimico
751 2030 959 2079 saevienti,
982 2037 1025 2070 et
1052 2030 1198 2082 jacula
1230 2044 1309 2070 sua
1341 2032 1384 2070 in
1415 2045 1567 2071 omnes
1590 2032 1783 2084 corporis

318 2108 477 2155 partes,
516 2102 672 2154 quibus
714 2103 929 2142 vulnerari
982 2118 1225 2156 possumus,
1268 2105 1485 2157 dirigenti,
1528 2105 1697 2145 solicita
1739 2110 1784 2145 et

318 2175 449 2228 plena
486 2175 714 2227 vigilantia
747 2190 1067 2228 repugnemus;
1105 2177 1345 2217 secundum
1382 2177 1502 2230 quod
1536 2177 1783 2231 Apostolus

317 2254 563 2301 praemonet
586 2249 759 2289 dicens:
794 2249 974 2289 “Sobrii
1008 2256 1148 2290 estote
1178 2257 1220 2291 et
1242 2251 1420 2304 vigilate
1439 2250 1475 2301 ;‘'
1510 2258 1553 2292 et
1576 2252 1692 2292 idem
1724 2252 1782 2292 ad

320 2322 641 2362 Fortunatum:
686 2322 769 2362 “Si
819 2323 1084 2375 imparatum
1127 2326 1338 2366 invenerit
1379 2326 1564 2366 militem
1609 2325 1784 2375 Christi,

318 2395 352 2435 si
395 2395 560 2442 rudem,
611 2396 645 2435 si
694 2409 780 2435 non
833 2396 1049 2437 solicitum
1093 2411 1143 2437 ac
1185 2404 1280 2438 toto
1331 2399 1462 2439 corde
1511 2399 1781 2452 vigilantem,

318 2470 631 2509 circumveniet
653 2471 859 2518 nescium,
883 2470 998 2510 tollit
1021 2471 1256 2520 incautum,
1280 2472 1443 2525 decipit
1469 2471 1782 2525 imperitum.''⁷

407 2542 597 2583 Sextum
636 2543 677 2582 in
711 2549 865 2583 satana
896 2545 1306 2596 pertimescendum,
1341 2552 1406 2586 est
1439 2545 1532 2597 ejus
1564 2545 1780 2586 calliditas

319 2622 362 2656 et
394 2617 556 2656 astutia
588 2622 635 2656 ut
667 2616 709 2656 in
743 2616 949 2669 laqueum
982 2631 1061 2657 nos
1093 2618 1283 2668 inducat,
1314 2625 1357 2659 et
1389 2632 1446 2658 ex
1478 2618 1604 2659 nobis
1637 2632 1779 2671 quaes-

323 2696 416 2731 tum
454 2691 738 2744 przedamque
776 2690 915 2730 faciat.
981 2691 1081 2731 Hoc
1115 2697 1191 2741 est,
1220 2693 1338 2744 quod
1370 2692 1477 2733 dicit
1508 2691 1780 2745 Apostolus:

454 2803 465 2822 1
493 2805 576 2836 Psal.
602 2813 671 2844 103.
807 2803 820 2821 ‘²
846 2804 930 2835 I'sal.
951 2812 981 2843 9.
1118 2804 1132 2823 ὃ
1157 2805 1274 2837 Matth.
1300 2813 1348 2845 13.
1484 2805 1497 2824 '¹
1517 2806 1594 2847 Job.
1618 2814 1644 2837 1.

490 2854 502 2873 ⁵
528 2856 638 2896 Apud.
662 2855 794 2897 Olymp.
925 2854 938 2873 ⁰
962 2855 1052 2886 Eccl.
1073 2862 1124 2895 27.
1262 2855 1275 2875 7
1300 2857 1337 2888 L.
1357 2857 1399 2888 de
1415 2856 1485 2888 zelo
1501 2856 1601 2888 anim.
