1903 3197
486 193 552 239 In
587 192 804 254 Regulas
838 192 1097 239 Modeslz'ae.
1433 195 1460 237 6
1468 203 1528 251 37

69 329 186 375 sitas,
210 327 278 368 vel
315 340 413 367 cum
451 327 494 366 in
525 325 764 378 scalpendo
795 326 948 378 capite,
978 325 1125 373 barba,
1156 330 1233 365 aut
1264 324 1412 377 aliqua
1444 324 1529 364 alia

70 408 194 455 parte
245 401 436 454 corporis
487 405 766 452 occupantur,
808 413 908 439 cum
956 401 998 439 in
1044 413 1093 439 os
1140 400 1271 439 etiarn
1324 399 1529 439 rodendis

72 475 289 528 unguibus
321 474 548 515 itentidem
581 475 836 521 inseruntur,
861 487 959 513 cum
986 479 1151 513 temere
1182 479 1373 525 purgant
1394 487 1530 523 aures,

74 555 149 589 aut
190 549 340 589 leviter
389 549 568 589 barbam
612 547 788 596 vellunt,
832 554 908 587 aut
948 547 1110 587 blande
1160 547 1316 586 fricant
1357 547 1528 587 ocellos.

75 623 188 676 Quae
225 624 372 663 omnia
397 622 554 663 vitiosa
589 629 701 671 sunt,
729 628 773 662 et
809 636 835 662 a
871 621 1073 674 religiosa
1110 621 1328 661 modestia
1362 621 1531 670 aliena;

75 711 214 749 eaque
266 697 481 743 Clemens,
526 708 560 736 2.
605 696 777 749 Paedag.
821 710 852 736 c.
897 706 932 748 7.
972 695 1068 748 jure
1117 695 1364 746 vituperat:
1409 694 1533 746 “Qui

76 770 264 820 dentes,‘'
297 772 448 824 inquit,
484 771 729 824 “scalpunt,
769 777 812 811 et
853 770 997 810 ulcera
1038 774 1279 816 cruentant,
1317 774 1410 808 tum
1453 768 1534 808 sibi

76 845 157 897 ipsi
210 845 382 885 molesti
428 851 540 895 sunt,
582 852 676 886 tum
728 845 852 885 invisi
903 844 1126 897 proximis.
1210 844 1343 882 Porro
1387 848 1535 882 autem

76 919 243 958 aurium
281 919 541 969 fricationes,
571 926 614 960 et
648 924 1095 960 sternutamentorum
1133 917 1395 957 irritationes
1433 922 1535 957 sunt

75 992 187 1032 suilli
218 994 408 1046 pruritus
440 1001 483 1034 et
511 992 879 1042 confricationes,”
903 999 980 1033 etc.
1045 999 1112 1031 21¹¹.
1139 991 1253 1032 Cum
1286 991 1328 1030 in
1360 991 1537 1031 alterius

77 1067 262 1107 membri
288 1082 446 1107 munus
468 1074 601 1121 atque
626 1069 817 1109 officium
844 1068 1068 1117 invadunt,
1091 1072 1139 1106 ut
1161 1067 1195 1106 si
1218 1066 1396 1106 nutibus
1419 1065 1537 1118 loqui

76 1140 193 1189 velis,
218 1147 261 1181 et
288 1141 525 1195 digitorum
557 1143 749 1195 argutias
781 1142 988 1183 adhibere
1018 1155 1098 1194 pro
1118 1140 1270 1181 verbis,
1335 1141 1537 1192 Praecipit

78 1222 227 1256 autem
250 1217 569 1267 Bonaventura,
594 1217 718 1270 Spec.
744 1217 858 1257 Disc.
879 1231 918 1270 p.
939 1228 972 1267 3.
993 1231 1024 1256 c.
1046 1227 1068 1254 2
1088 1229 1096 1255 :
1125 1215 1419 1256 “Cavendum
1444 1229 1538 1254 esse

79 1295 128 1329 ut
149 1304 285 1330 unum
314 1291 560 1331 membrum
588 1291 764 1332 alterius
794 1291 984 1331 officium
1014 1304 1101 1330 non
1131 1296 1319 1342 usurpet,
1343 1294 1419 1328 aut
1445 1288 1538 1340 ejus

80 1364 367 1404 ministerium
403 1365 468 1404 sui
504 1365 768 1405 admistione
803 1363 1055 1413 confundat,
1090 1369 1138 1403 ut
1172 1363 1205 1403 si
1243 1378 1292 1403 os
1333 1362 1535 1415 loquitur,

640 1439 658 1454 5>

81 1451 235 1478 manus
272 1452 359 1478 non
397 1446 632 1479 moveatur.
721 1440 847 1479 Idem
885 1440 1014 1479 docet
1047 1438 1162 1490 Ugo,
1196 1437 1311 1478 unde
1351 1438 1539 1489 sumpsit

81 1513 401 1562 Bonaventura,
426 1519 473 1553 ut
505 1527 612 1554 mox
643 1515 899 1554 videbimus.
974 1513 1089 1552 Item
1127 1513 1160 1552 si
1199 1513 1334 1552 instar
1365 1525 1536 1552 crurum

81 1592 158 1627 aut
191 1588 395 1628 tibiarum
437 1588 774 1640 ingredientium
811 1587 989 1628 brachia
1030 1600 1274 1639 manusque
1311 1587 1541 1638 agitentur,

82 1661 144 1701 ita
165 1668 213 1701 ut
234 1661 405 1701 illarum
436 1676 610 1715 gressus
639 1662 795 1702 harum
829 1662 1012 1714 agitatio
1044 1667 1278 1713 motusque
1300 1661 1542 1709 comitetur,

82 1736 236 1775 vitium
260 1742 351 1776 est:
383 1736 586 1777 videntur
614 1738 730 1778 enim
759 1738 802 1776 in
832 1750 980 1777 earum
1010 1750 1168 1776 munus
1197 1735 1410 1775 invadere.
1474 1735 1544 1774 De

84 1824 171 1863 quo
200 1811 306 1851 vitio
337 1811 470 1864 paulo
501 1811 620 1852 infra.

174 1891 242 1935 3¹¹¹.
277 1884 389 1925 Cum
422 1885 644 1926 abstinent
669 1886 848 1938 quidem
881 1886 1141 1925 tractatione
1174 1884 1472 1924 membrorum
1502 1890 1546 1924 et

87 1958 213 1998 alieni
260 1959 450 1998 muneris
497 1960 807 2012 usurpatione;
861 1960 937 1999 sed
981 1965 1130 1998 tamen
1176 1964 1252 1998 aut
1293 1958 1336 1997 in
1377 1964 1544 1997 vestem

87 2046 181 2073 sese
212 2038 376 2073 temere
407 2034 629 2074 insinuant
660 2040 794 2087 atque
825 2034 1005 2081 abdunt,
1029 2040 1077 2073 ut
1108 2046 1208 2072 cum
1241 2032 1283 2072 in
1315 2038 1547 2084 utramque

86 2120 238 2160 peram
273 2106 382 2147 laeva
411 2107 574 2148 scilicet
607 2114 650 2148 et
678 2109 838 2148 dextra
871 2107 1132 2160 injiciuntur,
1162 2113 1238 2147 aut
1263 2112 1384 2146 veste
1413 2106 1548 2146 collu-

88 2182 210 2231 dunt,
233 2187 282 2221 ut
303 2181 376 2234 qui
399 2182 595 2235 cingulos
624 2183 737 2222 inter
765 2183 927 2235 digitos
948 2181 1164 2222 volvendo
1193 2187 1350 2222 rotant.
1414 2179 1546 2233 Quod

87 2256 243 2296 vitium
275 2256 459 2296 damnat
489 2256 532 2296 in
567 2257 692 2310 SpeC.
717 2258 832 2297 Disc.
859 2258 1166 2297 Bonaventura
1198 2270 1236 2309 p.
1264 2267 1298 2306 3.
1322 2270 1354 2295 c.
1379 2265 1415 2307 7.

176 2330 236 2370 Et
266 2330 403 2371 Isaias
424 2330 591 2379 Abbas,
617 2331 689 2372 Or.
716 2342 748 2383 3.
769 2332 825 2372 ad
849 2332 1023 2372 Fratres
1040 2331 1195 2383 junior.
1215 2345 1224 2371 ;
1249 2330 1359 2371 “Sic
1381 2344 1549 2370 assues-

89 2411 190 2445 cant
222 2419 388 2454 manus,
416 2419 470 2445 ne
501 2406 615 2446 intro
647 2405 874 2446 ferantur.'’

178 2479 238 2520 Et
278 2480 596 2528 Bonaventura,
630 2481 703 2521 ubi
746 2495 877 2534 supra
923 2496 955 2521 c.
995 2482 1029 2521 8.
1069 2480 1124 2520 de
1165 2480 1395 2533 disciplina
1437 2481 1551 2520 circa

92 2553 319 2594 habitum:
352 2554 595 2603 “Ambas,”
629 2556 780 2608 inquit,
803 2558 995 2596 “manus
1028 2556 1072 2595 in
1105 2556 1201 2595 sinu
1235 2561 1382 2595 tenere
1415 2567 1548 2607 quam

92 2628 378 2681 irreligiosum
414 2629 480 2677 sit,
511 2629 658 2681 palam
695 2629 899 2670 omnibus
935 2636 1027 2679 est3
1061 2643 1161 2670 cum
1193 2629 1263 2670 vel
1304 2643 1437 2669 unam
1475 2628 1549 2668 diu

92 2709 240 2743 tenere
269 2703 346 2743 vix
378 2709 561 2744 excuset
591 2704 686 2757 ipsa
716 2704 987 2745 necessitas.’'

179 2783 249 2827 4¹¹¹.
285 2776 399 2818 Cum
441 2791 495 2817 ne
535 2777 618 2818 hoc
659 2779 837 2830 quidem
879 2786 1026 2832 agunt,
1069 2779 1145 2819 sed
1194 2778 1466 2818 extrinsecus
1507 2790 1552 2817 re

96 2852 302 2905 quapiam
335 2851 554 2892 levissima
587 2852 883 2904 destinentur;
918 2859 966 2893 ut
1002 2867 1102 2894 cum
1139 2852 1277 2901 flores,
1310 2865 1453 2906 poma,
1484 2851 1553 2891 vel

95 2926 313 2978 baculum,
342 2932 418 2968 aut
452 2927 583 2968 etiam
618 2927 883 2968 sudariolum
918 2928 1057 2969 otiose
1093 2933 1280 2980 gestant,
1310 2933 1386 2968 aut
1419 2925 1551 2967 alium
