1903 3197
289 173 390 217 *666
611 171 692 217 De
728 171 915 218 ratione
951 173 1148 220 vivendi
1182 174 1440 223 Socz'etatzk.

382 304 443 345 Et
464 304 730 356 Dorotheus,
751 305 840 347 Ser.
860 294 895 359 9¹
909 306 980 347 De
1002 308 1216 349 mendace
1234 325 1241 349 :
1269 309 1353 350 “Si
1376 310 1590 363 quando,”
1609 312 1761 366 inquit,

294 379 574 432 “contigerit,
607 385 654 419 ut
682 380 866 420 verbum
899 395 1034 422 unum
1063 396 1215 422 verum
1246 383 1421 435 dixerit,
1453 385 1559 426 facit
1594 387 1675 427 sibi
1712 394 1762 428 ut

293 467 521 506 nunquam
558 454 795 495 credatur.’'
862 455 922 496 Et
958 456 1042 496 hoc
1078 463 1145 497 est
1174 459 1293 511 quod
1330 459 1498 510 dicitur,
1524 447 1761 504 Pr0v210:

293 526 419 580 “Qui
453 528 605 568 nititur
634 529 885 579 mendaciis,
912 529 982 570 hic
1014 532 1154 584 pascit
1182 533 1401 585 ventos;''
1425 535 1627 576 videlicet
1656 537 1760 589 quia

291 614 380 641 non
423 602 669 655 assequitur
705 604 824 656 quod
865 618 944 657 per
979 606 1260 646 mendacium
1297 609 1470 660 assequi
1512 609 1756 660 laborabat,

288 676 368 715 sed
405 689 584 728 operam
622 690 746 716 suam
780 679 934 730 perdit,
966 685 1014 719 ut
1042 680 1116 732 qui
1145 687 1302 720 ventos
1333 683 1500 734 pascit:
1533 697 1632 723 cum
1665 684 1759 736 ejus

289 749 419 789 dictis
465 749 574 790 fides
620 764 708 790 non
740 750 985 803 habeatur,
1027 755 1088 793 sic
1130 754 1384 795 inconstans
1426 762 1470 796 et
1509 770 1624 810 vaga
1665 758 1758 810 ejus

274 824 484 877 ,arguitur
517 824 658 864 oratio
691 830 905 878 tanquam
927 832 1094 867 ventus.
1156 827 1332 869 Veritas
1365 836 1514 870 autem
1548 832 1629 872 sibi
1663 833 1758 885 ipsa

286 903 471 947 constat,
496 904 540 938 et
562 897 605 937 in
633 911 719 938 uno
749 900 961 950 consistit,
984 914 1108 940 secus
1138 908 1286 941 autem
1317 905 1624 956 mendacium;
1656 907 1756 947 ideo

287 973 509 1025 sequitur:
533 973 697 1013 “Idem
728 981 876 1014 autem
910 975 1003 1028 ipse
1035 976 1232 1028 sequitur
1263 991 1365 1018 aves
1392 980 1653 1032 volantes;''
1676 982 1758 1022 sci-

286 1046 388 1086 licet
416 1052 596 1100 propter
624 1048 970 1098 instabilitatem,
994 1051 1098 1102 quia
1127 1050 1220 1103 ejus
1248 1065 1403 1102 sermo,
1427 1060 1581 1106 utpote
1610 1055 1756 1107 falsus,

287 1121 457 1161 stabilis
494 1135 582 1161 non
625 1122 853 1172 invenitur,
897 1124 974 1164 sed
1016 1124 1190 1176 varius;
1222 1139 1349 1166 verus
1391 1130 1625 1169 autem.in
1667 1144 1755 1172 uno

287 1196 498 1235 consistit.

377 1276 444 1321 5¹³³.
480 1270 597 1323 Quia
628 1272 909 1313 mendacium
941 1274 1197 1326 gravissime
1228 1276 1485 1319 vindicatur.

377 1344 610 1394 Climacus,
640 1360 700 1399 gr.
737 1358 824 1387 12.:
849 1348 1081 1397 “Nullus,'’
1109 1350 1262 1402 inquit,
1284 1354 1434 1392 “recte
1470 1355 1755 1395 sentientium

284 1433 469 1472 parvum
502 1434 596 1460 csse
628 1421 845 1461 mendacii
872 1429 1105 1475 peccatum
1128 1425 1384 1477 existimet;
1417 1414 1581 1481 quippe
1603 1435 1756 1470 contra

285 1493 456 1533 nullum
498 1495 652 1534 vitium
694 1496 882 1547 graviori
928 1498 1147 1537 sententia
1190 1498 1378 1552 Spiritus
1422 1500 1611 1542 Sanctus
1653 1517 1755 1544 usus

286 1574 364 1617 est,
388 1569 500 1608 sicut
523 1569 584 1608 ait
607 1568 753 1609 David
776 1570 833 1610 ad
863 1570 1010 1611 Deum
1032 1585 1040 1611 :
1075 1572 1271 1613 “Perdes
1293 1588 1445 1615 omnes
1468 1577 1542 1629 qui
1568 1576 1754 1630 loquun-

286 1649 358 1683 tur
375 1643 691 1693 mendacium,’'
709 1644 818 1685 Psal.
841 1653 860 1695 5
877 1659 885 1695 3
904 1652 947 1685 et
961 1645 1102 1698 Apoc.
1121 1658 1169 1686 21
1187 1663 1194 1687 :
1215 1648 1431 1689 “Timidis
1450 1656 1493 1690 et
1510 1651 1753 1701 incredulis,

286 1724 332 1758 et
364 1720 592 1768 execratis,
621 1725 664 1758 et
697 1720 902 1760 omnibus
934 1722 1221 1762 mendacibus
1255 1737 1355 1776 pars
1392 1724 1565 1765 illorum
1598 1727 1679 1766 erit
1711 1727 1755 1767 in

286 1799 447 1845 stagno
484 1793 691 1833 ardenti.''
756 1794 961 1847 intellige
997 1802 1145 1836 autem
1187 1797 1267 1837 has
1303 1799 1538 1852 scripturas
1575 1814 1663 1841 non
1700 1801 1756 1842 de

286 1868 441 1920 quovis
464 1868 706 1916 mendacio,
731 1870 809 1908 sed
831 1869 887 1909 de
909 1871 1045 1910 noxio
1068 1878 1111 1911 et
1132 1873 1389 1924 pernicioso,
1412 1875 1530 1927 quod
1563 1875 1755 1916 fallendo

284 1948 452 1982 noceat.
518 1942 578 1982 Et
615 1943 747 1983 Eccli.
780 1954 835 1983 20
856 1944 1039 1985 dicitur:
1074 1946 1311 1986 “Mendax
1347 1949 1639 2001 perditionem
1674 1964 1755 2003 pro

284 2015 545 2056 haereditate
577 2024 783 2070 capturus
802 2017 847 2068 ;'’
870 2025 914 2058 et
947 2019 1069 2061 Prov.
1101 2031 1184 2061 20:
1219 2025 1240 2041 “
1256 2021 1450 2072 Suavis,”
1473 2024 1626 2076 inquit,
1652 2028 1755 2065 “est

286 2091 454 2131 homini
491 2092 619 2144 panis
653 2093 882 2143 mendacii,
916 2100 959 2133 et
991 2101 1147 2147 postea
1178 2096 1431 2149 implebitur
1462 2112 1511 2138 os
1543 2099 1636 2151 ejus
1668 2099 1755 2139 cal-

283 2166 384 2206 culo
402 2180 410 2205 :
427 2166 446 2179 ''
470 2166 635 2206 scilicet
667 2174 715 2207 ut
747 2168 859 2208 solet
880 2169 916 2208 is
938 2170 1011 2222 qui
1036 2171 1293 2211 secundario
1315 2186 1430 2225 pane
1451 2175 1648 2224 vescitur,
1678 2175 1753 2226 qui

287 2241 488 2293 quamvis
521 2241 694 2281 suavior
727 2242 926 2283 videatur
959 2244 1122 2284 cibario
1157 2251 1199 2284 et
1234 2247 1423 2287 candido
1466 2261 1590 2300 pane,
1634 2262 1753 2301 saepe

283 2320 434 2354 tamen
466 2315 602 2355 habet
635 2316 862 2356 admixtos
900 2318 1094 2358 minutos
1123 2320 1339 2372 quosdam
1367 2321 1570 2371 calculos,
1594 2323 1752 2375 quibus

286 2402 336 2429 os
366 2389 540 2429 laeditur
567 2390 809 2443 dentesque
839 2392 1100 2432 mandentis.
1165 2392 1238 2434 Sic
1265 2401 1308 2434 et
1334 2394 1434 2435 Act.
1465 2396 1524 2435 18.
1548 2395 1751 2437 Ananias

284 2470 329 2503 et
356 2463 553 2516 Saphira,
578 2465 681 2516 quia
704 2465 832 2505 Petro
855 2467 1027 2506 mentiti
1050 2473 1162 2517 sunt,
1185 2475 1363 2520 repente
1385 2470 1642 2522 expirarunt
1659 2484 1669 2521 ;
1701 2477 1751 2512 ut

284 2538 584 2591 intelligamus
617 2546 832 2591 quantum
866 2541 922 2580 sit
952 2541 1122 2581 facinus
1154 2543 1449 2594 superioribus
1480 2544 1554 2597 qui
1589 2544 1750 2586 Christi

281 2614 379 2654 loco
411 2620 523 2663 sunt,
547 2614 719 2653 mentiri
752 2615 795 2654 in
829 2629 874 2655 re
904 2617 1148 2668 praesertim
1179 2619 1313 2670 gravi.

369 2689 438 2728 61¹¹.
484 2688 601 2741 Quia
639 2689 910 2742 Reipublicae
949 2697 992 2730 et
1028 2693 1335 2732 communitati
1377 2699 1535 2734 nocet:
1582 2694 1748 2736 tollitur

282 2764 400 2804 enim
423 2765 648 2803 convictus
677 2764 907 2815 humanus,
931 2765 1004 2805 ubi
1027 2767 1266 2807 mendaciis
1288 2781 1354 2808 res
1376 2775 1575 2822 aguntur.
1639 2770 1747 2811 Ideo

285 2838 417 2879 Eccli.
442 2849 506 2878 20.
532 2852 631 2878 cum
661 2838 753 2878 fure
783 2840 1041 2880 mendacem
1071 2849 1308 2894 comparat.
1353 2843 1570 2894 “Potior,''
1594 2845 1746 2898 inquit,

1203 2915 1210 2930 5

284 2912 400 2962 “fur,
425 2926 558 2965 quam
592 2913 827 2953 assiduitas
849 2914 927 2953 viri
950 2915 1197 2956 mendacis]
1271 2916 1388 2956 Tum
1420 2917 1524 2970 quia
1554 2919 1750 2959 mendax
