1903 3197
688 179 768 225 De
804 178 849 225 C
845 180 1049 226 castitate.
1507 192 1531 235 3
1542 192 1564 221 2
1578 191 1594 221 1

399 378 670 405 DIFFICULTAS
701 378 755 404 EX
786 378 973 404 HUMANA
1004 376 1339 404 IMBECILLITATE.

227 463 511 504 Imbecillitas
552 463 745 502 humana
795 462 839 501 in
880 462 1018 502 tribus
1068 462 1174 502 item
1217 462 1405 501 cernitur
1457 462 1597 502 rebus.

142 539 333 577 Primum
372 538 415 577 in
458 538 552 589 ipsa
592 536 780 575 hominis
822 541 988 585 natura,
1024 541 1071 575 ut
1104 536 1142 574 ei
1180 549 1280 575 cum
1318 535 1467 575 multis
1509 535 1600 574 ani—

140 611 363 651 mantibus
401 616 465 650 est
502 610 759 659 communis,
797 623 896 661 quae
934 623 1012 649 sua
1053 614 1210 662 sponte
1247 609 1303 648 ad
1342 608 1600 660 procreandi

138 685 411 736 voluptatem
442 688 537 722 toto
566 683 733 734 impetu
764 681 906 722 fertur.

227 756 286 796 Et
323 756 500 808 quidem
540 756 581 796 S.
621 755 858 805 Diadocus,
891 769 991 795 cum
1033 756 1089 795 de
1131 754 1333 807 perfectis
1365 753 1458 805 jam
1500 754 1601 794 viris

138 830 397 881 loqueretur,
440 842 626 880 quorum
670 830 802 869 etiam
845 842 1026 882 corpora
1067 828 1135 868 his
1176 827 1396 868 interdum
1434 827 1600 867 facibus

138 903 476 950 inflammantur,
502 903 594 954 ejus
624 903 683 942 rei
713 916 891 943 causam
915 903 957 942 in
981 908 1181 942 naturam
1212 902 1401 954 primum
1424 901 1571 941 retulit
1593 915 1602 941 :

137 977 285 1030 “Quia
306 977 434 1026 haec‚”
460 978 611 1029 inquit,
631 977 864 1030 “voluptas
886 978 1061 1030 propria
1084 982 1150 1016 est
1172 982 1351 1024 naturae,
1368 981 1523 1028 utpote
1545 976 1600 1015 ad

138 1052 436 1103 generandum
469 1051 609 1099 insita,
643 1051 932 1103 quamobrem
962 1050 1088 1090 facile
1120 1064 1276 1103 corpus
1311 1048 1602 1102 superatur;'’

138 1130 182 1164 et
214 1125 392 1176 quidem
422 1129 546 1164 tanta
575 1130 640 1163 est
673 1124 767 1164 haec
799 1124 1012 1177 voluptas,
1036 1130 1095 1173 ut,
1115 1123 1248 1176 juxta
1273 1122 1602 1176 Augustinum:

138 1202 158 1216 ‘⁶
178 1198 230 1237 In
279 1198 470 1250 corporis
518 1197 817 1249 voluptatibus
870 1197 990 1237 nulla
1040 1198 1095 1237 sit
1146 1195 1344 1248 major.'’1
1446 1196 1505 1236 Et
1555 1197 1600 1237 B.

142 1271 442 1322 Hieronymus
474 1270 530 1310 ad
565 1271 761 1310 Furiam:
797 1270 1020 1311 “Grandis
1042 1272 1214 1311 virtutis
1237 1277 1302 1310 est
1331 1275 1374 1310 et
1405 1269 1603 1310 sollicitae

137 1343 387 1395 diligentiae,
412 1357 615 1395 superare
639 1344 756 1395 quod
785 1350 889 1384 nata
910 1344 995 1393 sis;
1030 1345 1074 1383 in
1097 1357 1235 1392 carne,
1261 1357 1348 1383 non
1371 1342 1603 1383 carnaliter

138 1418 291 1465 vivere,
314 1423 459 1456 tecum
492 1431 687 1469 pugnare
719 1418 927 1469 quotidie,
958 1424 1002 1457 et
1035 1417 1251 1457 inclusum
1285 1417 1460 1456 hostem
1490 1416 1603 1469 Argi

139 1491 204 1544 (ut
232 1478 392 1530 fabulae
425 1490 596 1542 ferunt,)
621 1497 796 1531 centum
826 1491 962 1531 oculis
989 1490 1254 1531 observare.”
1308 1490 1462 1543 Atque
1490 1489 1603 1529 hanc

137 1564 316 1617 quidem
359 1570 528 1604 tantam
571 1570 738 1604 naturae
779 1564 1053 1616 voluptatem
1096 1570 1249 1604 auctor
1290 1564 1383 1616 ipse
1424 1569 1603 1613 naturae,

140 1639 273 1686 Deus,
312 1638 350 1677 ei
388 1638 592 1688 inservit;
636 1644 684 1678 ut
725 1644 768 1678 et
810 1638 879 1678 hic
924 1638 1226 1691 Hieronymus
1268 1637 1385 1685 dicit,
1422 1643 1466 1677 et
1502 1651 1606 1677 con-

139 1711 285 1751 firmat
327 1711 523 1761 Basilius,
559 1718 738 1764 propter
774 1712 1080 1752 necessitatem
1122 1711 1424 1764 propagandae
1458 1711 1603 1763 prolis,

140 1799 194 1825 ne
235 1785 278 1824 in
320 1790 410 1824 tam
461 1787 704 1825 necessario
746 1799 877 1838 opere
928 1786 1114 1826 cessatio
1166 1785 1254 1825 ulla
1301 1782 1606 1836 contingeret.2

140 1857 366 1911 Quocirca,
401 1858 533 1898 etiam
576 1864 678 1898 ante
719 1859 847 1911 primi
880 1858 1070 1898 hominis
1108 1859 1281 1911 lapsum
1314 1865 1606 1910 naturamque

139 1938 399 1984 corruptam,
452 1931 603 1971 fuisset
654 1932 723 1972 hic
775 1933 1090 1984 procreationis
1136 1931 1371 1984 appetitus,
1414 1937 1604 1983 excepto

139 2011 289 2045 tamen
312 2005 466 2044 ardore
492 2006 794 2045 immoderatae
830 2005 1033 2055 libidinis,
1056 2011 1101 2046 et
1123 2005 1377 2058 cupiditatis
1399 2004 1605 2045 deformi-

138 2083 230 2118 tate
247 2092 256 2128 ;
289 2078 389 2118 licet
414 2078 693 2130 Augustinus
725 2079 885 2118 sentire
915 2079 1125 2127 videatur,
1154 2092 1242 2118 non
1275 2078 1408 2118 fuisse
1438 2078 1604 2130 primos

138 2151 339 2191 homines
380 2165 458 2204 per
498 2151 610 2191 hanc
651 2151 891 2202 libidinem,
926 2166 1013 2204 qua
1050 2166 1141 2202 nos,
1179 2150 1454 2204 gignituros.3
1515 2151 1605 2192 Sed

138 2225 334 2277 theologi
372 2224 569 2277 plerique
605 2226 881 2266 dissentiunt.
965 2225 1136 2278 Quodsi
1174 2231 1344 2265 tantam
1378 2225 1467 2265 vim
1509 2231 1605 2265 tum

137 2297 331 2338 habebat
371 2297 451 2347 hic,
495 2311 628 2350 quam
676 2298 882 2348 diximus,
930 2299 1164 2351 appetitus,
1209 2299 1312 2351 quia
1363 2297 1602 2349 naturalis;

138 2376 352 2423 quantum
387 2385 502 2411 nunc
542 2370 705 2412 habeat
741 2385 918 2412 necesse
950 2377 1016 2412 est
1047 2378 1148 2425 post
1184 2378 1415 2425 acceptum
1447 2371 1604 2412 vulnus

138 2443 360 2496 originalis
396 2443 549 2497 culpae,
586 2458 686 2484 cum
725 2458 862 2498 usque
899 2458 1074 2498 quaque
1114 2445 1307 2486 hominis
1343 2450 1411 2485 est
1442 2444 1604 2485 infecta

141 2522 184 2556 et
215 2517 452 2569 depravata
484 2518 673 2558 natura?
735 2518 883 2571 Quare
905 2533 963 2559 ex
996 2520 1092 2572 ipsa
1117 2520 1310 2572 corporis
1333 2525 1488 2559 natura
1510 2525 1603 2559 tam

140 2589 322 2639 infirma,
346 2597 526 2643 tamque
558 2592 614 2631 ad
645 2592 920 2644 voluptatem
951 2606 1030 2632 sua
1057 2599 1216 2645 sponte
1244 2605 1473 2645 propensa,
1503 2591 1605 2632 licet

140 2662 384 2714 intelligere
410 2670 576 2715 quanta
604 2665 660 2704 sit
687 2664 878 2705 hominis
907 2665 1186 2706 imbecillitas
1212 2665 1269 2705 ad
1299 2664 1601 2715 resistendum,

142 2747 363 2788 quamque
384 2737 521 2776 ardua
543 2738 754 2778 castitatis
776 2752 937 2791 pugna,
960 2752 1060 2778 cum
1093 2739 1325 2779 intestinus
1346 2743 1390 2778 et
1412 2736 1602 2777 inclusus

321 2840 333 2860 ²
360 2843 414 2873 De
438 2842 536 2874 Civit.
553 2844 619 2875 Dei
641 2844 662 2875 1.
688 2852 734 2884 14.
753 2855 780 2875 6.
801 2845 849 2876 16.
1005 2843 1018 2862 2
1042 2845 1116 2876 Lib.
1137 2845 1179 2876 de
1202 2855 1278 2876 vera
1301 2843 1414 2884 virgin.

617 2893 630 2912 ³
655 2895 707 2927 De
725 2895 821 2927 Civit.
840 2895 907 2927 Dei
929 2896 951 2927 1.
976 2904 1022 2935 14.
1042 2906 1067 2927 c.
1085 2904 1135 2936 24.

309 2954 340 2983 V
