1903 3197
546 142 626 188 De
657 142 976 190 Poenz'c‘entz'zlr.
1410 158 1426 188 1
1444 158 1459 188 1
1475 154 1500 202 7

39 276 247 330 loquendi
285 275 442 316 modus
477 277 721 328 “poterunt
754 274 1015 327 impone1·e‚'’
1051 289 1138 315 non
1174 275 1290 315 enim
1327 275 1501 316 Consti-

38 352 152 393 tutio
184 351 290 392 dicit
318 351 557 402 imponent,
590 347 666 387 sed
699 353 907 400 poterunt
945 348 1180 400 imponere,
1216 355 1264 389 ut
1301 349 1500 389 conside-

41 431 181 466 ratam
214 424 542 477 impositionem
575 422 737 461 innuat.

128 498 260 551 Quod
295 497 351 538 ad
385 495 639 549 imponendi
674 493 807 533 finem
841 499 1024 546 spectat,
1057 494 1174 533 idem
1207 499 1272 533 est
1299 501 1432 547 atque
1467 496 1501 535 is

40 574 114 626 qui
165 571 415 625 propositus
466 575 557 609 erat
603 568 646 607 in
694 567 997 615 concedendis,
1040 566 1124 606 hoc
1170 572 1236 606 est
1281 567 1502 619 profectus

39 647 244 700 spiritus;
288 643 487 696 quamvis
524 641 639 682 enim
677 641 773 680 finis
812 641 1039 693 proximus
1080 641 1136 680 sit
1172 640 1393 688 correctio,
1427 647 1503 681 aut

41 720 284 768 aedificatio,
326 723 475 757 tamen
528 722 571 756 et
612 715 778 763 harum,
814 720 857 754 ct
900 714 1083 754 aliarum
1126 727 1504 766 quarumcumque

39 790 270 848 poenarum
304 791 402 830 finis
437 790 616 830 ultimus
651 796 716 829 est
750 788 981 841 profectus.
1046 788 1116 828 Ita
1148 788 1222 840 qui
1257 801 1344 827 uno
1371 787 1503 827 verbo

39 869 198 917 finitur,
256 865 451 919 pluribus
512 863 772 908 continetur,
825 863 860 902 si
918 861 1098 914 quidem
1149 862 1205 901 ad
1258 861 1502 914 profectum

41 942 217 996 spiritus
259 939 398 980 multa
438 938 670 991 pertinent.
749 937 816 976 Ea
859 936 1049 975 revocari
1092 941 1276 988 possunt
1318 935 1374 975 ad
1416 935 1504 974 duo

41 1016 271 1070 praecipua.
349 1013 555 1053 Alterum
590 1016 654 1050 est
684 1016 731 1050 ut
763 1023 840 1062 per
876 1009 1159 1062 poenitentias
1193 1023 1218 1049 a
1253 1009 1369 1049 malo
1406 1009 1506 1048 sub-

43 1091 160 1131 ditus
192 1093 443 1128 revocatur:
475 1085 661 1125 alterum
694 1089 742 1123 ut
775 1084 980 1123 incitetur
1010 1083 1067 1123 ad
1099 1083 1276 1123 bonum.

133 1162 314 1209 Malum,
349 1160 466 1200 unde
501 1158 691 1199 revocari
727 1158 928 1197 subditus
957 1158 1099 1205 debet,
1132 1162 1278 1210 potest
1308 1170 1402 1197 esse
1434 1157 1508 1196 tri-

44 1238 177 1291 plex;
216 1235 379 1276 scilicet
416 1239 491 1273 aut
529 1231 693 1271 malum
732 1230 990 1279 intellectus,
1027 1231 1099 1283 qui
1142 1232 1316 1283 proprie
1352 1231 1510 1270 dicitur

44 1325 186 1360 error;
219 1314 295 1350 aut
324 1307 490 1347 malum
516 1305 766 1352 voluntatis,
792 1305 864 1356 qui
896 1305 1092 1344 defectus
1125 1304 1401 1352 nominatur3
1434 1310 1510 1344 aut

46 1382 312 1426 remissionis
357 1380 586 1433 cujusdam
630 1379 672 1417 in
711 1377 884 1430 agendo
923 1392 979 1417 ex
1017 1378 1217 1417 socordia
1259 1384 1302 1417 et
1344 1377 1511 1425 inertia,

48 1473 146 1513 quae
189 1455 457 1510 negligentia
499 1453 583 1494 dici
635 1457 794 1505 potest,
832 1465 920 1504 qua
966 1452 1203 1491 remittitur
1249 1451 1421 1491 animus
1468 1451 1511 1489 in

48 1531 221 1586 agendo
264 1528 435 1570 etiamsi
487 1526 592 1566 nihil
640 1525 876 1577 delinquat.
961 1525 1043 1564 Est
1085 1524 1201 1565 enim
1245 1523 1514 1577 negligentia

50 1605 239 1660 speciale
280 1608 522 1657 peccatum,
566 1606 613 1640 ut
657 1601 718 1640 ait
757 1599 798 1640 S.
824 1597 1050 1647 T1101nas‚1
1088 1604 1131 1638 et
1168 1612 1226 1638 ex
1258 1598 1514 1638 remissione

49 1687 199 1733 torpor
232 1678 383 1718 existit
412 1682 455 1716 et
483 1674 668 1715 tarditas
703 1674 906 1726 quaedam
938 1673 980 1712 in
1011 1673 1072 1722 iis,
1101 1687 1200 1725 quae
1232 1673 1514 1725 imperantur,

53 1751 412 1794 administrandis
461 1755 505 1788 et
547 1748 830 1800 exequendis.
940 1748 1048 1787 Ideo
1095 1747 1141 1788 B.
1179 1737 1327 1787 noster
1376 1748 1515 1795 Pater,

51 1832 231 1881 propter
261 1825 355 1864 haec
383 1823 465 1863 tria
493 1822 777 1875 poenitentias
806 1821 970 1861 indicat
999 1821 1301 1873 injungendas,
1324 1835 1424 1861 cum
1454 1821 1515 1861 sic

54 1901 141 1941 ait:
175 1902 194 1918 “
211 1896 498 1938 Poenitentias
527 1909 606 1948 pro
633 1895 795 1943 erratis,
820 1900 863 1933 et
892 1893 1181 1946 negligentiis,
1205 1900 1248 1934 et
1270 1894 1516 1935 defectibus

54 1973 274 2026 injunctas
301 1983 462 2023 magna
488 1982 587 2008 cum
613 1967 862 2008 humilitate
891 1966 1179 2008 subeundo.''‘²
1224 1967 1300 2008 Ab
1322 1967 1389 2008 his
1412 1981 1516 2021 ergo

50 2046 320 2102 revocandus
363 2050 428 2084 est
469 2042 670 2083 subditus
722 2041 1001 2094 impositione
1042 2055 1286 2094 poenarum,
1337 2048 1381 2082 et
1427 2041 1512 2082 hoc

57 2126 256 2175 spectare
294 2118 559 2171 Praepositus
597 2116 738 2157 debet.
803 2116 873 2155 De
914 2115 980 2155 his
1012 2116 1176 2168 aliquid
1210 2116 1518 2156 Bonaventura

56 2194 219 2248 Opusc.
243 2194 297 2233 de
320 2206 399 2232 sex
423 2191 501 2231 alis
523 2190 640 2243 prael.
666 2204 697 2230 c.
725 2200 759 2241 3.

146 2269 259 2309 Cum
310 2272 458 2306 autern
512 2264 759 2304 incitandus
808 2269 873 2304 est
924 2263 981 2304 ad
1032 2263 1211 2314 bonum,
1258 2264 1392 2304 etiam
1444 2278 1523 2318 per

58 2341 340 2396 poenitentias
378 2339 545 2379 incitari
580 2352 605 2378 a
640 2338 881 2391 Praeposito
918 2343 1076 2390 potest,
1112 2351 1163 2378 ac
1196 2337 1355 2378 debet:
1399 2337 1518 2390 quod

59 2417 251 2457 insinuat
283 2415 330 2456 B.
348 2414 477 2454 Pater
498 2413 540 2452 in
565 2412 786 2452 Examinc
818 2425 918 2452 cum
941 2413 1003 2452 ait
1027 2413 1346 2452 “Poenitentias
1368 2425 1522 2452 omnes

58 2488 378 2543 adimplendas,
398 2500 496 2539 quae
519 2491 699 2539 propter
720 2485 928 2534 defectus,
953 2491 996 2525 et
1019 2485 1191 2538 quidvis
1214 2485 1333 2526 aliud
1363 2486 1523 2526 fuerint

60 2559 346 2615 injunctae;”3
375 2567 423 2601 ut
444 2561 644 2600 videatur
665 2559 806 2599 facere
827 2565 1094 2612 potestatem
1119 2559 1361 2612 Praeposito
1383 2559 1524 2611 impO«

62 2637 195 2677 nendi
248 2635 380 2676 etiam
432 2639 559 2674 extra
610 2633 796 2686 culpam,
838 2633 1112 2686 periclitandi
1162 2634 1315 2686 gratia,
1356 2632 1425 2672 vel
1467 2631 1524 2671 ad

65 2710 427 2751 exercitationem
493 2708 674 2748 virtutis.
787 2707 1002 2760 Idemque
1066 2707 1238 2747 videtur
1307 2706 1527 2746 insinuare

63 2798 162 2825 cum
204 2784 290 2825 ait:
344 2782 646 2824 “Subeundas
689 2781 889 2822 alacriter
929 2795 1085 2835 poenas
1126 2780 1297 2822 etiamsi
1348 2783 1528 2832 propter

163 2872 176 2892 ¹
202 2873 236 2905 S.
257 2881 286 2904 2.
308 2881 337 2904 2.
358 2883 389 2914 q.
412 2878 461 2913 54.
483 2882 512 2903 a.
537 2880 562 2902 1.
681 2870 695 2889 ‘2
720 2871 835 2903 Exam.
857 2881 883 2903 c.
904 2880 936 2911 4.
964 2872 979 2909 ἓ
1003 2879 1056 2909 41.
1175 2868 1188 2887 3
1212 2869 1250 2900 C.
1269 2876 1301 2906 4.
1322 2869 1337 2905 ἓ
1363 2874 1414 2907 33.
