1903 3197
304 184 398 229 432
626 168 706 213 De
738 168 927 214 ratione
960 167 1153 213 vivendi
1184 165 1441 213 Socz‘elatz's.

398 302 557 342 Paulus
580 315 756 354 quoque
783 301 865 349 ille,
889 301 963 353 qui
993 300 1189 341 Cassiani
1219 299 1436 339 sententia
1467 298 1645 338 Patrum
1674 312 1773 352 pro-

307 376 561 417 batissimus
593 373 778 424 dicitur,1
801 374 881 414 etsi
914 375 970 414 ad
992 375 1156 414 victum
1190 372 1446 424 cultumque
1478 372 1770 412 necessarium

310 463 441 503 opere
478 463 566 489 non
604 449 773 502 egebat,
809 448 1055 502 palmarum
1098 447 1310 487 fructibus
1352 452 1396 485 et
1431 446 1604 486 modico
1646 445 1773 487 horto

309 538 495 573 securus,
529 523 835 576 quotidianum
865 528 1013 562 tamen
1043 521 1202 561 laboris
1231 533 1429 573 pensum,
1459 519 1579 559 velut
1611 519 1773 560 exinde

310 598 632 645 sustentanduS,
657 611 682 636 a
704 597 939 649 semetipso
965 596 1129 649 jugiter
1157 595 1392 647 exigebat:
1425 607 1613 647 cumque
1643 608 1773 648 opere

309 672 445 712 totius
478 671 579 711 anni
611 676 785 711 antrum
808 669 900 722 ejus
924 669 1075 710 fuisset
1098 669 1340 722 impletum,
1365 668 1407 708 id
1438 668 1556 720 quod
1586 668 1771 709 sollicita

309 759 412 786 cura
458 745 740 792 laboraverat,
784 744 966 797 singulis
1007 744 1132 783 annis
1184 743 1284 796 igne
1326 743 1556 795 supposito
1597 756 1771 783 concre-

311 819 469 858 mabat.
547 819 610 858 Ut
642 831 741 857 cum
783 817 866 858 hoc
907 817 999 858 fieri
1041 831 1320 870 nequaquam
1363 818 1601 857 necessitas
1631 817 1772 858 victus

310 894 518 945 exigeret,
552 906 631 944 pro
661 891 753 932 sola
785 892 1045 944 purgatione
1077 891 1218 932 cordis
1250 897 1293 931 et
1322 892 1640 944 cogitationum
1669 892 1769 932 soli-

310 966 459 1014 ditate,
481 965 549 1004 vel
581 965 745 1004 acediae
771 965 951 1005 victoria
983 970 1116 1017 atque
1148 965 1479 1017 expugnatione
1511 965 1746 1017 perficeret.

397 1039 536 1078 Recte
578 1039 709 1091 igitur
751 1038 793 1079 S.
826 1039 1025 1091 Ignatius
1058 1037 1297 1087 “Omnes,''
1334 1039 1485 1091 inquit,
1518 1041 1767 1091 “quamdiu

306 1111 454 1153 valent
491 1112 533 1151 in
570 1112 868 1165 spiritualibus
899 1112 967 1152 vel
1005 1112 1296 1152 exterioribus
1334 1112 1461 1151 rebus
1497 1111 1690 1153 habeant
1727 1114 1769 1154 in

307 1199 394 1238 quo
429 1192 707 1238 occupentur,
742 1199 796 1226 ne
831 1186 970 1226 otium
1004 1185 1220 1226 malorum
1257 1186 1455 1225 omnium
1494 1186 1615 1238 origo
1648 1186 1767 1227 domi

307 1265 467 1300 nosti-ce
500 1260 644 1300 locum
676 1258 894 1300 habeat.’'2

393 1333 543 1373 Tertia
566 1347 708 1383 causa,
726 1334 828 1386 quia
851 1333 974 1373 labor
995 1334 1187 1386 corporis
1210 1333 1462 1373 moderatus
1480 1333 1536 1374 ad
1558 1335 1769 1387 pietatem

306 1413 349 1446 et
386 1407 666 1447 devotionem
711 1407 950 1459 quamdam
989 1407 1251 1460 peculiarem
1295 1421 1373 1447 nos
1405 1415 1631 1460 praeparat.
1696 1409 1769 1451 Sic

306 1481 423 1520 enim
446 1481 694 1520 sentiebant
711 1487 878 1521 veteres
898 1481 1058 1531 Patres,
1073 1487 1121 1521 ut
1139 1482 1199 1521 ait
1218 1481 1473 1521 Cassianus:
1497 1482 1769 1523 “Credentes

306 1567 352 1594 se
381 1560 506 1594 tanto
534 1555 835 1594 sublimiorem
870 1555 1160 1608 spiritualium
1195 1555 1619 1608 contemplationum
1653 1558 1771 1609 puri-

305 1633 443 1668 tatem
477 1629 636 1668 mentis
674 1628 833 1668 intuitu
877 1630 1147 1681 quaesituros,
1179 1635 1346 1681 quanto
1379 1629 1579 1669 devotius
1611 1629 1772 1672 fuerint

307 1716 410 1755 erga
442 1703 584 1755 operis
617 1703 810 1742 studium
843 1716 894 1742 ac
925 1703 1086 1742 laboris
1119 1701 1336 1742 intenti.”3

396 1776 542 1828 Hujus
567 1776 676 1815 ratio
699 1776 866 1828 duplex
890 1789 984 1816 esse
1007 1782 1162 1829 potest.
1225 1776 1328 1817 Una
1351 1782 1427 1826 est,
1452 1777 1555 1830 quia
1577 1784 1768 1819 mentem

306 1849 472 1901 colligit
509 1849 632 1889 labor
673 1850 864 1902 corporis
907 1850 1171 1898 moderatus,
1205 1863 1259 1890 ne
1296 1850 1351 1890 ad
1395 1851 1540 1891 inania
1576 1858 1769 1905 vagetur,

310 1929 353 1964 et
390 1923 620 1964 collectam
663 1923 1024 1976 contemplationi
1068 1929 1266 1964 reservat.
1344 1924 1452 1964 Ideo
1495 1925 1770 1967 Bernardus:

303 1997 526 2047 “Serius,''
560 1998 713 2050 inquit,
740 1997 947 2037 “animus
980 2003 1023 2037 et
1054 1998 1246 2050 prudens
1277 1998 1332 2038 ad
1366 2012 1543 2038 omnem
1575 2013 1621 2039 se
1652 2013 1771 2040 com-

303 2078 429 2124 parat
464 2071 670 2120 laborem,
701 2085 780 2111 nec
818 2071 861 2110 in
895 2084 947 2110 eo
982 2070 1243 2119 dissolvitur,
1272 2072 1348 2111 sed
1385 2085 1462 2124 per
1497 2086 1596 2112 eum
1629 2074 1769 2126 magis

304 2146 346 2185 in
398 2159 444 2186 se
496 2146 640 2198 ipsum
692 2143 969 2196 colligitur.’'4
1050 2145 1109 2184 Et
1152 2144 1488 2185 Bonaventura:
1529 2146 1666 2185 “Etsi
1712 2147 1768 2187 ad

301 2218 454 2259 horam
474 2218 692 2270 intercipit
710 2217 955 2257 devotionis
973 2218 1202 2270 quietem,'’
1217 2217 1397 2271 (scilicet
1419 2218 1571 2269 labor),
1588 2222 1767 2260 “tamen

302 2298 492 2331 meretur
522 2297 677 2344 postea
710 2290 922 2342 majorem
956 2290 1199 2330 dulcedinis
1231 2290 1554 2332 infusionem.’¹5

385 2365 542 2405 Altera
580 2365 689 2404 ratio
727 2370 804 2411 est,
839 2364 941 2416 quia
978 2364 1073 2416 ipsa
1111 2364 1270 2404 laboris
1312 2379 1454 2417 poena,
1492 2366 1526 2405 si
1565 2380 1651 2419 qua
1688 2374 1765 2415 est,

298 2439 544 2480 devotionis
597 2444 787 2478 meretur
839 2439 1056 2479 affectum.
1141 2437 1214 2479 Sic
1266 2439 1526 2490 Bernardus‚
1569 2454 1668 2480 cum
1711 2442 1766 2482 de

302 2527 511 2554 manuum
565 2526 696 2566 opere
747 2512 1007 2565 loqueretur,
1050 2512 1111 2553 ita
1162 2512 1388 2554 subdidit:
1435 2514 1767 2567 “Fatigationis

301 2589 416 2628 enim
441 2602 530 2627 sure
560 2600 761 2640 pressura
784 2587 1038 2638 exprimunt
1060 2600 1177 2639 saepe
1199 2586 1537 2628 vehementioris
1561 2588 1766 2628 affectum

300 2660 607 2702 devotionis.'’G
669 2661 885 2712 Idemque
908 2660 950 2700 id
979 2660 1145 2713 colligit
1167 2674 1300 2713 quam
1325 2668 1367 2701 et
1392 2663 1490 2702 Deo
1513 2668 1556 2702 et
1578 2662 1763 2716 Angelis

343 2793 351 2812 ¹
379 2795 467 2834 Lege
484 2799 515 2825 et
534 2793 664 2834 Specul.
687 2792 837 2833 Exempl.
859 2792 890 2823 d.
908 2800 937 2823 2.
955 2802 982 2823 e.
1004 2800 1073 2832 113.
1141 2791 1154 2809 ²
1172 2793 1207 2823 P.
1223 2801 1252 2832 3.
1268 2803 1294 2824 c.
1316 2802 1340 2825 1.
1361 2795 1375 2831 ἓ
1394 2792 1421 2825 6.
1488 2792 1501 2811 3
1519 2794 1555 2824 L.
1574 2802 1602 2825 2.
1621 2805 1647 2825 c.
1669 2802 1714 2826 12.

425 2844 438 2863 4
463 2846 518 2876 Ad
537 2846 666 2876 Fratres
683 2845 724 2876 de
742 2844 858 2874 Monte
876 2843 950 2874 Dei.
1087 2842 1099 2861 5
1124 2844 1177 2875 De
1195 2844 1330 2876 Inforin.
1349 2846 1436 2876 Nov.
1455 2856 1487 2886 p.
1506 2853 1533 2876 2.
1556 2856 1582 2876 c.
1598 2855 1629 2885 4.

758 2893 771 2913 ⁶
796 2895 851 2925 Ad
868 2894 998 2925 Fratres
1015 2894 1056 2926 de
1074 2895 1190 2926 Monte
1215 2896 1289 2927 Dei.
