1903 3197
644 151 723 195 De
754 149 1009 195 Examina.
1231 186 1234 190 .
1462 162 1484 191 2
1494 147 1520 191 8
1530 159 1553 206 5

88 285 220 337 idque
242 285 351 324 duas
374 285 430 324 ob
452 296 615 323 causas
680 281 887 328 Primum,
912 280 1051 331 “quia
1074 292 1246 331 semper
1268 277 1552 318 validioribus

90 358 316 410 superatis,
340 354 561 403 celerem,’'
591 354 744 406 inquit,
769 357 788 372 “
804 353 858 392 de
882 352 1062 391 residuis
1091 352 1271 391 habebit
1293 351 1554 403 facilemque

92 430 354 472 victoriam.''
417 429 601 477 Deinde,
635 427 773 479 “quia
805 424 1076 478 impossibile
1111 431 1176 464 est
1208 438 1320 473 eum,
1353 426 1439 476 qui,
1473 439 1552 477 pro

91 505 233 545 cordis
255 505 318 544 sui
343 503 650 543 emendatione
673 500 894 549 sollicituS,
917 512 1020 551 erga
1046 498 1428 550 impugnationem
1458 498 1551 538 vitii

90 578 322 631 cujuslibet
373 576 660 616 intentionem
704 588 794 613 suae
847 573 1006 612 mentis
1055 571 1302 618 armaverit,
1347 570 1552 610 adversus

91 659 248 692 caetera
289 664 464 703 quoque
504 649 610 688 vitIa
650 646 901 700 generalem
954 645 1194 697 quemdam
1243 643 1467 683 horrorem
1510 649 1554 683 et

91 725 338 765 custodiam
391 722 577 762 similem
621 735 708 760 non
750 717 968 760 habere.'’1
1029 718 1184 769 Atque
1234 716 1331 756 haec
1373 715 1445 755 ille
1496 730 1554 756 ex

90 799 325 850 Scripturae
369 796 544 837 Sancta:
588 794 737 847 figuris
783 794 915 833 etiam
967 792 1139 844 probat,
1194 790 1353 831 dicitur
1405 790 1551 829 enim:

91 871 254 910 “Deus
305 883 493 922 magnus
544 875 587 908 et
633 867 864 915 terribilis;
917 867 1010 918 ipse
1060 869 1290 904 consumet
1352 863 1553 902 nationes

91 946 170 985 has
202 945 245 984 in
283 950 519 996 conspectu
554 949 631 982 tuo
662 942 876 994 paulatim
911 947 1045 992 atque
1087 952 1165 991 per
1206 943 1363 990 partes.
1450 936 1554 977 Non

90 1020 254 1072 poteris
288 1018 432 1058 delere
466 1031 539 1057 cas
574 1016 746 1069 pariter,
781 1028 834 1054 ne
868 1014 978 1053 forte
1016 1011 1366 1064 multiplicentur
1402 1016 1555 1051 contra

89 1099 133 1133 te
155 1093 307 1132 bestiae
330 1090 514 1132 terrae.''‘³
560 1091 632 1131 Sic
655 1103 830 1141 quoque
855 1087 1129 1127 Dorotheus:
1153 1084 1259 1125 “Ad
1283 1084 1553 1137 superandas

91 1167 318 1219 passiones
360 1179 409 1205 ac
450 1165 556 1204 vitia
598 1176 787 1202 examen
831 1161 1028 1201 adhiberi
1081 1158 1342 1212 particulare
1384 1158 1552 1205 suadet,

93 1240 153 1280 ita
184 1245 231 1279 ut
259 1252 336 1291 per
364 1237 573 1290 quaelibet
594 1242 795 1288 tempora
820 1234 1113 1287 inspiciamus,
1136 1232 1360 1284 quomodo
1385 1237 1552 1272 certum

92 1313 270 1364 aliquod
302 1312 469 1358 vitium,
503 1309 863 1362 perturbatioque
896 1320 1028 1359 quam
1062 1307 1105 1345 in
1138 1306 1263 1345 nobis
1294 1304 1557 1344 senserimus

95 1386 290 1426 edomita
313 1383 429 1424 sit.''3

181 1461 294 1500 Eam
326 1459 457 1511 igitur
488 1457 702 1497 rationem
737 1455 971 1495 Examinis
994 1452 1269 1506 particularis
1292 1452 1425 1504 paulo
1455 1456 1558 1490 ante

96 1534 138 1574 P.
177 1533 376 1586 Ignatius
409 1531 672 1580 tradidisset,
709 1544 796 1582 quo
833 1528 938 1568 vitia
975 1527 1124 1567 omnia
1162 1525 1359 1565 funditus
1397 1523 1559 1576 expelli

95 1613 288 1661 possent,
312 1620 489 1646 necesse
510 1605 593 1644 hoc
616 1604 712 1644 loco
736 1616 822 1642 non
845 1601 1000 1641 habuit
1026 1600 1081 1640 ad
1112 1599 1405 1652 repulsionem
1434 1598 1562 1638 vitio-

98 1694 193 1720 rum
216 1681 308 1720 vias
330 1679 435 1720 alias
459 1679 585 1718 nobis
607 1678 920 1723 demonstrare,
937 1688 1036 1714 cum
1060 1687 1110 1713 ea
1133 1672 1331 1713 adhiberi
1353 1672 1501 1724 possit.

186 1753 254 1792 De
296 1754 424 1792 tertio
473 1751 708 1791 Examinis
750 1748 960 1788 membro.
1026 1747 1113 1786 Hic
1155 1759 1332 1797 quoque
1374 1749 1563 1796 quatuor

100 1840 253 1879 rogare
285 1826 381 1878 quis
411 1825 559 1878 possit.
606 1823 813 1871 Primum,
841 1835 917 1861 cur
943 1820 997 1860 de
1025 1819 1228 1860 admissis
1258 1824 1431 1858 tantum
1464 1831 1564 1870 pec—

98 1901 207 1940 catis
230 1901 340 1939 ratio
362 1899 419 1938 ab
440 1899 587 1938 anima
610 1896 832 1949 exigenda
853 1895 1036 1942 videtur,
1060 1906 1147 1933 non
1177 1898 1326 1932 autem
1349 1892 1404 1931 de
1426 1890 1564 1943 partis

99 1974 256 2015 bonis?
318 1973 435 2013 Nam
472 1973 736 2012 Sanctorum
772 1983 882 2022 quos
917 1981 1048 2020 supra
1085 1966 1312 2007 attulimus
1347 1965 1566 2004 sententia

100 2053 203 2097 erat,
226 2054 437 2099 tanquam
471 2044 597 2084 bonis
627 2043 869 2083 oeconomis
891 2041 1133 2081 videndum
1163 2039 1289 2079 nobis
1319 2052 1412 2078 esse
1444 2038 1565 2090 quod

99 2121 280 2173 accepti,
318 2126 361 2159 et
393 2119 511 2171 quod
545 2117 741 2170 expensi,
778 2116 821 2155 in
858 2113 1032 2155 tabulas
1075 2118 1246 2153 nostras
1288 2112 1563 2151 referendum

98 2196 162 2235 sit.
227 2194 286 2234 Et
319 2207 423 2233 vero
459 2205 618 2232 nomen
654 2189 901 2238 Examinis,
941 2187 1061 2239 quod
1104 2192 1170 2226 est
1212 2199 1374 2225 nomen
1412 2184 1566 2237 judicii

98 2282 149 2309 ac
189 2267 378 2316 trutinae,
421 2272 469 2306 ut
511 2264 634 2305 initio
676 2264 886 2310 diximus,
931 2261 1072 2313 magis
1122 2259 1354 2299 convenire
1395 2257 1568 2298 videtur

98 2341 336 2395 probandis
386 2340 523 2385 bonis
565 2352 621 2378 an
668 2350 767 2377 vere
809 2336 897 2376 sint
933 2335 1077 2382 bona;
1120 2346 1253 2385 quam
1297 2331 1435 2381 malis,
1469 2344 1567 2383 quae

95 2415 262 2468 judicio
295 2428 345 2454 ac
377 2413 637 2466 probatione
669 2424 756 2451 non
789 2415 931 2462 egent.

190 2487 456 2540 Respondeo
487 2486 688 2539 primum,
712 2484 807 2523 haec
836 2482 963 2522 facile
994 2480 1102 2521 solvi
1133 2493 1191 2519 ex
1223 2479 1273 2518 iis
1305 2492 1403 2530 quae
1433 2491 1566 2531 supra

103 2567 204 2602 sunt
226 2562 356 2601 dicta.
389 2560 505 2600 Nam
530 2560 572 2598 in
596 2552 769 2598 Divinis
790 2555 1024 2603 beneficiis,
1043 2567 1123 2607 pro
1145 2552 1304 2605 quibus
1325 2551 1566 2604 gratiarum

102 2635 216 2675 actio
258 2633 564 2686 praescribitur,
602 2636 887 2690 numerantur
923 2628 1056 2668 etiam
1098 2627 1213 2667 bona
1247 2639 1346 2677 quae
1384 2624 1566 2664 facimus

104 2714 148 2749 et
170 2707 331 2747 idcirco
353 2720 440 2746 non
462 2705 512 2746 fit
542 2705 627 2745 alia
649 2705 815 2744 mentio
837 2703 1065 2749 bonorum,
1086 2700 1218 2753 juxta
1246 2698 1291 2737 id
1321 2696 1439 2749 quod
1463 2695 1570 2735 dicit

107 2780 478 2834 Chrysostomus:
512 2778 596 2819 “Si
621 2778 726 2830 quid
750 2777 888 2817 fecisti
912 2776 1033 2823 bene,
1057 2774 1221 2827 gratias
1243 2783 1325 2823 age
1349 2767 1507 2809 Deos*

185 2869 197 2889 ¹
223 2869 307 2902 Coll.
325 2875 354 2910 5.
372 2879 398 2901 c.
419 2876 468 2909 14.
563 2867 575 2885 ‘³
599 2867 699 2899 Deut.
718 2872 746 2906 7.
839 2864 853 2885 ³
877 2865 947 2897 Ser.
966 2872 1014 2895 10.
1106 2861 1120 2880 ⁴
1144 2860 1248 2892 Hom.
1264 2866 1296 2890 2.
1312 2857 1346 2889 in
1370 2857 1422 2888 Ps.
1442 2862 1492 2897 50.
