1903 3197
402 159 483 206 De
512 159 861 207 antevertendz's
895 163 1249 210 tentationibus.
1462 179 1554 223 209

89 303 244 332 omnes
274 290 525 344 hujusmodi
548 293 816 332 tentationes
848 295 1140 335 anteverterit.
1205 295 1428 349 Praecipue
1448 310 1552 338 vero

88 364 145 404 ad
169 364 347 405 ferenda
368 365 537 406 fortiter
558 365 742 406 adversa
764 365 870 406 nihil
892 372 985 407 tam
1008 366 1136 416 valet,
1156 381 1290 420 quam
1313 369 1551 419 humilitas,

91 437 469 491 conformatioque
521 445 682 479 nostrae
734 439 974 480 voluntatis
1016 454 1115 480 cum
1169 441 1328 489 divina,
1372 449 1419 483 ut
1471 445 1555 485 uri-

89 518 293 552 natorum
323 512 529 565 exemplo
560 512 813 553 Dorotheus
843 513 1047 562 ostendit,
1071 514 1144 566 qui
1175 527 1274 554 cum
1300 515 1550 557 venientem

88 584 145 624 ad
180 598 225 625 se
260 585 423 625 undam
454 585 653 635 viderint,
688 600 774 626 non
817 586 1024 626 adversus
1059 600 1156 627 eam
1189 593 1369 636 certant,
1403 590 1479 628 sed
1513 591 1550 630 ei

89 658 279 699 molliter
319 673 364 699 se
417 672 565 699 secum
609 665 713 700 nent
767 667 810 700 et
866 660 1087 709 inclinant,
1132 660 1238 701 dum
1293 662 1411 702 unda
1457 676 1554 715 per<

87 737 281 772 transeat
321 733 392 782 sic,
435 738 512 772 etc.
578 733 660 772 Per
701 732 963 774 humilitatis
1008 748 1111 787 ergo
1153 735 1360 784 studium,
1403 735 1552 788 hujus-

86 805 257 845 cemodi
299 807 576 854 tentationes,
613 806 811 859 quisquis
848 807 904 847 ad
940 821 1012 848 eas
1051 822 1107 848 ex
1146 814 1315 849 naturae
1351 808 1552 862 proclivi-

85 883 178 918 tate
226 878 396 927 labitur,
448 886 696 920 antevertat
738 887 912 933 oportet
930 896 939 931 ;
992 882 1141 923 omnia
1192 883 1324 935 igitur
1374 885 1553 925 tentati-

85 964 221 992 onum
243 966 403 1005 genera
425 953 563 993 tribus
595 953 690 1003 illis,
713 968 811 1006 quse
842 955 948 1003 dixi,
973 956 1190 1008 capitibus
1220 955 1551 1008 concluduntur,

85 1030 135 1064 ut
190 1026 263 1078 qui
314 1026 521 1067 adversus
571 1026 645 1067 illa
696 1034 918 1068 certamen
969 1042 1255 1082 pugnamque
1303 1032 1553 1085 susceperit,

85 1104 237 1139 contra
278 1113 431 1140 omnes
468 1100 573 1140 item
615 1101 882 1142 tentationes
922 1108 1199 1155 pugnaturus
1241 1105 1397 1145 acriter
1431 1106 1551 1147 vide-

84 1179 192 1213 atur.
271 1174 404 1214 Porro
457 1174 499 1215 S.
543 1174 793 1214 Bernardus
844 1175 1071 1217 consimile
1122 1183 1393 1230 praeceptum
1446 1181 1551 1221 dat:

88 1246 387 1296 “Adversus,”
415 1248 567 1300 inquit,
593 1249 821 1301 “impetus
842 1249 1048 1289 vitiorum
1071 1251 1297 1291 contrariis
1319 1253 1553 1295 virtutibus

86 1325 152 1360 est
180 1322 479 1373 pugnandum.
545 1321 711 1362 Contra
734 1322 955 1363 luxuriam
979 1323 1243 1364 adhibeatur
1263 1326 1406 1366 cordis
1428 1341 1554 1369 mun-

84 1393 219 1445 ditia;
247 1400 398 1435 contra
420 1394 583 1443 odium,
608 1395 807 1444 dilecti0;
834 1402 988 1437 contra
1009 1397 1293 1448 iracundiam,
1318 1400 1552 1453 patientia;

83 1473 234 1507 contra
266 1469 483 1517 timorem,
527 1467 701 1508 fiduciae
742 1469 904 1519 virtus;
947 1476 1101 1510 contra
1136 1476 1371 1524 torporem,
1411 1473 1554 1515 fervor

82 1541 185 1581 boni
229 1541 370 1582 studii.
448 1541 714 1595 Opponatur
747 1542 936 1582 tristitiae
972 1543 1196 1596 gaudium,
1232 1546 1397 1586 acediae
1432 1547 1551 1589 forti-

81 1615 202 1664 tudo,
226 1615 420 1656 avaritiae
444 1615 636 1668 largitas,
660 1617 876 1669 superbiae
898 1616 1183 1658 humilitas.’'1

168 1688 322 1741 Atque
350 1688 445 1728 haec
476 1689 531 1729 de
560 1690 862 1730 antevertendi
896 1690 1030 1731 modo
1053 1691 1334 1741 tentationeS,
1357 1693 1401 1733 id
1431 1696 1549 1747 quod

82 1774 108 1801 a
129 1761 268 1801 tribus
290 1775 389 1814 quae
411 1762 535 1802 initio
557 1763 866 1815 proposuimus
898 1763 1114 1816 reliquum
1137 1770 1250 1815 erat;
1283 1779 1334 1807 ac
1364 1767 1550 1819 proinde

82 1835 137 1874 de
159 1834 287 1887 hujus
315 1846 375 1886 14.
430 1835 781 1885 Constitutionis,
798 1850 930 1889 quam
953 1851 1045 1890 prae
1067 1839 1271 1879 manibus
1292 1838 1547 1890 habeamus,

82 1908 380 1961 explicatione
413 1909 532 1950 satis,
594 1909 671 1949 Ad
707 1909 918 1950 honorem
948 1916 992 1950 et
1024 1911 1209 1963 gloriam
1243 1911 1416 1953 Summi
1449 1913 1555 1965 Dei,

80 1982 155 2035 qui
177 1983 283 2023 vivit
305 1988 349 2023 et
371 1988 525 2035 regnat
547 1983 590 2023 in
614 1983 760 2023 secula
782 1984 1039 2025 seculorum.
1102 1984 1261 2026 Amen.

533 2097 545 2117 ¹
570 2100 680 2131 Tract.
700 2100 741 2131 de
766 2099 891 2132 Ordine
907 2100 992 2132 vitae.
1014 2111 1040 2132 c.
1062 2099 1090 2132 8.
