1903 3197
298 160 393 216 506
625 155 705 201 De
738 156 930 202 ratione
961 156 1156 203 vivendi
1188 157 1452 203 Societalz's.

292 287 515 340 religiosis,
551 287 625 340 qui
661 302 740 328 sua
781 293 940 341 sponte
981 288 1037 329 ad
1076 289 1324 342 spirituales
1362 288 1602 329 medicinas
1640 303 1767 342 para-

291 361 447 401 tissimi
485 375 579 401 esse
616 361 789 402 debent.
867 362 988 403 Dicit
1025 363 1154 411 enim,
1191 366 1315 403 “non
1353 362 1495 403 solum
1534 363 1762 404 observare

291 434 589 475 obedientiam
627 435 759 476 debet
799 449 903 488 erga
939 437 1183 490 superiores
1220 436 1477 489 spirituales,
1514 437 1591 477 sed
1629 438 1762 478 etiam

291 521 395 560 erga
423 509 618 549 medicos
647 509 930 563 corporales.”
985 511 1133 551 Potuit
1163 516 1311 550 autem
1341 510 1427 550 alio
1457 510 1519 550 uti
1552 510 1760 563 loquendi

291 581 426 621 modo
469 583 608 634 magis
655 588 800 634 recto;
849 590 896 624 ut
944 584 979 624 si
1022 584 1196 632 diceret,
1240 584 1514 636 aegritudinis
1560 589 1761 636 tempore
1801 619 1809 626 .

291 657 591 709 unusquisque
633 657 930 697 obedientiam
969 671 1140 698 servare
1185 658 1319 698 debet
1365 671 1468 710 erga
1516 657 1761 710 superiores

290 729 548 782 spirituales,
572 735 615 770 et
644 744 743 770 cum
777 731 932 770 eadem
964 730 1213 771 humilitate
1245 745 1348 783 erga
1377 731 1573 771 medicos
1605 743 1759 783 corpo-

290 802 410 844 rales.
496 803 583 844 Sed
627 803 782 843 maluit
822 804 1025 844 videlicet
1067 818 1118 844 eo
1160 805 1222 845 uti
1271 804 1479 857 loquendi
1524 803 1668 853 modo,
1712 809 1760 843 ut

289 876 555 929 significaret
589 877 749 916 nostris
783 877 974 929 quidem,
1009 877 1082 929 qui
1117 891 1197 917 sua
1230 884 1387 931 sponte
1421 878 1476 918 ad
1514 877 1759 918 orationem

289 955 334 990 et
369 950 518 990 divina
554 949 806 989 adhibenda
841 950 1048 1002 praesidia
1083 950 1247 990 debent
1282 964 1376 991 esse
1413 952 1631 1004 propensi,
1671 963 1760 991 non

289 1037 384 1064 esse
405 1023 648 1063 admodum
681 1024 974 1064 necessarium
1007 1024 1051 1064 id
1084 1024 1251 1073 moniti,
1275 1038 1375 1064 cum
1407 1030 1636 1077 aegrotant.
1701 1024 1760 1064 Et

288 1098 371 1137 hac
413 1098 545 1137 etiam
584 1097 639 1137 de
676 1111 809 1138 causa
845 1098 988 1151 priore
1023 1098 1121 1138 loco
1167 1099 1367 1152 praecipit
1410 1099 1465 1139 de
1508 1098 1760 1139 obedientia

288 1185 388 1224 quae
430 1172 612 1211 medicis
654 1172 966 1224 spiritualibus,
1014 1173 1256 1225 posteriore
1301 1186 1405 1213 vero
1449 1173 1504 1212 de
1557 1186 1618 1221 ea,
1661 1185 1760 1225 quae

289 1243 589 1298 corporalibus
647 1245 829 1285 medicis
885 1252 951 1286 est
1000 1245 1276 1286 adhibenda:
1343 1248 1446 1298 quia
1501 1246 1544 1285 in
1597 1245 1760 1285 morbis

290 1320 460 1368 nostris,
515 1325 563 1359 ut
615 1333 746 1372 supra
797 1320 1003 1368 diximus,
1047 1320 1165 1372 prius
1211 1319 1481 1360 invocandus
1530 1325 1597 1359 est
1637 1318 1760 1358 Deus

289 1405 424 1445 quam
468 1393 674 1440 medicus,
713 1399 758 1433 et
794 1393 941 1445 potius
978 1393 1034 1433 ab
1070 1393 1144 1433 illo
1185 1406 1319 1445 quam
1356 1393 1412 1433 ab
1448 1392 1532 1432 hoc
1568 1391 1762 1444 corporis

288 1467 507 1520 speranda
550 1466 677 1509 salus.
763 1465 909 1518 Quem
957 1466 1155 1506 ordinem
1202 1472 1346 1506 servat
1388 1467 1521 1506 etiam
1570 1464 1761 1505 Ecclesi-

290 1541 465 1588 asticus,
519 1540 592 1579 ubi
649 1540 768 1592 prius
820 1545 971 1580 monet
1022 1540 1170 1580 Deum
1223 1539 1438 1580 orandum
1491 1545 1535 1579 et
1585 1539 1761 1591 spiritu-

293 1614 383 1655 ales
425 1614 622 1654 medicos
664 1613 951 1662 adhibendos,
990 1613 1150 1653 deinde
1185 1613 1356 1653 medico
1390 1627 1437 1652 se
1481 1613 1759 1652 credendum.

293 1688 367 1730 Sic
404 1688 522 1728 enim
565 1686 674 1727 ait:1
718 1690 740 1707 “
759 1687 853 1735 Fili,
888 1688 931 1726 in
968 1694 1043 1727 tua
1080 1686 1335 1726 infirmitate
1372 1700 1427 1726 ne
1464 1686 1680 1738 despicias
1716 1691 1761 1726 te

291 1761 449 1814 ipsum,
482 1761 558 1800 sed
596 1773 671 1800 ora
714 1760 967 1808 Dominum,
1002 1766 1046 1799 et
1083 1760 1176 1812 ipse
1210 1759 1381 1799 curabit
1414 1765 1467 1798 te.
1531 1758 1700 1798 Averte
1735 1771 1762 1798 a

290 1834 465 1883 delicto,
499 1840 543 1875 et
580 1834 720 1886 dirige
757 1847 925 1882 manus,
964 1839 1008 1874 et
1041 1833 1098 1873 ab
1134 1833 1254 1873 omni
1293 1832 1453 1873 delicto
1488 1831 1654 1872 munda
1690 1845 1764 1872 cor

287 1915 425 1950 tuum.
489 1909 561 1948 Da
593 1907 856 1947 suavitatem
882 1913 925 1947 et
948 1909 1205 1948 memoriam
1235 1907 1505 1960 similaginis,
1529 1912 1573 1947 et
1602 1906 1759 1959 impin—

294 1995 383 2035 gua
421 1980 728 2022 oblationem.'’
810 1980 982 2034 Quibus
1018 1981 1160 2022 verbis
1197 1981 1252 2021 de
1293 1981 1513 2021 medicina
1548 1979 1761 2034 spirituali

289 2057 501 2109 praecipit.
566 2056 636 2096 De
668 2054 883 2109 corporali
914 2060 1062 2095 autem
1096 2069 1197 2095 cum
1230 2055 1360 2096 dicit:
1396 2054 1495 2094 “Et
1526 2055 1584 2095 da
1615 2054 1759 2094 locum

290 2130 491 2180 medico;
540 2130 703 2170 etenim
742 2129 865 2168 illum
904 2129 1123 2169 Dominus
1160 2129 1334 2177 creavit,
1366 2134 1410 2168 et
1441 2141 1528 2168 non
1563 2128 1762 2168 discedat

289 2218 316 2244 a
346 2209 402 2253 te,
437 2204 540 2256 quia
575 2217 709 2255 opera
744 2203 840 2255 ejus
873 2208 975 2242 sunt
1008 2201 1287 2242 necessaria.‘’
1350 2201 1462 2253 Quae
1484 2201 1618 2241 verba
1651 2214 1760 2242 mox

292 2276 625 2329 explicabimus.
691 2275 899 2315 Eundem
923 2289 1099 2327 quoquc
1127 2276 1325 2315 ordinem
1355 2281 1566 2327 sequutus
1587 2275 1761 2315 videtur

288 2350 481 2402 Jacobus
523 2349 795 2402 Apostolus:
839 2348 1134 2389 “Infirmatur
1170 2350 1267 2401 quis
1309 2350 1352 2388 in
1385 2348 1543 2388 vobis?
1580 2348 1760 2389 inducat

289 2423 571 2476 presbyteros
616 2421 861 2462 Ecclesiae.”
916 2422 1074 2474 Neque
1116 2422 1233 2461 enim
1276 2421 1481 2475 prohibet
1512 2421 1759 2474 Apostolus

289 2496 537 2549 corporales
575 2496 769 2536 medicos
812 2495 1100 2545 adhibendos,
1134 2495 1210 2535 sed
1254 2501 1404 2536 monet
1435 2496 1554 2548 prius
1586 2495 1758 2548 spiritu-

289 2569 379 2611 ales
412 2570 694 2610 inducendos.

378 2644 669 2697 Explicemus
692 2643 824 2695 igitur
845 2649 1076 2696 utramque
1100 2642 1439 2684 Constitutionis
1461 2648 1643 2695 partem.
1698 2640 1757 2681 Et

287 2719 435 2771 quoad
477 2718 668 2771 priorem
710 2718 949 2767 videamus,
988 2718 1145 2770 quibus
1180 2719 1223 2757 in
1271 2717 1398 2757 rebus
1441 2722 1485 2757 et
1531 2715 1757 2768 quomodo

289 2792 586 2833 obediendum
625 2792 680 2832 sit
714 2792 911 2845 patribus
945 2791 1252 2844 spiritualibus.
1337 2790 1650 2832 Obediendum
1693 2793 1759 2829 est

945 2879 957 2899 ¹
983 2881 1020 2913 C.
1042 2880 1093 2921 38.
