1903 3197
1025 185 1124 218 210

598 803 1124 857 OPUSCULUM
1202 806 1375 859 NON
1392 807 1531 859 UM.

333 946 409 983 DE
449 945 636 984 RECTA
677 945 1039 982 INTENTIONE
1083 947 1143 981 IN
1186 946 1463 982 REGULAM
1506 947 1799 983 SUMMARH

728 1017 782 1052 17.
828 1007 900 1042 EX
942 1007 1060 1042 PAR.
1096 1019 1128 1054 3.
1164 1008 1206 1044 C.
1247 1020 1274 1043 Ι.
1308 1008 1325 1052 ,ξ
1358 1009 1414 1043 26.

332 1118 537 1159 “Omnes
570 1123 735 1158 rectam
768 1119 1060 1158 intentionem
1093 1118 1255 1158 habere
1287 1119 1506 1167 studeant,
1538 1132 1625 1158 non
1658 1119 1800 1159 solum

331 1192 445 1232 circa
485 1192 588 1232 vitae
636 1206 726 1232 Suae
770 1198 946 1240 statum,
990 1206 1140 1233 verum
1195 1193 1326 1233 etiam
1379 1193 1493 1232 circa
1540 1206 1606 1232 res
1649 1206 1802 1233 omnes

331 1264 642 1319 particulare53
684 1267 725 1306 id
761 1280 934 1319 semper
971 1267 1014 1306 in
1049 1267 1109 1306 eis
1141 1268 1307 1307 sincere
1345 1272 1605 1320 spectante5‚
1637 1273 1684 1307 ut
1716 1280 1802 1307 ser-

331 1340 453 1380 viant
505 1346 548 1380 et
600 1340 805 1393 placeant
847 1341 1005 1380 divinae
1059 1341 1245 1381 bonitati
1298 1347 1477 1394 propter
1527 1355 1572 1381 se
1625 1340 1802 1394 ipsam.”

421 1413 624 1466 Quatuor
655 1414 725 1455 hic
756 1429 937 1467 agemus
959 1429 966 1455 :
1006 1421 1058 1464 10,
1082 1416 1365 1455 ostendemus
1388 1428 1519 1467 quam
1540 1414 1636 1467 jure
1658 1420 1806 1455 noster

334 1490 465 1529 Pater
518 1489 718 1541 Ignatius
770 1490 1052 1530 commendet
1105 1490 1230 1530 nobis
1292 1489 1374 1529 hoc
1426 1490 1621 1529 studium
1674 1496 1804 1530 rectae

334 1563 525 1612 mentis3
575 1569 632 1611 20,
671 1577 877 1615 quamam
922 1563 1210 1603 intentionem
1255 1565 1414 1603 mentis
1457 1569 1618 1603 nostrae
1660 1564 1806 1604 detor-

334 1641 499 1688 queant
528 1636 844 1689 obliquamque
877 1637 1050 1686 faciant,
1074 1642 1122 1676 ut
1153 1651 1204 1677 ea
1236 1638 1355 1677 omni
1389 1637 1523 1676 animi
1556 1637 1807 1690 provisione

331 1710 548 1761 vitemus3
583 1717 639 1761 30,
660 1725 866 1763 quaenam
891 1711 1117 1764 obliquam
1141 1711 1333 1763 dirigant
1355 1718 1608 1763 rectamque
1631 1711 1805 1752 faciant.

337 1784 421 1823 His
464 1789 625 1833 autem,
666 1798 764 1837 quae
808 1800 865 1825 ex
910 1786 1003 1837 ipsa
1049 1784 1377 1825 Constitutione
1419 1784 1660 1832 eliciuntur,
1703 1784 1806 1824 addi

333 1858 497 1911 poterit
527 1864 586 1908 40,
610 1859 664 1898 de
697 1859 833 1911 signis
866 1873 915 1899 ac
949 1859 1064 1898 notis
1098 1864 1227 1898 rectae
1260 1859 1428 1898 mentis.

425 1931 584 1984 Quoad
632 1933 836 1985 primum.
888 1932 993 1984 Jure
1042 1932 1084 1973 P.
1121 1932 1321 1984 Ignatius
1374 1937 1503 1972 rectae
1555 1931 1808 1972 intentionis

336 2006 532 2047 studium
570 2007 696 2046 nobis
739 2007 1037 2055 commendat,
1072 2007 1176 2058 quia
1214 2012 1377 2046 rectam
1416 2006 1578 2058 ubique
1615 2012 1808 2046 mentem

334 2093 485 2133 gerere
536 2080 791 2133 perdifficile
838 2086 904 2120 est
950 2086 993 2119 et
1036 2080 1185 2119 studio
1235 2085 1346 2132 eget,
1391 2085 1439 2118 ut
1485 2093 1541 2118 ex
1595 2079 1656 2127 iis,
1700 2092 1810 2131 quas

333 2155 491 2206 exigit,
535 2154 862 2194 conditionibus
899 2159 1046 2206 potest
1079 2153 1274 2205 intelligi.
1349 2153 1557 2206 Quinque
1589 2153 1704 2193 enim
1739 2152 1810 2193 hie

330 2227 615 2267 conditiones
657 2228 890 2268 observare
932 2227 1045 2277 licet,
1080 2240 1264 2279 quarum
1308 2241 1584 2280 unaquaeque
1626 2227 1810 2267 difficul-

336 2305 476 2340 tatem
520 2299 666 2349 habet,
712 2301 871 2353 quibus
903 2301 944 2340 in
993 2301 1270 2354 explicandis
1313 2315 1399 2341 non
1442 2307 1533 2341 tam
1576 2302 1805 2342 verborum

332 2374 538 2414 <ordinem
572 2388 705 2427 quam
738 2375 911 2428 pondus
943 2389 1185 2428 sequemur.

428 2448 574 2488 Prima
606 2449 739 2502 igitur
769 2463 820 2489 ac
852 2451 1074 2503 praecipua
1107 2451 1300 2491 conditio
1334 2457 1409 2498 est,
1442 2463 1576 2490 unum
1610 2450 1653 2489 id
1685 2462 1807 2503 spec-

334 2527 433 2561 tare
485 2527 533 2561 ut
578 2523 819 2563 serviamus
871 2531 914 2564 ct
960 2524 1213 2576 placeamus
1256 2524 1354 2564 Deo
1399 2530 1579 2577 propter
1626 2524 1809 2576 Ipsum:

336 2595 681 2648 '“Spectantes‚''
731 2598 885 2649 inquit,
930 2602 1018 2637 “ut
1064 2599 1256 2637 serviant
1304 2604 1347 2637 et
1397 2598 1600 2650 placeant
1651 2597 1810 2638 divinae

336 2670 527 2710 bonitati
570 2677 750 2724 propter
786 2685 833 2712 se
871 2672 1067 2724 ipsa1n;’'
1102 2673 1232 2724 quod,
1266 2686 1399 2724 quam
1433 2673 1609 2712 difficile
1641 2679 1808 2713 naturae

340 2750 503 2784 nostrae
526 2745 592 2793 sit,
617 2745 715 2797 quis
744 2759 832 2785 non
863 2745 1112 2798 intelligat?
1175 2746 1291 2785 Nam
1315 2752 1358 2786 et
1380 2747 1539 2786 servire
1561 2752 1605 2786 et
1625 2746 1809 2799 placere,

337 2822 573 2870 utrumque
611 2819 800 2859 difficile.
879 2818 1054 2860 Servire
1090 2820 1269 2872 quidem
1308 2820 1406 2861 Deo
1442 2826 1623 2874 propter
1663 2820 1810 2861 Deum

335 2889 641 2934 difficultatem
683 2893 818 2935 habet
859 2893 1032 2935 duabus
1078 2893 1134 2934 de
1177 2894 1346 2935 causis:
1405 2900 1458 2945 10,
1491 2895 1594 2947 quia
1634 2894 1678 2935 id
1719 2894 1814 2937 sine
