1903 3197
418 137 498 183 De
529 137 878 184 antevertendz‘s
912 138 1266 185 tentationibus
1472 147 1571 194 ¹179
1602 133 1605 137 ’

116 270 271 322 agitur,
304 282 357 309 ne
391 269 554 309 tirones
586 269 863 309 inchoatione
898 283 975 309 sua
1010 270 1303 310 tentationum
1339 268 1573 321 asperitate

117 349 364 396 tangantur,
409 343 511 395 quia
557 343 592 382 si
645 356 794 382 eorum
847 343 969 382 initia
1019 344 1266 383 amaritudo
1317 341 1572 382 tentationis

118 417 352 470 exciperet,
394 423 484 457 tam
537 416 661 456 facile
703 416 758 456 ad
810 429 871 465 ea,
915 429 1012 467 quae
1054 416 1327 467 reliquerant,
1372 416 1571 463 redirent,

117 504 249 542 quam
278 504 355 530 nec
382 490 554 543 longius
586 488 933 529 discesserant.”1
998 489 1159 529 Probat
1189 489 1233 528 id
1260 495 1354 528 tum
1381 503 1405 528 a
1427 488 1570 536 simili,

117 570 211 603 tum
247 565 480 616 Scripturae
515 563 671 616 figuris.
736 566 755 581 ‘⁴'
772 563 886 604 Nam
921 568 965 602 et
996 576 1202 615 sponsam
1235 562 1393 609 suam,''
1419 562 1571 614 inquit,

117 637 208 677 “vir
230 638 413 689 quisque
435 637 552 689 prius
574 636 777 677 dulcibus
795 636 1108 677 blandimentis
1127 636 1255 683 fovet,
1272 649 1405 687 quam
1423 641 1572 675 tamen

110 711 204 762 J'am
227 711 505 762 conjunctam
529 710 694 762 asperis
725 710 1097 763 increpationibus
1120 708 1311 761 probat.”
1348 709 1574 761 Scriptura

115 790 281 824 autem:
298 783 459 824 “Unde
477 790 520 824 et
534 785 743 836 scriptum
760 782 859 833 est,’'
876 784 1026 836 inquit,
1040 787 1166 823 “cum
1183 783 1388 823 emisissit
1403 782 1572 823 Pharao

113 856 338 909 populum,
357 870 443 897 non
466 870 541 897 eos
558 857 688 896 duxit
712 856 930 896 Dominus
949 870 1025 908 per
1041 857 1156 895 viam
1179 861 1304 895 terrae
1329 855 1571 903 Philistum,

113 942 212 981 quae
234 930 375 970 vicina
398 937 473 977 est,
499 936 706 982 reputans
729 943 782 969 ne
804 929 917 969 forte
944 930 1177 982 poeniteret
1200 943 1311 977 eum,
1338 929 1371 968 si
1393 928 1574 969 vidisset

113 1004 343 1043 adversum
362 1017 407 1043 se
425 1003 541 1043 bella
558 1017 829 1055 consurgere,
847 1008 890 1042 et
909 1009 1193 1043 reverteretur
1211 1003 1252 1042 in
1268 1000 1574 1054 AEgyptum.‘'2

114 1076 186 1116 Ex
210 1077 409 1129 AEgypto
442 1078 589 1129 itaque
612 1077 875 1116 exeuntibus
899 1090 921 1116 e
943 1077 1084 1116 vicino
1108 1076 1221 1116 bella
1244 1075 1571 1123 subtrahuntur,

104 1149 215 1201 -quia
241 1150 643 1202 derelinquentibus
673 1150 867 1190 seculum
899 1149 1105 1202 quaedam
1138 1150 1255 1202 prius
1282 1148 1574 1201 tranquillitas

113 1223 368 1272 ostenditur,
393 1237 447 1263 ne
485 1225 526 1262 in
564 1224 658 1276 ipsa
691 1237 769 1263 sua
801 1224 1094 1264 teneritudine
1126 1229 1260 1276 atque
1294 1223 1574 1263 inchoatione

111 1296 286 1344 turbati,
326 1297 381 1336 ad
424 1297 507 1336 hoc
549 1297 683 1336 territi
727 1296 919 1346 redeant,
963 1297 1081 1349 quod
1126 1303 1368 1337 evaserunt.
1452 1297 1574 1336 Prius

104 1382 215 1421 ergo
262 1371 524 1410 suavitatem
567 1370 811 1410 securitatis
855 1370 1062 1419 sentiunt,
1104 1371 1223 1422 prius
1265 1370 1384 1422 pacis
1427 1371 1574 1423 quiete

110 1443 385 1493 nutriuntur;
430 1450 530 1496 post
572 1444 796 1495 cognitam
837 1457 940 1483 vero
984 1442 1273 1492 dulcedinem,
1316 1449 1441 1483 tanto
1478 1443 1572 1495 jam

109 1516 377 1557 tolerabilius
425 1517 720 1556 tentationum
765 1516 1004 1556 certamina
1048 1517 1276 1565 sustinent,
1321 1522 1487 1569 quanto
1530 1517 1574 1556 in

110 1590 209 1631 Deo
250 1591 379 1631 altius
428 1604 671 1643 cognovere
714 1590 832 1643 quod
883 1589 1067 1630 ament.”
1131 1590 1293 1630 Probat
1342 1590 1386 1630 id
1439 1590 1572 1631 etiam

110 1664 318 1717 exemplo
356 1665 469 1704 Petri
504 1664 723 1717 Apostoli,
751 1665 824 1717 qui
859 1664 1011 1717 “prius
1044 1664 1289 1704 claritatem
1324 1664 1572 1705 Dominicae

108 1737 503 1789 transfigurationis
554 1737 887 1790 contemplatur,
937 1743 980 1777 et
1026 1743 1129 1777 tunc
1181 1738 1360 1777 demum
1412 1738 1573 1777 tentari

108 1810 266 1850 ancilla
303 1811 599 1863 interrogante
636 1809 939 1863 permittitur.''
1004 1810 1093 1850 Sed
1127 1815 1170 1849 et
1201 1810 1337 1850 totius
1375 1809 1571 1851 ecclesia}

108 1884 282 1936 probari
324 1890 469 1936 potest
512 1884 730 1936 exemplo,
774 1897 875 1936 quae
917 1883 1059 1923 adhuc
1101 1882 1262 1922 tenella
1310 1896 1387 1935 per
1428 1888 1570 1923 totam

106 1957 323 2009 Judaeam,
366 1963 410 1997 ct
452 1957 694 2007 Galilaeam,
738 1962 782 1996 et
835 1956 1081 1997 Samariam
1123 1955 1316 1996 habebat
1357 1955 1573 2009 pacem33

108 2036 263 2082 postea
284 2044 396 2079 vero,
417 2031 558 2083 magis
576 2030 865 2079 corroborata,
885 2029 1079 2070 infinitos
1096 2029 1416 2083 propemodum
1435 2035 1570 2083 atque

104 2103 289 2144 acerbos
310 2110 611 2156 persecutores
641 2103 815 2143 invenit.

191 2176 350 2217 Altera
390 2183 538 2229 potest
580 2190 674 2216 esse
716 2176 826 2216 ratio
868 2189 944 2215 cur
984 2175 1302 2216 tentationibus
1348 2176 1567 2228 quispiam

103 2264 192 2291 non
241 2256 509 2298 exerceatur,
553 2250 620 2290 vel
672 2249 791 2302 quod
843 2250 930 2289 suis
982 2249 1075 2302 ipse
1126 2249 1471 2302 appetitionibus
1523 2255 1569 2291 et

103 2325 418 2377 cupiditatibus
471 2338 558 2364 non
610 2329 837 2377 repugnat,
886 2329 934 2363 ut
985 2337 1115 2376 supra
1161 2323 1439 2373 docebamus,
1488 2325 1567 2364 sed

101 2398 249 2450 potius
300 2398 556 2450 obsequitur
598 2403 641 2437 et
682 2397 989 2449 obtemperat;
1041 2396 1109 2436 vel
1160 2397 1278 2448 quod
1338 2397 1565 2438 daemones

101 2471 398 2524 dedignantur
434 2484 532 2511 cum
571 2470 893 2523 negligentibus
926 2470 1158 2510 decertare.
1225 2470 1355 2510 Hanc
1386 2484 1565 2511 causam

103 2543 249 2584 reddit
282 2543 470 2584 Serenus
502 2544 657 2584 Abbas
694 2544 813 2596 apud
847 2543 1119 2593 Cassianum,
1149 2556 1225 2583 cur
1255 2557 1333 2583 suo
1364 2549 1567 2596 tempore

102 2617 319 2669 quievisse
356 2619 581 2658 daemones
609 2619 871 2666 viderentur,
896 2617 970 2670 qui
1008 2617 1277 2670 superiorum
1315 2624 1564 2669 temporum

104 2689 332 2730 monachis
358 2692 468 2732 adeo
495 2697 618 2732 erant
640 2691 811 2731 infesti:
835 2692 975 2743 “quia
997 2689 1385 2744 dedignabantur,'’
1409 2689 1563 2741 inquit,

104 2762 346 2805 “adversus
379 2778 452 2804 eos
485 2764 558 2805 illa
589 2765 833 2805 intentione
876 2764 1122 2817 confligere,
1162 2777 1248 2816 qua
1279 2769 1381 2802 tunc
1413 2768 1564 2803 contra

316 2851 328 2870 1
354 2854 438 2887 Mor.
460 2854 481 2886 1.
501 2862 553 2895 24.
575 2864 601 2886 c.
627 2862 674 2886 11.
820 2852 834 2872 2
859 2853 966 2887 Exod.
991 2861 1039 2896 13·
1189 2851 1202 2870 ³
1218 2852 1294 2887 Act,
1313 2859 1344 2895 9.

281 2913 318 2944 M
353 2916 376 2944 2
