1903 3197
450 185 528 231 De
563 183 853 246 Regionibus
878 182 1219 245 peragrandis,
1512 192 1572 238 59

110 322 257 361 “Erat
299 320 410 360 inter
451 318 600 359 omnia
640 315 833 369 pericula
873 315 1079 355 solatium
1130 315 1266 354 virtus
1320 310 1574 353 mittentis.''

110 396 230 448 Ergo
257 393 584 447 expectandum
622 395 688 430 est
720 389 826 429 dum
857 389 1111 436 mittamur;
1145 401 1232 427 non
1265 387 1377 427 ultro
1410 399 1488 426 nos
1518 386 1574 426 ad

111 469 346 509 Missiones
373 468 632 519 ingeramus
689 462 956 516 Quanquam
980 461 1216 501 Missiones
1238 460 1407 512 aliquae,
1432 465 1480 500 ut
1504 460 1578 499 In-

110 544 209 585 dica
241 548 284 582 et
312 541 537 595 Japonica,
571 545 615 579 et
645 538 742 579 aliae
784 536 1049 589 hujusmodi,
1074 548 1172 588 quae
1210 533 1308 587 plus
1340 534 1500 573 laboris
1532 539 1578 574 et

111 616 337 665 molestiae,
366 628 499 668 quam
540 612 718 653 honoris
759 611 927 651 habent
968 615 1011 650 et
1053 607 1287 656 commodi,
1321 607 1401 647 etsi
1445 606 1574 646 nimis

112 692 248 744 quaeri
277 704 327 730 ac
356 688 494 730 curari
524 701 611 727 non
640 686 814 735 debent,
837 698 938 725 cum
968 683 1097 724 laude
1119 688 1280 731 tamen,
1304 680 1420 721 adde
1442 680 1574 720 etiam

110 778 209 805 cum
233 763 399 812 merito,
417 760 720 815 postulantur:
744 759 939 799 indicant
962 757 1080 798 enim
1103 755 1362 810 plerumque
1380 753 1575 794 animum

107 837 289 878 terrenis
323 841 512 876 exutum
547 833 788 882 affectibus,
810 838 855 873 et
885 831 1148 872 Christianae
1186 829 1338 870 Crucis
1372 828 1576 877 amicum,

109 918 153 953 et
194 911 294 952 talis
334 910 538 951 voluntas
579 922 630 949 ac
671 907 912 961 postulatio
954 911 1082 959 grata
1124 910 1191 945 est
1233 905 1367 945 etiam
1412 903 1463 943 iis
1505 902 1580 955 qui

111 992 318 1041 praesunt,
347 992 390 1026 et
418 984 579 1025 Christi
605 984 721 1023 vices
754 981 873 1035 apud
906 994 986 1021 nos
1019 980 1232 1020 obtinent.

202 1060 387 1108 Deinde,
418 1057 617 1098 oratione
647 1070 697 1097 ac
727 1055 1040 1109 deprecatione
1071 1067 1151 1094 nos
1184 1052 1380 1093 maxime
1412 1050 1582 1092 munia—

114 1147 222 1181 muS‚
265 1146 365 1174 cum
412 1133 456 1172 in
497 1132 617 1172 varia
665 1130 762 1171 loca
803 1129 1041 1178 mittemur,
1084 1127 1339 1167 missionem
1382 1131 1579 1166 nostram

114 1208 284 1249 ardenti
331 1207 477 1248 studio
524 1205 719 1245 Domino
760 1203 1138 1251 commendantes,
1183 1208 1231 1242 ut
1267 1202 1323 1241 sit
1364 1199 1581 1253 proximis

112 1282 326 1330 salutariS,
351 1280 475 1320 nobis
505 1284 653 1319 autem
685 1278 865 1317 minime
889 1277 1035 1318 noxia.
1100 1276 1208 1316 Ideo
1233 1274 1584 1316 Constitutiones

114 1357 221 1409 ipsae
253 1353 411 1407 jubent
444 1367 524 1406 pro
562 1351 842 1392 missionibus
876 1350 1121 1403 praesertim
1158 1348 1336 1401 majoris
1372 1347 1585 1387 momenti

116 1430 271 1470 missas
295 1434 338 1469 et
359 1441 510 1481 preces
533 1426 665 1466 indici
685 1424 715 1465 :1
748 1425 791 1465 id
815 1425 934 1477 quod
958 1424 1091 1464 etiam
1117 1423 1172 1463 ab
1195 1421 1427 1475 Apostolis
1455 1420 1587 1460 fuisse

115 1510 349 1553 servatum,
378 1502 504 1542 testis
537 1507 603 1541 est
634 1501 809 1550 Lucas;
841 1512 944 1539 nam
974 1497 1028 1538 de
1063 1496 1197 1539 Saulo
1231 1503 1274 1537 et
1305 1496 1508 1536 Barnaba
1542 1495 1586 1534 in

117 1579 283 1619 eisdem
321 1576 513 1617 Actibus
556 1576 616 1616 ita
658 1574 794 1615 dicit:
833 1573 995 1613 “Tunc
1033 1571 1296 1624 jejunantes,
1330 1576 1373 1610 et
1410 1574 1587 1609 orantes

117 1651 483 1704 imponentesque
517 1650 579 1690 eis
614 1662 780 1697 manus,
814 1647 1078 1687 dimiserunt
1116 1642 1272 1685 illos.''2
1346 1644 1462 1683 Ecce
1500 1655 1587 1682 non

122 1725 255 1766 modo
278 1738 438 1778 preces,
461 1737 611 1764 verum
635 1729 679 1763 et
700 1721 918 1775 jejunium
942 1721 997 1761 ad
1022 1720 1257 1760 Missiones
1286 1717 1559 1759 adhibebant
1579 1730 1587 1756 :

121 1799 233 1839 tanti
265 1798 395 1838 refert
426 1797 483 1838 ad
515 1811 588 1838 eas
620 1811 666 1837 se
698 1809 953 1849 comparare
986 1809 1035 1835 ac
1067 1794 1340 1847 praemunire.

209 1871 356 1925 Quare
390 1872 424 1911 si
458 1877 550 1912 tam
585 1870 810 1924 proprium
848 1875 914 1909 est
952 1868 1187 1909 Societatis
1219 1873 1380 1907 nostrae
1415 1866 1588 1906 diversa

123 1947 220 1987 loca
257 1946 504 1986 animarum
547 1958 678 1985 causa
714 1956 958 1996 peragrare,
994 1942 1030 1981 si
1067 1947 1315 1981 nostrorum
1357 1939 1587 1980 hominum

122 2019 416 2075 profectiones
442 2018 554 2059 adeo
583 2023 685 2058 sunt
715 2017 873 2058 animis
908 2015 1078 2068 totique
1109 2014 1318 2055 Ecclesiae
1349 2013 1588 2054 salutares:

125 2093 173 2135 Si
211 2108 268 2134 ex
302 2092 440 2133 altera
482 2098 607 2145 parte
640 2090 794 2144 vigilat
838 2089 1039 2138 Satanas,
1075 2094 1119 2129 et
1160 2089 1319 2128 nostris
1360 2087 1593 2127 conatibus

123 2183 171 2210 se
204 2168 399 2222 opponit,
430 2167 465 2208 si
499 2172 712 2221 perpetuo
747 2165 897 2207 circuit
931 2178 1062 2218 quem
1095 2164 1286 2213 devoret,
1317 2169 1360 2203 et
1391 2161 1590 2215 quotidie

126 2241 404 2296 perambulat
432 2242 489 2281 ad
522 2240 769 2294 perdendas
806 2240 1001 2280 animas:
1035 2238 1123 2279 Cur
1155 2251 1234 2278 nos
1264 2237 1369 2277 item
1403 2236 1459 2276 ad
1492 2248 1588 2276 eam

124 2315 518 2370 perambulandam
549 2328 636 2356 non
665 2314 954 2361 accendimur,
980 2318 1027 2353 ut
1058 2311 1231 2366 praedas
1262 2310 1321 2351 illi
1355 2309 1590 2363 eripiamus

126 2404 150 2431 e
187 2390 395 2438 saucibus,
439 2389 716 2442 feramusque
757 2387 1040 2441 pereuntibus
1081 2399 1224 2439 opem,
1267 2398 1452 2438 quorum
1496 2383 1590 2423 infi-

127 2464 245 2504 nitus
295 2469 361 2504 est
412 2463 648 2504 numerus?
722 2463 839 2502 Nam
882 2462 916 2502 si
969 2462 1011 2501 in
1058 2474 1111 2501 eo
1152 2458 1512 2513 obtorpescimus,
1556 2457 1590 2497 si

126 2538 397 2590 languemus,
440 2551 582 2590 neque
632 2537 748 2577 hunc
799 2536 842 2575 in
894 2535 1020 2575 nobis
1061 2534 1257 2574 animum
1309 2532 1592 2584 studiumque

129 2611 351 2661 sentimus,
385 2611 458 2664 qui
491 2611 575 2651 dici
608 2624 840 2663 possumus
873 2609 928 2649 de
964 2608 1187 2649 Societate
1221 2621 1301 2647 nos
1336 2620 1439 2655 esse,
1470 2605 1592 2657 cujus

132 2689 197 2724 est
217 2685 441 2737 proprium
464 2685 637 2725 diversa
659 2684 754 2724 loca
776 2697 855 2737 pro
877 2683 1123 2724 animarum
1147 2681 1287 2722 salute
1309 2678 1563 2734 peragrare!

472 2919 485 2939 1
511 2921 545 2954 P.
570 2927 599 2961 7,
618 2931 646 2953 c.
665 2929 696 2961 2,
718 2920 736 2962 ξ
763 2929 791 2953 1.
1059 2917 1072 2937 2
1094 2919 1244 2957 Act.13.
