1903 3197
317 248 342 292 3
355 246 414 292 74
649 230 727 275 De
762 229 951 275 ratione
983 227 1174 274 vivendi
1207 227 1466 274 Socz'etatz'S.

316 363 519 416 apposita
570 368 681 411 sunt,
725 361 984 413 injiciantur,
1034 360 1277 414 praesertim
1319 373 1418 399 cum
1461 358 1504 398 in
1546 371 1781 398 commune

317 437 598 478 conferuntur
619 436 811 476 obsonia.
876 435 984 475 Ideo
1008 435 1049 476 S.
1072 434 1335 482 Dorotheus,
1359 433 1429 472 De
1454 431 1640 472 honesta
1661 445 1780 472 com-

317 511 535 564 positione
559 509 789 550 monachi:
825 509 931 549 “Ne
963 509 1243 562 impudenter
1270 513 1313 547 et
1335 506 1572 559 irreligiose
1599 519 1779 545 manum

316 591 439 625 tuam
473 585 701 633 extendas,
735 589 782 622 ut
815 596 912 635 quse
947 588 1049 622 sunt
1084 588 1185 622 ante
1214 581 1390 621 fratrem
1420 585 1546 619 tuum
1575 577 1781 632 capias.”1

318 659 388 707 Et,
413 656 713 706 “Interdum,’'
748 658 900 709 inquit,
936 656 1089 696 “haud
1122 669 1344 708 quaquam
1377 654 1592 694 erubescit
1625 653 1781 705 aliquis

318 746 497 772 manum
542 732 793 779 extendere,
829 737 872 771 et
915 730 1128 770 minorem
1171 736 1304 781 atque
1346 728 1607 768 deteriorem
1648 728 1784 780 porti-

318 819 449 845 onem
481 811 583 845 ante
615 805 793 844 fratrem
826 818 953 843 suum
987 803 1228 851 detrudere,
1259 802 1482 842 meliorem
1510 815 1613 841 vero
1649 806 1783 853 atque

319 878 530 930 majorem
563 883 666 917 ante
699 890 744 916 se
775 877 956 924 trahere,
982 876 1196 928 quantula
1227 876 1408 915 obsecro
1441 881 1506 914 est
1537 874 1783 914 differentia

317 952 430 992 inter
471 951 683 1002 majorem
719 956 762 989 et
800 951 1014 989 minorem
1052 949 1171 989 illam
1214 949 1490 1001 portionem?
1553 948 1612 988 Et
1653 948 1696 987 in
1738 961 1783 988 re

317 1032 409 1066 tam
451 1024 536 1072 vili,
579 1030 761 1075 tamque
812 1023 974 1075 exigua
1026 1023 1246 1075 reperitur,
1300 1022 1372 1074 qui
1424 1022 1602 1061 fratrem
1654 1035 1780 1062 suum

318 1098 632 1138 circumvenire
674 1102 716 1136 et
759 1096 1019 1136 defraudare
1060 1094 1253 1136 velit!''2
1314 1096 1373 1136 Et
1416 1095 1461 1134 B.
1489 1095 1652 1135 Isaias:
1696 1096 1782 1137 “Si

317 1171 459 1224 quid,'’
504 1171 656 1223 inquit,
700 1174 840 1210 “ante
883 1169 1015 1210 alium
1058 1170 1252 1222 positum
1295 1176 1370 1218 est,
1413 1169 1469 1209 ad
1515 1169 1560 1209 id
1603 1183 1781 1210 manum

316 1244 484 1296 injicias
521 1241 685 1283 cave.’'3
749 1243 873 1282 Idem
913 1249 1063 1283 monet
1102 1244 1143 1284 S.
1167 1244 1291 1283 Isaac
1331 1241 1497 1294 Syrus.4
1569 1243 1780 1293 Tertium,

316 1333 370 1358 ne
399 1323 612 1371 perpetuo
634 1317 689 1356 ad
720 1317 950 1356 obsoniam
975 1317 1282 1365 extendantur,
1306 1316 1382 1357 sed
1413 1317 1540 1356 certis
1573 1316 1783 1356 adhibitis

317 1390 566 1432 intervallis.
632 1390 862 1430 Clemens:
917 1391 1036 1430 “Est
1071 1404 1096 1429 a
1129 1391 1297 1429 ratione
1332 1389 1535 1438 alienum,
1569 1395 1782 1442 perpetuo

318 1479 473 1505 manus
506 1464 562 1504 ad
597 1464 827 1503 obsoniam
861 1463 1112 1511 extendere,
1149 1477 1236 1503 non
1273 1464 1545 1515 gustantium
1578 1463 1674 1511 ritu,
1706 1463 1782 1502 sed

317 1536 617 1590 rapientium.’y
672 1536 886 1589 Idemque
921 1537 1077 1576 eodem
1115 1537 1267 1589 capite.
1323 1536 1453 1576 “Nec
1491 1537 1604 1576 inter
1639 1550 1783 1576 come-

318 1609 549 1659 dendum,”
567 1610 718 1662 inquit,
737 1614 812 1649 “se
834 1610 1038 1650 indecore
1060 1609 1264 1661 gerendo,
1281 1610 1357 1649 sed
1382 1623 1560 1649 manum
1584 1610 1784 1649 ordinate

318 1686 445 1725 certis
498 1684 735 1724 intervallis
787 1683 994 1724 adhibitis
1043 1683 1371 1736 porrigendo.'‘5
1453 1683 1682 1735 Quartum,
1729 1697 1786 1723 ne

318 1758 560 1799 coenatorio
583 1758 722 1797 cultro
755 1764 985 1798 cernantur
1013 1764 1206 1805 armatre,
1231 1758 1336 1796 dum
1367 1758 1512 1796 cibum
1544 1757 1604 1796 ori
1635 1757 1785 1797 minis-

317 1838 445 1872 trant.
530 1832 867 1871 Bonaventura:
907 1830 1209 1879 “Decentiae,”
1248 1831 1400 1882 inquit,
1437 1830 1676 1879 “detrahit‚
1710 1831 1783 1882 qui

319 1919 452 1945 manu
494 1911 664 1944 armata
706 1903 930 1944 cultellum
971 1904 1173 1952 habente,
1207 1904 1351 1943 cibum
1395 1905 1457 1943 ori
1500 1902 1785 1944 minist1·at.’'0

320 1979 534 2031 Quintum
568 1978 768 2030 denique,
797 1992 851 2017 ne
885 1984 961 2018 aut
1003 1977 1169 2026 felibus,
1194 1984 1269 2017 aut
1301 1977 1492 2027 canibus,
1520 1983 1596 2017 aut
1631 1977 1783 2017 avibus

317 2053 601 2093 blandiantur
622 2066 678 2091 ex
703 2052 914 2104 appositis
933 2051 1175 2100 esculentis,
1193 2052 1311 2104 quod
1334 2052 1450 2091 idem
1475 2052 1783 2091 Bonaventura

319 2128 363 2167 in
387 2128 542 2167 eodem
574 2126 764 2179 Speculo
791 2125 1079 2178 reprehendit.
1134 2126 1204 2165 De
1227 2139 1436 2164 manuum
1459 2138 1560 2164 vero
1583 2125 1783 2176 inquina-

318 2202 448 2249 tione,
487 2207 534 2240 ut
572 2200 627 2240 de
663 2200 927 2252 quibusdam
965 2200 1059 2239 aliis
1097 2212 1246 2239 earum
1280 2199 1406 2247 vitiis,
1442 2211 1548 2237 mox
1586 2199 1782 2238 dicemus

275 2328 279 2331 χ
319 2288 419 2315 cum
462 2274 518 2313 ad
561 2274 807 2313 decentiam
837 2279 1018 2312 ventum
1056 2272 1194 2312 fuerit.
1259 2271 1443 2311 Brachia
1472 2285 1574 2311 vero
1609 2272 1782 2324 longius

319 2348 582 2401 porrigenda
633 2360 720 2386 non
772 2352 884 2395 sunt,
937 2352 1013 2384 aut
1070 2359 1231 2384 mensae
1284 2345 1440 2384 cubitis
1495 2346 1781 2385 innitendum.

321 2421 656 2460 Bonaventura:
690 2419 915 2471 “Oportet
937 2418 1214 2471 disciplinam
1245 2419 1287 2457 in
1310 2419 1501 2471 corporis
1531 2424 1575 2458 et
1605 2418 1782 2458 habitus

321 2494 607 2546 dispositione
659 2506 840 2540 servare,
884 2497 931 2531 ut
973 2492 1255 2532 comedentes
1307 2506 1352 2531 se
1403 2505 1489 2531 non
1542 2492 1783 2545 appodient

320 2582 451 2620 super
480 2580 688 2615 mensam,
712 2566 780 2606 vel
810 2566 1113 2615 accubitando,
1136 2566 1204 2606 vel
1233 2566 1318 2606 alio
1348 2580 1626 2618 quocumque
1649 2566 1787 2606 modo-

321 2641 568 2681 inordinate
603 2654 648 2679 se
685 2637 898 2691 gerant.''⁷
961 2640 1020 2680 Et
1058 2640 1103 2679 Β.
1119 2639 1404 2679 Vincentius:
1451 2640 1590 2679 “Non
1631 2645 1782 2680 teneas

320 2715 490 2755 cubitos
523 2727 652 2766 super
683 2727 892 2763 mensam,
915 2714 991 2753 secl
1024 2713 1280 2765 simpliciter
1312 2711 1526 2753 manus.''8

517 2843 529 2862 ¹
556 2845 624 2875 Ser.
646 2852 696 2874 20.
833 2842 846 2860 2
873 2844 925 2873 Ad
951 2843 1102 2874 Cellistas
1128 2843 1197 2875 Ser.
1222 2843 1270 2874 16.
1406 2842 1419 2859 ²²
1444 2843 1534 2873 Orat.
1557 2851 1585 2882 3.

319 2895 333 2914 ⁴²
358 2897 410 2927 De
427 2896 617 2936 Contempt.
636 2895 752 2925 Mund.
771 2904 796 2925 e.
814 2900 866 2934 45.
925 2893 937 2912 ⁵
963 2895 1093 2934 Paedag.
1111 2894 1130 2925 l.
1149 2903 1179 2925 2.
1196 2904 1222 2925 c.
1245 2903 1269 2925 1.
1329 2892 1342 2912 ⁶
1367 2895 1462 2935 Spee.
1481 2894 1569 2924 Disc.
1587 2903 1618 2934 p.
1640 2901 1665 2924 1.
1684 2903 1710 2924 c.
1726 2901 1783 2923 21,

682 2944 695 2965 ⁷
718 2946 859 2976 Ibidem.
1038 2943 1051 2963 ⁸
1075 2946 1184 2977 Tract.
1204 2946 1245 2976 de
1263 2945 1318 2976 rit.
1341 2945 1426 2985 Spir.
