<?xml version="1.0" encoding="UTF-8"?>
<!DOCTYPE html PUBLIC "-//W3C//DTD XHTML 1.0 Transitional//EN"
    "http://www.w3.org/TR/xhtml1/DTD/xhtml1-transitional.dtd">
<html xmlns="http://www.w3.org/1999/xhtml" xml:lang="en" lang="en">
 <head>
  <title>
</title>
<meta http-equiv="Content-Type" content="text/html;charset=utf-8" />
  <meta name='ocr-system' content='tesseract 3.04.00' />
  <meta name='ocr-capabilities' content='ocr_page ocr_carea ocr_par ocr_line ocrx_word'/>
</head>
<body>
  <div class='ocr_page' id='page_1' title='image "./nicolaiorlandini00orla/nicolaiorlandini00orla_0355.png"; bbox 0 0 1903 3197; ppageno 0'>
   <div class='ocr_carea' id='block_1_1' title="bbox 660 159 1573 221">
    <p class='ocr_par' dir='ltr' id='par_1_1' title="bbox 660 159 1573 221">
     <span class='ocr_line' id='line_1_1' title="bbox 660 159 1573 221; baseline 0.002 -18"><span class='ocrx_word' id='word_1_1' title='bbox 660 159 739 204; x_wconf 79' lang='lat' dir='ltr'><strong>De</strong></span> <span class='ocrx_word' id='word_1_2' title='bbox 775 159 1017 206; x_wconf 71' lang='lat' dir='ltr'><strong>castitate.</strong></span> <span class='ocrx_word' id='word_1_3' title='bbox 1482 175 1507 220; x_wconf 80' lang='lat'>3</span> <span class='ocrx_word' id='word_1_4' title='bbox 1516 175 1540 221; x_wconf 85' lang='lat'>3</span> <span class='ocrx_word' id='word_1_5' title='bbox 1550 174 1573 221; x_wconf 87' lang='lat'><strong>5</strong></span> 
     </span>
    </p>
   </div>
   <div class='ocr_carea' id='block_1_2' title="bbox 109 289 1578 2105">
    <p class='ocr_par' dir='ltr' id='par_1_2' title="bbox 110 289 1577 1226">
     <span class='ocr_line' id='line_1_2' title="bbox 114 289 1570 347; baseline 0.004 -19"><span class='ocrx_word' id='word_1_6' title='bbox 114 289 228 340; x_wconf 90' lang='lat' dir='ltr'><strong>quia,</strong></span> <span class='ocrx_word' id='word_1_7' title='bbox 258 289 293 329; x_wconf 87' lang='lat' dir='ltr'><strong>si</strong></span> <span class='ocrx_word' id='word_1_8' title='bbox 325 290 368 329; x_wconf 91' lang='lat' dir='ltr'><strong>in</strong></span> <span class='ocrx_word' id='word_1_9' title='bbox 399 289 536 342; x_wconf 90' lang='lat' dir='ltr'><strong>paleis</strong></span> <span class='ocrx_word' id='word_1_10' title='bbox 564 290 677 342; x_wconf 89' lang='lat' dir='ltr'><strong>ignis</strong></span> <span class='ocrx_word' id='word_1_11' title='bbox 709 290 981 343; x_wconf 79' lang='lat' dir='ltr'><strong>negligenter</strong></span> <span class='ocrx_word' id='word_1_12' title='bbox 1009 292 1314 345; x_wconf 80' lang='lat' dir='ltr'><strong>exstinguitur,</strong></span> <span class='ocrx_word' id='word_1_13' title='bbox 1345 307 1402 333; x_wconf 77' lang='lat' dir='ltr'><strong>ex</strong></span> <span class='ocrx_word' id='word_1_14' title='bbox 1434 307 1570 347; x_wconf 87' lang='lat' dir='ltr'><strong>parva</strong></span> 
     </span>
     <span class='ocr_line' id='line_1_3' title="bbox 113 362 1575 420; baseline 0.005 -19"><span class='ocrx_word' id='word_1_15' title='bbox 113 362 302 403; x_wconf 90' lang='lat' dir='ltr'><strong>scintilla</strong></span> <span class='ocrx_word' id='word_1_16' title='bbox 324 376 422 415; x_wconf 81' lang='lat' dir='ltr'><strong>quae</strong></span> <span class='ocrx_word' id='word_1_17' title='bbox 444 369 651 413; x_wconf 79' lang='lat' dir='ltr'><strong>remanet,</strong></span> <span class='ocrx_word' id='word_1_18' title='bbox 674 377 826 403; x_wconf 90' lang='lat' dir='ltr'><strong>omnes</strong></span> <span class='ocrx_word' id='word_1_19' title='bbox 848 364 986 417; x_wconf 83' lang='lat' dir='ltr'><strong>paleae</strong></span> <span class='ocrx_word' id='word_1_20' title='bbox 1009 366 1307 406; x_wconf 90' lang='lat' dir='ltr'><strong>accenduntur</strong></span> <span class='ocrx_word' id='word_1_21' title='bbox 1323 367 1360 407; x_wconf 86' lang='lat'><strong>?’&#39;</strong></span> <span class='ocrx_word' id='word_1_22' title='bbox 1407 367 1575 420; x_wconf 78' lang='lat' dir='ltr'><strong>Quam-</strong></span> 
     </span>
     <span class='ocr_line' id='line_1_4' title="bbox 115 437 1572 488; baseline 0.005 -13"><span class='ocrx_word' id='word_1_23' title='bbox 115 448 249 488; x_wconf 90' lang='lat' dir='ltr'><strong>quam</strong></span> <span class='ocrx_word' id='word_1_24' title='bbox 284 437 400 476; x_wconf 87' lang='lat' dir='ltr'><strong>enirn</strong></span> <span class='ocrx_word' id='word_1_25' title='bbox 436 438 663 477; x_wconf 89' lang='lat' dir='ltr'><strong>victoriam</strong></span> <span class='ocrx_word' id='word_1_26' title='bbox 696 443 856 477; x_wconf 82' lang='lat' dir='ltr'><strong>nostrae</strong></span> <span class='ocrx_word' id='word_1_27' title='bbox 890 439 1031 477; x_wconf 89' lang='lat' dir='ltr'><strong>carnis</strong></span> <span class='ocrx_word' id='word_1_28' title='bbox 1062 438 1105 477; x_wconf 91' lang='lat' dir='ltr'><strong>in</strong></span> <span class='ocrx_word' id='word_1_29' title='bbox 1138 440 1265 479; x_wconf 90' lang='lat' dir='ltr'><strong>unius</strong></span> <span class='ocrx_word' id='word_1_30' title='bbox 1296 441 1456 481; x_wconf 87' lang='lat' dir='ltr'><strong>virtute</strong></span> <span class='ocrx_word' id='word_1_31' title='bbox 1487 442 1572 482; x_wconf 92' lang='lat' dir='ltr'><strong>Dei</strong></span> 
     </span>
     <span class='ocr_line' id='line_1_5' title="bbox 114 509 1575 559; baseline 0.005 -11"><span class='ocrx_word' id='word_1_32' title='bbox 114 509 244 549; x_wconf 89' lang='lat' dir='ltr'><strong>sitam</strong></span> <span class='ocrx_word' id='word_1_33' title='bbox 276 523 370 550; x_wconf 88' lang='lat' dir='ltr'><strong>esse</strong></span> <span class='ocrx_word' id='word_1_34' title='bbox 400 510 606 559; x_wconf 82' lang='lat' dir='ltr'><strong>diximus,</strong></span> <span class='ocrx_word' id='word_1_35' title='bbox 628 517 777 551; x_wconf 89' lang='lat' dir='ltr'><strong>tamen</strong></span> <span class='ocrx_word' id='word_1_36' title='bbox 808 511 1003 550; x_wconf 89' lang='lat' dir='ltr'><strong>studium</strong></span> <span class='ocrx_word' id='word_1_37' title='bbox 1036 511 1169 551; x_wconf 90' lang='lat' dir='ltr'><strong>etiam</strong></span> <span class='ocrx_word' id='word_1_38' title='bbox 1203 518 1400 552; x_wconf 89' lang='lat' dir='ltr'><strong>nostrum</strong></span> <span class='ocrx_word' id='word_1_39' title='bbox 1433 514 1575 555; x_wconf 88' lang='lat' dir='ltr'><strong>labor-</strong></span> 
     </span>
     <span class='ocr_line' id='line_1_6' title="bbox 114 584 1573 639; baseline 0.003 -16"><span class='ocrx_word' id='word_1_40' title='bbox 114 596 272 635; x_wconf 86' lang='lat' dir='ltr'><strong>emque</strong></span> <span class='ocrx_word' id='word_1_41' title='bbox 304 584 360 623; x_wconf 87' lang='lat' dir='ltr'><strong>ad</strong></span> <span class='ocrx_word' id='word_1_42' title='bbox 393 597 491 624; x_wconf 89' lang='lat' dir='ltr'><strong>eam</strong></span> <span class='ocrx_word' id='word_1_43' title='bbox 525 584 809 624; x_wconf 90' lang='lat' dir='ltr'><strong>obtinendam</strong></span> <span class='ocrx_word' id='word_1_44' title='bbox 846 585 968 624; x_wconf 91' lang='lat' dir='ltr'><strong>Deus</strong></span> <span class='ocrx_word' id='word_1_45' title='bbox 1001 585 1094 637; x_wconf 91' lang='lat' dir='ltr'><strong>ipse</strong></span> <span class='ocrx_word' id='word_1_46' title='bbox 1129 599 1154 625; x_wconf 89' lang='lat' dir='ltr'><strong>a</strong></span> <span class='ocrx_word' id='word_1_47' title='bbox 1187 586 1314 625; x_wconf 91' lang='lat' dir='ltr'><strong>nobis</strong></span> <span class='ocrx_word' id='word_1_48' title='bbox 1351 588 1573 639; x_wconf 88' lang='lat' dir='ltr'><strong>postulat;</strong></span> 
     </span>
     <span class='ocr_line' id='line_1_7' title="bbox 114 656 1574 710; baseline 0.003 -15"><span class='ocrx_word' id='word_1_49' title='bbox 114 656 225 696; x_wconf 89' lang='lat' dir='ltr'><strong>sicut</strong></span> <span class='ocrx_word' id='word_1_50' title='bbox 275 658 318 696; x_wconf 92' lang='lat' dir='ltr'><strong>in</strong></span> <span class='ocrx_word' id='word_1_51' title='bbox 369 657 588 710; x_wconf 87' lang='lat' dir='ltr'><strong>plerisque</strong></span> <span class='ocrx_word' id='word_1_52' title='bbox 628 658 767 706; x_wconf 89' lang='lat' dir='ltr'><strong>rebus,</strong></span> <span class='ocrx_word' id='word_1_53' title='bbox 811 672 911 710; x_wconf 81' lang='lat' dir='ltr'><strong>quae</strong></span> <span class='ocrx_word' id='word_1_54' title='bbox 957 659 1157 710; x_wconf 85' lang='lat' dir='ltr'><strong>quamvis</strong></span> <span class='ocrx_word' id='word_1_55' title='bbox 1209 660 1369 699; x_wconf 89' lang='lat' dir='ltr'><strong>nostris</strong></span> <span class='ocrx_word' id='word_1_56' title='bbox 1410 660 1574 700; x_wconf 87' lang='lat' dir='ltr'><strong>viribus</strong></span> 
     </span>
     <span class='ocr_line' id='line_1_8' title="bbox 113 729 1573 786; baseline 0.003 -17"><span class='ocrx_word' id='word_1_57' title='bbox 113 729 355 782; x_wconf 82' lang='lat' dir='ltr'><strong>studiisque</strong></span> <span class='ocrx_word' id='word_1_58' title='bbox 395 731 535 783; x_wconf 92' lang='lat' dir='ltr'><strong>parari</strong></span> <span class='ocrx_word' id='word_1_59' title='bbox 578 744 664 770; x_wconf 91' lang='lat' dir='ltr'><strong>non</strong></span> <span class='ocrx_word' id='word_1_60' title='bbox 706 731 886 783; x_wconf 79' lang='lat' dir='ltr'><strong>possint,</strong></span> <span class='ocrx_word' id='word_1_61' title='bbox 917 732 993 772; x_wconf 90' lang='lat' dir='ltr'><strong>sed</strong></span> <span class='ocrx_word' id='word_1_62' title='bbox 1038 732 1208 771; x_wconf 88' lang='lat' dir='ltr'><strong>Divinis</strong></span> <span class='ocrx_word' id='word_1_63' title='bbox 1250 733 1398 784; x_wconf 89' lang='lat' dir='ltr'><strong>potius</strong></span> <span class='ocrx_word' id='word_1_64' title='bbox 1440 747 1573 786; x_wconf 89' lang='lat' dir='ltr'><strong>quam</strong></span> 
     </span>
     <span class='ocr_line' id='line_1_9' title="bbox 110 802 1575 860; baseline 0.004 -18"><span class='ocrx_word' id='word_1_65' title='bbox 110 802 313 843; x_wconf 88' lang='lat' dir='ltr'><strong>humanis</strong></span> <span class='ocrx_word' id='word_1_66' title='bbox 345 805 432 844; x_wconf 90' lang='lat' dir='ltr'><strong>sint</strong></span> <span class='ocrx_word' id='word_1_67' title='bbox 457 805 766 857; x_wconf 81' lang='lat' dir='ltr'><strong>comparandae</strong></span> <span class='ocrx_word' id='word_1_68' title='bbox 797 806 1023 858; x_wconf 81' lang='lat' dir='ltr'><strong>praesidiis‚</strong></span> <span class='ocrx_word' id='word_1_69' title='bbox 1046 811 1196 846; x_wconf 90' lang='lat' dir='ltr'><strong>tamen</strong></span> <span class='ocrx_word' id='word_1_70' title='bbox 1225 813 1375 846; x_wconf 86' lang='lat' dir='ltr'><strong>nostra</strong></span> <span class='ocrx_word' id='word_1_71' title='bbox 1397 821 1575 860; x_wconf 86' lang='lat' dir='ltr'><strong>quoque</strong></span> 
     </span>
     <span class='ocr_line' id='line_1_10' title="bbox 110 877 1577 931; baseline 0.003 -15"><span class='ocrx_word' id='word_1_72' title='bbox 110 877 257 917; x_wconf 87' lang='lat' dir='ltr'><strong>studia</strong></span> <span class='ocrx_word' id='word_1_73' title='bbox 289 878 536 931; x_wconf 79' lang='lat' dir='ltr'><strong>vigiliaeque</strong></span> <span class='ocrx_word' id='word_1_74' title='bbox 578 880 864 931; x_wconf 87' lang='lat' dir='ltr'><strong>requiruntur,</strong></span> <span class='ocrx_word' id='word_1_75' title='bbox 900 893 999 931; x_wconf 78' lang='lat' dir='ltr'><strong>quae</strong></span> <span class='ocrx_word' id='word_1_76' title='bbox 1042 880 1153 919; x_wconf 90' lang='lat' dir='ltr'><strong>sicut</strong></span> <span class='ocrx_word' id='word_1_77' title='bbox 1188 879 1281 919; x_wconf 87' lang='lat' dir='ltr'><strong>sola</strong></span> <span class='ocrx_word' id='word_1_78' title='bbox 1318 886 1419 919; x_wconf 91' lang='lat' dir='ltr'><strong>sunt</strong></span> <span class='ocrx_word' id='word_1_79' title='bbox 1457 880 1577 921; x_wconf 84' lang='lat' dir='ltr'><strong>nulla</strong></span> 
     </span>
     <span class='ocr_line' id='line_1_11' title="bbox 112 950 1575 1007; baseline 0.003 -17"><span class='ocrx_word' id='word_1_80' title='bbox 112 950 252 1004; x_wconf 88' lang='lat' dir='ltr'><strong>plane,</strong></span> <span class='ocrx_word' id='word_1_81' title='bbox 282 952 342 992; x_wconf 86' lang='lat' dir='ltr'><strong>ita</strong></span> <span class='ocrx_word' id='word_1_82' title='bbox 377 959 424 992; x_wconf 92' lang='lat' dir='ltr'><strong>ut</strong></span> <span class='ocrx_word' id='word_1_83' title='bbox 456 953 536 992; x_wconf 93' lang='lat' dir='ltr'><strong>nisi</strong></span> <span class='ocrx_word' id='word_1_84' title='bbox 571 954 728 1002; x_wconf 77' lang='lat' dir='ltr'><strong>adsint,</strong></span> <span class='ocrx_word' id='word_1_85' title='bbox 756 953 913 993; x_wconf 88' lang='lat' dir='ltr'><strong>frustra</strong></span> <span class='ocrx_word' id='word_1_86' title='bbox 951 954 1239 1006; x_wconf 85' lang='lat' dir='ltr'><strong>implorentur</strong></span> <span class='ocrx_word' id='word_1_87' title='bbox 1273 954 1434 994; x_wconf 82' lang='lat' dir='ltr'><strong>Divina</strong></span> <span class='ocrx_word' id='word_1_88' title='bbox 1466 968 1575 1007; x_wconf 82' lang='lat' dir='ltr'><strong>prae-</strong></span> 
     </span>
     <span class='ocr_line' id='line_1_12' title="bbox 111 1025 1574 1080; baseline 0.002 -15"><span class='ocrx_word' id='word_1_89' title='bbox 111 1025 232 1066; x_wconf 88' lang='lat' dir='ltr'><strong>sidia.</strong></span> <span class='ocrx_word' id='word_1_90' title='bbox 309 1027 409 1066; x_wconf 90' lang='lat' dir='ltr'><strong>Hoc</strong></span> <span class='ocrx_word' id='word_1_91' title='bbox 446 1033 511 1066; x_wconf 89' lang='lat' dir='ltr'><strong>est</strong></span> <span class='ocrx_word' id='word_1_92' title='bbox 544 1027 661 1079; x_wconf 93' lang='lat' dir='ltr'><strong>quod</strong></span> <span class='ocrx_word' id='word_1_93' title='bbox 695 1027 800 1067; x_wconf 90' lang='lat' dir='ltr'><strong>dicit</strong></span> <span class='ocrx_word' id='word_1_94' title='bbox 829 1027 1106 1080; x_wconf 86' lang='lat' dir='ltr'><strong>Augustinus</strong></span> <span class='ocrx_word' id='word_1_95' title='bbox 1138 1028 1178 1067; x_wconf 90' lang='lat' dir='ltr'><strong>in</strong></span> <span class='ocrx_word' id='word_1_96' title='bbox 1218 1028 1325 1080; x_wconf 89' lang='lat' dir='ltr'><strong>Reg.</strong></span> <span class='ocrx_word' id='word_1_97' title='bbox 1402 1029 1574 1078; x_wconf 90' lang='lat' dir='ltr'><strong>“Deus,</strong></span> 
     </span>
     <span class='ocr_line' id='line_1_13' title="bbox 111 1099 1575 1151; baseline 0.001 -12"><span class='ocrx_word' id='word_1_98' title='bbox 111 1099 185 1151; x_wconf 93' lang='lat' dir='ltr'><strong>qui</strong></span> <span class='ocrx_word' id='word_1_99' title='bbox 226 1099 396 1140; x_wconf 89' lang='lat' dir='ltr'><strong>habitat</strong></span> <span class='ocrx_word' id='word_1_100' title='bbox 438 1101 480 1139; x_wconf 93' lang='lat' dir='ltr'><strong>in</strong></span> <span class='ocrx_word' id='word_1_101' title='bbox 517 1101 651 1149; x_wconf 86' lang='lat' dir='ltr'><strong>vobis,</strong></span> <span class='ocrx_word' id='word_1_102' title='bbox 685 1101 817 1140; x_wconf 88' lang='lat' dir='ltr'><strong>etiam</strong></span> <span class='ocrx_word' id='word_1_103' title='bbox 856 1102 939 1140; x_wconf 91' lang='lat' dir='ltr'><strong>isto</strong></span> <span class='ocrx_word' id='word_1_104' title='bbox 978 1101 1110 1141; x_wconf 90' lang='lat' dir='ltr'><strong>modo</strong></span> <span class='ocrx_word' id='word_1_105' title='bbox 1148 1101 1368 1141; x_wconf 90' lang='lat' dir='ltr'><strong>custodiat</strong></span> <span class='ocrx_word' id='word_1_106' title='bbox 1401 1116 1480 1141; x_wconf 87' lang='lat' dir='ltr'><strong>vos</strong></span> <span class='ocrx_word' id='word_1_107' title='bbox 1518 1116 1575 1142; x_wconf 88' lang='lat' dir='ltr'><strong>ex</strong></span> 
     </span>
     <span class='ocr_line' id='line_1_14' title="bbox 110 1172 1515 1226; baseline 0.001 -14"><span class='ocrx_word' id='word_1_108' title='bbox 110 1172 246 1222; x_wconf 81' lang='lat' dir='ltr'><strong>vobis,</strong></span> <span class='ocrx_word' id='word_1_109' title='bbox 268 1172 432 1213; x_wconf 90' lang='lat' dir='ltr'><strong>scilicet</strong></span> <span class='ocrx_word' id='word_1_110' title='bbox 454 1179 598 1213; x_wconf 88' lang='lat' dir='ltr'><strong>vestro</strong></span> <span class='ocrx_word' id='word_1_111' title='bbox 631 1174 763 1213; x_wconf 89' lang='lat' dir='ltr'><strong>etiam</strong></span> <span class='ocrx_word' id='word_1_112' title='bbox 794 1173 992 1213; x_wconf 87' lang='lat' dir='ltr'><strong>adhibito</strong></span> <span class='ocrx_word' id='word_1_113' title='bbox 1022 1174 1180 1223; x_wconf 85' lang='lat' dir='ltr'><strong>studio,</strong></span> <span class='ocrx_word' id='word_1_114' title='bbox 1203 1188 1254 1214; x_wconf 93' lang='lat' dir='ltr'><strong>ac</strong></span> <span class='ocrx_word' id='word_1_115' title='bbox 1276 1174 1515 1226; x_wconf 84' lang='lat' dir='ltr'><strong>vigilantia.</strong></span> 
     </span>
    </p>

    <p class='ocr_par' dir='ltr' id='par_1_3' title="bbox 109 1246 1578 2105">
     <span class='ocr_line' id='line_1_15' title="bbox 196 1246 1574 1299; baseline 0.001 -14"><span class='ocrx_word' id='word_1_116' title='bbox 196 1246 297 1297; x_wconf 91' lang='lat' dir='ltr'><strong>Jam</strong></span> <span class='ocrx_word' id='word_1_117' title='bbox 335 1247 390 1285; x_wconf 93' lang='lat' dir='ltr'><strong>de</strong></span> <span class='ocrx_word' id='word_1_118' title='bbox 426 1260 575 1286; x_wconf 88' lang='lat' dir='ltr'><strong>amore</strong></span> <span class='ocrx_word' id='word_1_119' title='bbox 610 1253 653 1286; x_wconf 90' lang='lat' dir='ltr'><strong>et</strong></span> <span class='ocrx_word' id='word_1_120' title='bbox 687 1247 903 1286; x_wconf 89' lang='lat' dir='ltr'><strong>desiderio</strong></span> <span class='ocrx_word' id='word_1_121' title='bbox 936 1246 1184 1287; x_wconf 89' lang='lat' dir='ltr'><strong>vehementi</strong></span> <span class='ocrx_word' id='word_1_122' title='bbox 1223 1247 1353 1299; x_wconf 89' lang='lat' dir='ltr'><strong>hujus</strong></span> <span class='ocrx_word' id='word_1_123' title='bbox 1390 1248 1574 1296; x_wconf 90' lang='lat' dir='ltr'><strong>virtutis,</strong></span> 
     </span>
     <span class='ocr_line' id='line_1_16' title="bbox 111 1319 1573 1373; baseline 0.002 -14"><span class='ocrx_word' id='word_1_124' title='bbox 111 1319 172 1359; x_wconf 90' lang='lat' dir='ltr'><strong>sic</strong></span> <span class='ocrx_word' id='word_1_125' title='bbox 223 1321 269 1369; x_wconf 88' lang='lat' dir='ltr'><strong>is,</strong></span> <span class='ocrx_word' id='word_1_126' title='bbox 312 1334 443 1372; x_wconf 89' lang='lat' dir='ltr'><strong>quem</strong></span> <span class='ocrx_word' id='word_1_127' title='bbox 496 1321 601 1366; x_wconf 81' lang='lat' dir='ltr'><strong>dixi,</strong></span> <span class='ocrx_word' id='word_1_128' title='bbox 645 1320 782 1360; x_wconf 90' lang='lat' dir='ltr'><strong>abbas</strong></span> <span class='ocrx_word' id='word_1_129' title='bbox 826 1320 1087 1360; x_wconf 75' lang='lat' dir='ltr'><strong>Chaeremon</strong></span> <span class='ocrx_word' id='word_1_130' title='bbox 1133 1321 1253 1373; x_wconf 90' lang='lat' dir='ltr'><strong>apud</strong></span> <span class='ocrx_word' id='word_1_131' title='bbox 1300 1321 1573 1362; x_wconf 88' lang='lat' dir='ltr'><strong>Cassianum.</strong></span> 
     </span>
     <span class='ocr_line' id='line_1_17' title="bbox 111 1393 1574 1446; baseline 0.002 -14"><span class='ocrx_word' id='word_1_132' title='bbox 111 1393 291 1433; x_wconf 91' lang='lat' dir='ltr'><strong>“Tanto</strong></span> <span class='ocrx_word' id='word_1_133' title='bbox 333 1400 481 1434; x_wconf 90' lang='lat' dir='ltr'><strong>autem</strong></span> <span class='ocrx_word' id='word_1_134' title='bbox 525 1407 628 1446; x_wconf 89' lang='lat' dir='ltr'><strong>erga</strong></span> <span class='ocrx_word' id='word_1_135' title='bbox 669 1394 1003 1446; x_wconf 78' lang='lat' dir='ltr'><strong>acquisitionem</strong></span> <span class='ocrx_word' id='word_1_136' title='bbox 1046 1395 1319 1434; x_wconf 83' lang='lat' dir='ltr'><strong>castimoniae</strong></span> <span class='ocrx_word' id='word_1_137' title='bbox 1357 1395 1574 1436; x_wconf 90' lang='lat' dir='ltr'><strong>desiderio</strong></span> 
     </span>
     <span class='ocr_line' id='line_1_18' title="bbox 109 1467 1575 1521; baseline 0.001 -15"><span class='ocrx_word' id='word_1_138' title='bbox 109 1472 242 1518; x_wconf 88' lang='lat' dir='ltr'><strong>atque</strong></span> <span class='ocrx_word' id='word_1_139' title='bbox 271 1481 420 1507; x_wconf 91' lang='lat' dir='ltr'><strong>amore</strong></span> <span class='ocrx_word' id='word_1_140' title='bbox 451 1467 786 1516; x_wconf 83' lang='lat' dir='ltr'><strong>inflammemur,</strong></span> <span class='ocrx_word' id='word_1_141' title='bbox 810 1473 976 1519; x_wconf 89' lang='lat' dir='ltr'><strong>quanto</strong></span> <span class='ocrx_word' id='word_1_142' title='bbox 1010 1468 1107 1519; x_wconf 90' lang='lat' dir='ltr'><strong>quis</strong></span> <span class='ocrx_word' id='word_1_143' title='bbox 1136 1468 1421 1520; x_wconf 77' lang='lat' dir='ltr'><strong>pecuniarum</strong></span> <span class='ocrx_word' id='word_1_144' title='bbox 1455 1469 1575 1521; x_wconf 89' lang='lat' dir='ltr'><strong>cupi-</strong></span> 
     </span>
     <span class='ocr_line' id='line_1_19' title="bbox 110 1540 1577 1593; baseline 0.001 -14"><span class='ocrx_word' id='word_1_145' title='bbox 110 1540 315 1580; x_wconf 90' lang='lat' dir='ltr'><strong>dissimus</strong></span> <span class='ocrx_word' id='word_1_146' title='bbox 356 1541 586 1593; x_wconf 85' lang='lat' dir='ltr'><strong>appetitor,</strong></span> <span class='ocrx_word' id='word_1_147' title='bbox 620 1540 688 1580; x_wconf 89' lang='lat' dir='ltr'><strong>vel</strong></span> <span class='ocrx_word' id='word_1_148' title='bbox 731 1541 804 1592; x_wconf 86' lang='lat' dir='ltr'><strong>qui</strong></span> <span class='ocrx_word' id='word_1_149' title='bbox 848 1554 1020 1580; x_wconf 88' lang='lat' dir='ltr'><strong>summa</strong></span> <span class='ocrx_word' id='word_1_150' title='bbox 1068 1540 1284 1581; x_wconf 89' lang='lat' dir='ltr'><strong>honorum</strong></span> <span class='ocrx_word' id='word_1_151' title='bbox 1335 1542 1577 1582; x_wconf 84' lang='lat' dir='ltr'><strong>ambitione</strong></span> 
     </span>
     <span class='ocr_line' id='line_1_20' title="bbox 110 1613 1576 1666; baseline 0.002 -14"><span class='ocrx_word' id='word_1_152' title='bbox 110 1613 384 1664; x_wconf 88' lang='lat' dir='ltr'><strong>distenditur,</strong></span> <span class='ocrx_word' id='word_1_153' title='bbox 416 1614 484 1654; x_wconf 90' lang='lat' dir='ltr'><strong>vel</strong></span> <span class='ocrx_word' id='word_1_154' title='bbox 526 1615 600 1666; x_wconf 91' lang='lat' dir='ltr'><strong>qui</strong></span> <span class='ocrx_word' id='word_1_155' title='bbox 644 1613 905 1653; x_wconf 85' lang='lat' dir='ltr'><strong>intolerabili</strong></span> <span class='ocrx_word' id='word_1_156' title='bbox 953 1613 1146 1666; x_wconf 85' lang='lat' dir='ltr'><strong>pulchrae</strong></span> <span class='ocrx_word' id='word_1_157' title='bbox 1189 1614 1381 1653; x_wconf 89' lang='lat' dir='ltr'><strong>mulieris</strong></span> <span class='ocrx_word' id='word_1_158' title='bbox 1428 1627 1576 1655; x_wconf 89' lang='lat' dir='ltr'><strong>amore</strong></span> 
     </span>
     <span class='ocr_line' id='line_1_21' title="bbox 111 1687 1576 1740; baseline 0.001 -15"><span class='ocrx_word' id='word_1_159' title='bbox 111 1692 319 1738; x_wconf 86' lang='lat' dir='ltr'><strong>raptatur,</strong></span> <span class='ocrx_word' id='word_1_160' title='bbox 352 1687 618 1727; x_wconf 88' lang='lat' dir='ltr'><strong>desiderium</strong></span> <span class='ocrx_word' id='word_1_161' title='bbox 660 1701 787 1727; x_wconf 87' lang='lat' dir='ltr'><strong>suum</strong></span> <span class='ocrx_word' id='word_1_162' title='bbox 831 1687 1216 1740; x_wconf 89' lang='lat' dir='ltr'><strong>impatientissimo</strong></span> <span class='ocrx_word' id='word_1_163' title='bbox 1258 1687 1413 1727; x_wconf 87' lang='lat' dir='ltr'><strong>ardore</strong></span> <span class='ocrx_word' id='word_1_164' title='bbox 1450 1692 1576 1740; x_wconf 88' lang='lat' dir='ltr'><strong>optat</strong></span> 
     </span>
     <span class='ocr_line' id='line_1_22' title="bbox 111 1759 1576 1813; baseline 0.001 -14"><span class='ocrx_word' id='word_1_165' title='bbox 111 1759 305 1812; x_wconf 80' lang='lat' dir='ltr'><strong>expleri3</strong></span> <span class='ocrx_word' id='word_1_166' title='bbox 338 1766 382 1800; x_wconf 93' lang='lat' dir='ltr'><strong>et</strong></span> <span class='ocrx_word' id='word_1_167' title='bbox 419 1761 479 1800; x_wconf 88' lang='lat' dir='ltr'><strong>ita</strong></span> <span class='ocrx_word' id='word_1_168' title='bbox 516 1760 601 1809; x_wconf 91' lang='lat' dir='ltr'><strong>fiet,</strong></span> <span class='ocrx_word' id='word_1_169' title='bbox 637 1766 684 1799; x_wconf 93' lang='lat' dir='ltr'><strong>ut</strong></span> <span class='ocrx_word' id='word_1_170' title='bbox 722 1760 828 1800; x_wconf 88' lang='lat' dir='ltr'><strong>dum</strong></span> <span class='ocrx_word' id='word_1_171' title='bbox 863 1774 941 1813; x_wconf 88' lang='lat' dir='ltr'><strong>pro</strong></span> <span class='ocrx_word' id='word_1_172' title='bbox 979 1761 1244 1812; x_wconf 87' lang='lat' dir='ltr'><strong>integritatis</strong></span> <span class='ocrx_word' id='word_1_173' title='bbox 1281 1761 1576 1813; x_wconf 88' lang='lat' dir='ltr'><strong>perpetuitate</strong></span> 
     </span>
     <span class='ocr_line' id='line_1_23' title="bbox 112 1833 1578 1886; baseline 0.001 -14"><span class='ocrx_word' id='word_1_174' title='bbox 112 1833 345 1873; x_wconf 87' lang='lat' dir='ltr'><strong>insatiabili</strong></span> <span class='ocrx_word' id='word_1_175' title='bbox 373 1833 615 1886; x_wconf 90' lang='lat' dir='ltr'><strong>cupiditate</strong></span> <span class='ocrx_word' id='word_1_176' title='bbox 646 1834 963 1883; x_wconf 84' lang='lat' dir='ltr'><strong>succendimur,</strong></span> <span class='ocrx_word' id='word_1_177' title='bbox 986 1833 1287 1873; x_wconf 87' lang='lat' dir='ltr'><strong>desiderabilis</strong></span> <span class='ocrx_word' id='word_1_178' title='bbox 1310 1834 1578 1886; x_wconf 89' lang='lat' dir='ltr'><strong>despiciatur</strong></span> 
     </span>
     <span class='ocr_line' id='line_1_24' title="bbox 111 1905 1575 1960; baseline 0.001 -14"><span class='ocrx_word' id='word_1_179' title='bbox 111 1906 244 1956; x_wconf 88' lang='lat' dir='ltr'><strong>cibus,</strong></span> <span class='ocrx_word' id='word_1_180' title='bbox 287 1908 554 1946; x_wconf 88' lang='lat' dir='ltr'><strong>necessarius</strong></span> <span class='ocrx_word' id='word_1_181' title='bbox 603 1905 777 1946; x_wconf 89' lang='lat' dir='ltr'><strong>horreat</strong></span> <span class='ocrx_word' id='word_1_182' title='bbox 825 1913 967 1959; x_wconf 89' lang='lat' dir='ltr'><strong>potus,</strong></span> <span class='ocrx_word' id='word_1_183' title='bbox 1010 1921 1189 1947; x_wconf 88' lang='lat' dir='ltr'><strong>somnus</strong></span> <span class='ocrx_word' id='word_1_184' title='bbox 1241 1907 1430 1959; x_wconf 92' lang='lat' dir='ltr'><strong>denique</strong></span> <span class='ocrx_word' id='word_1_185' title='bbox 1481 1908 1575 1960; x_wconf 89' lang='lat' dir='ltr'><strong>ipse</strong></span> 
     </span>
     <span class='ocr_line' id='line_1_25' title="bbox 112 1978 1574 2033; baseline 0.001 -14"><span class='ocrx_word' id='word_1_186' title='bbox 112 1985 277 2019; x_wconf 80' lang='lat' dir='ltr'><strong>naturae</strong></span> <span class='ocrx_word' id='word_1_187' title='bbox 310 1979 484 2020; x_wconf 90' lang='lat' dir='ltr'><strong>debitus</strong></span> <span class='ocrx_word' id='word_1_188' title='bbox 522 1978 807 2032; x_wconf 86' lang='lat' dir='ltr'><strong>respuatur.&#39;&#39;1</strong></span> <span class='ocrx_word' id='word_1_189' title='bbox 881 1980 1109 2020; x_wconf 88' lang='lat' dir='ltr'><strong>Hactenus</strong></span> <span class='ocrx_word' id='word_1_190' title='bbox 1146 1980 1201 2020; x_wconf 93' lang='lat' dir='ltr'><strong>de</strong></span> <span class='ocrx_word' id='word_1_191' title='bbox 1237 1981 1366 2020; x_wconf 86' lang='lat' dir='ltr'><strong>tertio</strong></span> <span class='ocrx_word' id='word_1_192' title='bbox 1403 1981 1574 2033; x_wconf 87' lang='lat' dir='ltr'><strong>capite;</strong></span> 
     </span>
     <span class='ocr_line' id='line_1_26' title="bbox 111 2053 947 2105; baseline 0.002 -14"><span class='ocrx_word' id='word_1_193' title='bbox 111 2059 245 2093; x_wconf 89' lang='lat' dir='ltr'><strong>restat</strong></span> <span class='ocrx_word' id='word_1_194' title='bbox 273 2059 477 2105; x_wconf 90' lang='lat' dir='ltr'><strong>quartum</strong></span> <span class='ocrx_word' id='word_1_195' title='bbox 510 2053 564 2093; x_wconf 90' lang='lat' dir='ltr'><strong>de</strong></span> <span class='ocrx_word' id='word_1_196' title='bbox 586 2053 666 2093; x_wconf 88' lang='lat' dir='ltr'><strong>viis</strong></span> <span class='ocrx_word' id='word_1_197' title='bbox 699 2067 748 2093; x_wconf 92' lang='lat' dir='ltr'><strong>ac</strong></span> <span class='ocrx_word' id='word_1_198' title='bbox 781 2054 947 2093; x_wconf 90' lang='lat' dir='ltr'><strong>mediis.</strong></span> 
     </span>
    </p>
   </div>
   <div class='ocr_carea' id='block_1_3' title="bbox 255 2304 1439 2361">
    <p class='ocr_par' dir='ltr' id='par_1_4' title="bbox 255 2304 1439 2361">
     <span class='ocr_line' id='line_1_27' title="bbox 255 2304 1439 2361; baseline -0.001 -14"><span class='ocrx_word' id='word_1_199' title='bbox 255 2304 281 2361; x_wconf 60' lang='grc' dir='ltr'>ξ</span> <span class='ocrx_word' id='word_1_200' title='bbox 311 2317 477 2358; x_wconf 83' lang='lat' dir='ltr'>4.—DE</span> <span class='ocrx_word' id='word_1_201' title='bbox 511 2316 681 2347; x_wconf 71' lang='lat' dir='ltr'>MEDHS</span> <span class='ocrx_word' id='word_1_202' title='bbox 714 2317 780 2347; x_wconf 91' lang='lat' dir='ltr'><strong>AD</strong></span> <span class='ocrx_word' id='word_1_203' title='bbox 813 2316 1105 2347; x_wconf 69' lang='lat' dir='ltr'>ANGELICAM</span> <span class='ocrx_word' id='word_1_204' title='bbox 1140 2316 1439 2347; x_wconf 74' lang='lat' dir='ltr'><strong>PURITATEM.</strong></span> 
     </span>
    </p>
   </div>
   <div class='ocr_carea' id='block_1_4' title="bbox 108 2413 1573 2835">
    <p class='ocr_par' dir='ltr' id='par_1_5' title="bbox 108 2413 1573 2835">
     <span class='ocr_line' id='line_1_28' title="bbox 195 2413 1572 2467; baseline -0.001 -13"><span class='ocrx_word' id='word_1_205' title='bbox 195 2413 416 2466; x_wconf 75' lang='lat' dir='ltr'><strong>Quoniam</strong></span> <span class='ocrx_word' id='word_1_206' title='bbox 479 2415 611 2467; x_wconf 90' lang='lat' dir='ltr'><strong>igitur</strong></span> <span class='ocrx_word' id='word_1_207' title='bbox 671 2415 972 2455; x_wconf 86' lang='lat' dir='ltr'><strong>difficillimam</strong></span> <span class='ocrx_word' id='word_1_208' title='bbox 1035 2415 1318 2466; x_wconf 80' lang='lat' dir='ltr'><strong>maximeque</strong></span> <span class='ocrx_word' id='word_1_209' title='bbox 1389 2413 1572 2453; x_wconf 90' lang='lat' dir='ltr'><strong>arduam</strong></span> 
     </span>
     <span class='ocr_line' id='line_1_29' title="bbox 110 2487 1572 2541; baseline 0.001 -14"><span class='ocrx_word' id='word_1_210' title='bbox 110 2488 382 2528; x_wconf 88' lang='lat' dir='ltr'><strong>ostendimus</strong></span> <span class='ocrx_word' id='word_1_211' title='bbox 423 2489 636 2528; x_wconf 86' lang='lat' dir='ltr'><strong>castitatis</strong></span> <span class='ocrx_word' id='word_1_212' title='bbox 678 2502 885 2541; x_wconf 87' lang='lat' dir='ltr'><strong>pugnam,</strong></span> <span class='ocrx_word' id='word_1_213' title='bbox 927 2489 971 2528; x_wconf 94' lang='lat' dir='ltr'><strong>id</strong></span> <span class='ocrx_word' id='word_1_214' title='bbox 1014 2489 1132 2540; x_wconf 88' lang='lat' dir='ltr'><strong>quod</strong></span> <span class='ocrx_word' id='word_1_215' title='bbox 1171 2494 1263 2528; x_wconf 89' lang='lat' dir='ltr'><strong>erat</strong></span> <span class='ocrx_word' id='word_1_216' title='bbox 1304 2488 1434 2528; x_wconf 91' lang='lat' dir='ltr'><strong>tertio</strong></span> <span class='ocrx_word' id='word_1_217' title='bbox 1476 2487 1572 2528; x_wconf 91' lang='lat' dir='ltr'><strong>loco</strong></span> 
     </span>
     <span class='ocr_line' id='line_1_30' title="bbox 112 2561 1573 2614; baseline 0 -14"><span class='ocrx_word' id='word_1_218' title='bbox 112 2563 398 2613; x_wconf 89' lang='lat' dir='ltr'><strong>propositum,</strong></span> <span class='ocrx_word' id='word_1_219' title='bbox 435 2562 795 2614; x_wconf 88' lang='lat' dir='ltr'><strong>vigilandumque</strong></span> <span class='ocrx_word' id='word_1_220' title='bbox 841 2575 935 2602; x_wconf 90' lang='lat' dir='ltr'><strong>esse</strong></span> <span class='ocrx_word' id='word_1_221' title='bbox 976 2562 1048 2601; x_wconf 93' lang='lat' dir='ltr'><strong>die</strong></span> <span class='ocrx_word' id='word_1_222' title='bbox 1099 2575 1149 2601; x_wconf 87' lang='lat' dir='ltr'><strong>ac</strong></span> <span class='ocrx_word' id='word_1_223' title='bbox 1201 2567 1328 2601; x_wconf 86' lang='lat' dir='ltr'><strong>nocte</strong></span> <span class='ocrx_word' id='word_1_224' title='bbox 1370 2574 1425 2600; x_wconf 88' lang='lat' dir='ltr'><strong>ne</strong></span> <span class='ocrx_word' id='word_1_225' title='bbox 1477 2561 1573 2612; x_wconf 90' lang='lat' dir='ltr'><strong>quis</strong></span> 
     </span>
     <span class='ocr_line' id='line_1_31' title="bbox 108 2634 1573 2688; baseline 0 -15"><span class='ocrx_word' id='word_1_226' title='bbox 108 2640 235 2674; x_wconf 88' lang='lat' dir='ltr'><strong>tanto</strong></span> <span class='ocrx_word' id='word_1_227' title='bbox 276 2634 480 2675; x_wconf 89' lang='lat' dir='ltr'><strong>thesauro</strong></span> <span class='ocrx_word' id='word_1_228' title='bbox 522 2636 778 2686; x_wconf 68' lang='lat' dir='ltr'><strong>insidietur,</strong></span> <span class='ocrx_word' id='word_1_229' title='bbox 830 2635 1046 2688; x_wconf 90' lang='lat' dir='ltr'><strong>reliquum</strong></span> <span class='ocrx_word' id='word_1_230' title='bbox 1093 2642 1158 2675; x_wconf 92' lang='lat' dir='ltr'><strong>est</strong></span> <span class='ocrx_word' id='word_1_231' title='bbox 1200 2640 1258 2683; x_wconf 91' lang='lat' dir='ltr'><strong>ut,</strong></span> <span class='ocrx_word' id='word_1_232' title='bbox 1298 2635 1456 2687; x_wconf 91' lang='lat' dir='ltr'><strong>quibus</strong></span> <span class='ocrx_word' id='word_1_233' title='bbox 1493 2634 1573 2673; x_wconf 87' lang='lat' dir='ltr'><strong>viis</strong></span> 
     </span>
     <span class='ocr_line' id='line_1_32' title="bbox 112 2707 1572 2761; baseline -0.001 -14"><span class='ocrx_word' id='word_1_234' title='bbox 112 2707 353 2760; x_wconf 87' lang='lat' dir='ltr'><strong>mediisque</strong></span> <span class='ocrx_word' id='word_1_235' title='bbox 404 2722 577 2748; x_wconf 88' lang='lat' dir='ltr'><strong>carnem</strong></span> <span class='ocrx_word' id='word_1_236' title='bbox 625 2709 765 2761; x_wconf 84' lang='lat' dir='ltr'><strong>ipsam</strong></span> <span class='ocrx_word' id='word_1_237' title='bbox 802 2709 985 2757; x_wconf 88' lang='lat' dir='ltr'><strong>vincere,</strong></span> <span class='ocrx_word' id='word_1_238' title='bbox 1024 2709 1224 2761; x_wconf 89' lang='lat' dir='ltr'><strong>tuerique</strong></span> <span class='ocrx_word' id='word_1_239' title='bbox 1265 2707 1572 2748; x_wconf 88' lang='lat' dir='ltr'><strong>castimoniam</strong></span> 
     </span>
     <span class='ocr_line' id='line_1_33' title="bbox 112 2780 1573 2835; baseline -0.001 -14"><span class='ocrx_word' id='word_1_240' title='bbox 112 2783 271 2821; x_wconf 89' lang='lat' dir='ltr'><strong>mentis</strong></span> <span class='ocrx_word' id='word_1_241' title='bbox 309 2782 586 2834; x_wconf 88' lang='lat' dir='ltr'><strong>corporisque</strong></span> <span class='ocrx_word' id='word_1_242' title='bbox 617 2783 846 2835; x_wconf 82' lang='lat' dir='ltr'><strong>possimuS,</strong></span> <span class='ocrx_word' id='word_1_243' title='bbox 880 2783 1030 2835; x_wconf 88' lang='lat' dir='ltr'><strong>paucis</strong></span> <span class='ocrx_word' id='word_1_244' title='bbox 1063 2781 1351 2834; x_wconf 77' lang='lat' dir='ltr'><strong>explicemus.</strong></span> <span class='ocrx_word' id='word_1_245' title='bbox 1426 2780 1496 2820; x_wconf 87' lang='lat' dir='ltr'><strong>Ac</strong></span> <span class='ocrx_word' id='word_1_246' title='bbox 1538 2780 1573 2819; x_wconf 84' lang='lat' dir='ltr'><strong>si</strong></span> 
     </span>
    </p>
   </div>
   <div class='ocr_carea' id='block_1_5' title="bbox 691 2878 983 2919">
    <p class='ocr_par' dir='ltr' id='par_1_6' title="bbox 691 2878 983 2919">
     <span class='ocr_line' id='line_1_34' title="bbox 691 2878 983 2919; baseline 0 -8"><span class='ocrx_word' id='word_1_247' title='bbox 691 2878 703 2898; x_wconf 86' lang='lat'>1</span> <span class='ocrx_word' id='word_1_248' title='bbox 728 2880 812 2911; x_wconf 89' lang='lat' dir='ltr'><strong>Coll.</strong></span> <span class='ocrx_word' id='word_1_249' title='bbox 837 2888 883 2911; x_wconf 87' lang='lat'><strong>12.</strong></span> <span class='ocrx_word' id='word_1_250' title='bbox 907 2890 932 2911; x_wconf 90' lang='lat' dir='ltr'><strong>e.</strong></span> <span class='ocrx_word' id='word_1_251' title='bbox 953 2889 983 2919; x_wconf 90' lang='lat'><strong>4.</strong></span> 
     </span>
    </p>
   </div>
  </div>
 </body>
</html>
