1903 3197
272 165 294 194 2
304 164 362 208 32
591 149 672 195 De
703 150 892 195 ratione
925 150 1117 196 vivendi
1148 150 1408 198 Socz'etatz'S.

267 282 562 321 exercituum:
595 281 750 322 Ponite
775 283 906 323 corda
927 289 1072 323 vestra
1101 297 1230 336 super
1251 283 1343 322 vias
1364 289 1541 323 vestras.
1589 283 1747 325 Semi-⁷

266 355 403 395 nastis
445 355 645 405 multum,
677 362 720 396 et
762 357 969 398 intulistis
1009 371 1195 410 parum;
1248 357 1513 406 comedistis,
1556 363 1599 397 et
1641 371 1729 398 non

266 429 369 468 estis
392 429 536 469 satiati
555 442 564 479 ;
596 429 777 478 bibistis,
802 437 846 471 et
874 445 961 472 non
984 432 1087 472 estis
1110 430 1311 471 inebriati
1332 443 1340 478 ;
1374 431 1609 482 operuistis
1637 445 1727 480 vos,

265 509 308 543 et
340 516 427 543 non
462 503 564 543 estis
594 503 817 555 calefacti,
851 511 893 545 et
925 507 999 558 qui
1032 504 1255 545 mercedes
1288 505 1585 555 congregavit,
1610 505 1728 545 misit

266 590 339 617 cas
371 577 413 616 in
436 577 656 618 sacculum
689 578 979 630 pertusu1n.”1

354 650 548 703 Optimae
580 651 897 700 similitudines,
925 653 1083 704 quibus
1116 652 1309 691 declarat
1342 651 1562 691 Dominus
1594 664 1727 703 quam

264 724 415 764 inanes
444 726 529 765 sint
551 725 720 765 labores
750 727 896 773 nostri,
921 727 1001 765 nisi
1031 727 1086 765 ad
1120 727 1263 778 ipsum
1295 725 1547 764 referantur.
1614 724 1728 765 Con-

262 811 497 851 gregamus
526 799 854 839 benefactorum
882 799 1114 847 mercedes,
1135 799 1273 838 multo
1296 812 1414 850 saepe
1442 798 1619 847 labore3
1650 798 1727 838 sed

263 873 366 925 quia
388 873 430 911 in
453 872 584 912 finem
615 887 753 927 suu-m,
772 874 844 925 qui
876 873 997 912 Deus
1020 879 1096 921 est,
1120 886 1206 912 non
1230 872 1483 921 referuntur,
1511 872 1727 912 mittimus

263 959 336 986 eas
374 947 414 985 in
454 947 674 987 sacculum
716 953 953 999 pertusum,
990 947 1063 997 qui
1107 959 1180 985 eas
1217 946 1440 985 continere
1477 958 1565 984 non
1598 945 1724 985 valet.

264 1020 498 1073 Propterea
530 1021 595 1060 bis
618 1034 696 1060 nos
726 1034 802 1072 per
832 1019 947 1059 hunc
979 1018 1241 1071 prophetam
1275 1018 1476 1057 hortatur
1508 1018 1727 1058 Dominus

261 1094 416 1133 iisdem
450 1094 620 1133 verbis:
653 1093 844 1133 “Ponite
886 1093 1018 1132 corda
1052 1098 1196 1131 vestra
1237 1105 1367 1143 super
1401 1092 1494 1131 vias
1525 1091 1727 1140 vestras,’'

261 1173 310 1207 ut
347 1173 517 1208 nostras
559 1167 723 1207 scilicet
760 1166 1066 1219 expendamus
1102 1166 1309 1213 actiones,
1340 1170 1383 1204 et
1421 1164 1727 1204 examinemus

262 1241 413 1293 quales
445 1242 625 1281 tandem
658 1241 756 1286 sint,
780 1246 823 1280 et
850 1254 937 1292 quo
970 1245 1178 1291 spectent.
1264 1239 1323 1278 Et
1356 1252 1463 1278 mox
1499 1238 1728 1290 adjungit:

263 1317 283 1334 “
299 1315 578 1367 Respexistis
600 1314 656 1354 ad
679 1314 878 1367 amplius,
896 1319 939 1353 ct
957 1327 1056 1353 ecce
1080 1313 1243 1352 factum
1267 1318 1333 1352 est
1352 1311 1496 1351 minus
1515 1326 1523 1361 ;
1555 1316 1598 1351 et
1615 1311 1729 1351 intu-

261 1387 371 1427 listis
390 1389 431 1427 in
451 1388 644 1436 domum,
662 1393 705 1427 et
719 1386 947 1427 exsufflavi
971 1385 1112 1426 illud.”
1153 1385 1434 1437 Respicimus
1452 1384 1507 1423 ad
1525 1383 1725 1436 amplius,

262 1475 361 1501 cum
390 1461 591 1501 videmur
622 1462 665 1500 in
699 1460 857 1500 nostris
890 1459 1136 1499 actionibus
1174 1458 1359 1511 gloriam
1399 1457 1483 1497 Dei
1522 1470 1727 1509 quaerere,

261 1534 443 1587 ejusque
479 1535 657 1587 negotia
694 1547 851 1586 agere;
899 1534 976 1573 sed
1012 1546 1112 1572 vere
1153 1538 1308 1584 postea
1350 1531 1399 1570 fit
1438 1531 1592 1580 minus,
1625 1531 1729 1582 quia

262 1614 305 1647 et
327 1607 513 1660 gloriam
536 1614 731 1648 nostram
755 1607 990 1659 quaerimus
1014 1607 1056 1645 in
1079 1605 1286 1658 operibus
1311 1593 1407 1652 Dei,
1433 1609 1476 1643 et
1499 1604 1726 1655 negotium

261 1687 459 1721 nostrum
492 1681 673 1733 agimus.
739 1680 973 1720 Inferimus
1005 1679 1047 1718 in
1080 1679 1275 1726 domum,
1301 1677 1407 1717 dum
1439 1678 1536 1729 pios
1567 1690 1727 1729 genere

261 1767 341 1794 suo
370 1753 541 1794 labores
563 1754 836 1806 suscipimus,
862 1758 905 1793 et
926 1752 1168 1792 benefactis
1198 1751 1466 1799 insistimus;
1499 1750 1575 1790 sed
1609 1749 1728 1799 illud,

261 1827 379 1879 quod
407 1826 642 1875 inferImus,
666 1826 872 1866 exsufflat
895 1826 1126 1872 Dominus,
1144 1825 1247 1877 quia
1268 1824 1370 1863 sinit
1393 1823 1586 1862 favorem
1609 1837 1727 1863 aurae

259 1899 484 1953 popularis
506 1906 549 1940 et
572 1900 713 1940 inanis
735 1899 885 1951 gloriae
909 1898 1142 1938 exsufflare
1169 1911 1302 1951 opera
1334 1903 1493 1945 nostra,
1517 1902 1560 1936 et
1582 1896 1727 1936 subito

261 1974 409 2013 inania
438 1973 560 2013 reddi
591 1973 836 2025 meritoque
857 1971 1025 2012 vacua.2
1071 1971 1198 2011 Talia
1227 1975 1351 2011 erant
1374 1983 1506 2022 opera
1535 1969 1728 2022 episcopi

261 2046 492 2087 Sardensis
522 2047 727 2097 ecclesiae,
751 2060 850 2098 quae
883 2046 983 2086 licet
1004 2046 1103 2085 viva
1125 2045 1387 2094 viderentur,
1411 2045 1514 2096 quia
1546 2057 1603 2083 ex
1631 2056 1727 2083 sese

261 2120 379 2161 bona
413 2126 547 2168 erant,
582 2127 704 2160 erant
738 2126 888 2159 tamen
922 2119 1077 2166 inania,
1112 2118 1381 2169 minimeque
1412 2116 1544 2169 plena
1577 2130 1724 2157 coram

263 2194 373 2242 Deo,
397 2199 445 2233 ut
471 2194 531 2233 ait
560 2193 603 2232 in
632 2192 907 2245 Apocalypsi
934 2192 1153 2243 Joannes:
1187 2194 1207 2209 “
1224 2189 1359 2239 Scio,’'
1384 2191 1536 2242 inquit,
1557 2192 1726 2242 “opera

260 2271 349 2316 tua,
378 2267 480 2318 quia
512 2279 673 2305 nomen
704 2265 840 2305 habes
877 2265 996 2317 quod
1028 2265 1160 2313 vivas,
1185 2270 1227 2304 et
1260 2269 1458 2304 mortuus
1489 2277 1543 2303 es.
1613 2264 1725 2304 Esto

259 2339 444 2392 vigilans
467 2345 510 2379 et
532 2339 744 2380 confirma
772 2344 942 2387 caetera,
962 2352 1060 2391 quae
1085 2338 1294 2378 moritura
1317 2343 1439 2377 erant
1458 2352 1466 2387 ;
1496 2351 1583 2377 non
1606 2337 1722 2377 enim

258 2413 434 2452 invenio
466 2426 598 2465 opera
628 2418 703 2452 tua
736 2412 865 2465 plena
897 2426 1046 2452 coram
1081 2413 1179 2452 Deo
1213 2409 1371 2451 meo.”3
1434 2411 1522 2451 Ubi
1557 2410 1722 2460 Glossa,

259 2487 361 2535 scio,
388 2486 541 2538 inquit,
564 2486 682 2538 quod
716 2486 759 2525 in
791 2486 995 2526 omnibus
1027 2485 1232 2538 operibus
1263 2485 1350 2523 tuis
1381 2483 1539 2535 quaeris
1570 2483 1752 2523 huma-⁷

259 2571 362 2599 nam
396 2559 584 2599 laudem.
649 2559 761 2598 Haec
795 2564 942 2598 autem
978 2559 1024 2598 Β.
1048 2558 1230 2610 Joannis
1261 2557 1393 2596 verba
1428 2569 1588 2608 magno
1623 2569 1722 2596 cum

259 2633 417 2673 timore
454 2639 497 2672 et
533 2638 722 2672 tremore
758 2632 1032 2671 considerare
1074 2645 1153 2670 nos
1191 2631 1401 2670 admonet
1433 2629 1720 2681 Augustinus.

255 2706 357 2758 Jam
410 2706 589 2759 plenum
642 2711 685 2745 et
727 2705 856 2744 inane
898 2704 980 2743 sibi
1021 2705 1210 2745 vicissim
1263 2708 1573 2755 opponuntur;
1622 2715 1720 2741 cum

259 2793 363 2832 ergo
400 2779 530 2832 plena
567 2793 612 2819 se
649 2783 780 2831 neget
816 2776 997 2829 angelus
1034 2778 1252 2816 invenisse
1288 2776 1413 2823 illius,
1444 2788 1576 2827 quam
1616 2774 1750 2822 dixi„

514 2866 526 2885 ¹
552 2868 638 2908 Agg.
663 2875 689 2898 1.
835 2865 848 2883 ²
872 2866 959 2897 Vide
983 2865 1116 2896 Ribera.
1262 2863 1275 2882 3
1301 2865 1407 2905 Apoc.
1430 2871 1458 2903 3.
