1903 3197
414 176 493 221 De
526 172 821 235 Regionz'bus
844 172 1190 234 peragy‘andzk.
1481 184 1540 230 53

79 309 326 351 communis
377 308 605 348 hominum
655 305 927 346 adversarius
978 304 1078 343 huic
1125 310 1250 344 tanto
1297 303 1542 343 animarum

76 384 282 438 praesidio
325 397 369 423 se
411 394 633 434 opponere
676 379 911 419 consuevit.
988 376 1160 429 Quibus
1202 378 1457 429 singillatim
1496 384 1540 417 et

78 459 266 500 breviter
293 456 607 498 occurrendum
638 459 715 501 est,
740 467 793 493 ne
823 453 865 491 in
894 465 945 492 ea
968 452 1080 491 forte
1103 465 1182 490 nos
1204 465 1303 490 cum
1331 451 1539 503 quopiam

79 524 361 581 destinamur,
404 529 610 582 impellat.
694 527 764 567 Ac
806 527 994 579 torporis
1037 525 1216 577 quidem
1258 525 1365 564 vitio
1409 531 1541 576 atque

79 607 270 655 desidiae,
295 619 382 658 quo
404 605 526 658 piget
549 603 719 643 labores
750 601 954 641 itinerum
985 613 1084 640 cum
1108 599 1256 651 aliquo
1279 598 1542 638 valetudinis

80 680 360 721 incommodo
407 678 636 730 suscipere,
688 675 849 728 partim
903 673 1192 713 meditatione
1254 671 1353 711 finis
1418 672 1544 711 nobis

79 754 203 794 initio
237 752 462 805 propositi,
498 751 657 803 partim
693 748 1067 801 contemplatione
1103 745 1334 798 singularis
1368 745 1545 793 fructus,

79 827 153 880 qui
205 841 262 866 ex
313 826 379 865 his
431 824 775 878 profectionibus
822 823 864 862 in
913 821 1070 862 animis
1117 820 1205 860 fere
1253 819 1544 871 consequitur,

80 914 366 942 occurremus.
431 898 725 939 Meditatione
758 898 939 949 inquam
973 895 1109 935 nostri
1144 894 1272 942 finis,
1308 894 1410 945 quia
1447 906 1546 932 cum

80 975 178 1015 finis
222 974 455 1015 Societatis
497 973 563 1021 sit,
596 972 739 1024 majus
783 971 867 1010 Dei
909 970 1183 1021 obsequium,
1217 974 1260 1008 et
1302 969 1547 1007 animarum

82 1049 298 1090 auxilium
341 1054 550 1100 spectare,
586 1047 683 1098 quis
726 1059 812 1085 non
855 1058 1032 1084 omnem
1086 1044 1281 1083 laborem
1332 1043 1546 1089 itinerum,

85 1123 422 1174 molestiamque
455 1121 674 1172 suscipiat,
700 1119 833 1159 modo
868 1119 964 1165 Dei,
990 1123 1032 1157 et
1055 1118 1302 1157 animarum
1335 1116 1550 1156 charitate

84 1197 231 1249 aliqua
250 1201 452 1235 teneatur
469 1195 482 1234 ?
515 1194 658 1233 Amor
673 1193 802 1240 enim,
823 1198 870 1232 ut
890 1192 1126 1244 Gregorius
1144 1191 1216 1239 ait,
1238 1203 1466 1242 nunquam
1485 1195 1551 1229 est

84 1271 262 1319 otiosus,
298 1275 504 1321 operatur
540 1267 655 1307 enim
695 1279 867 1318 magna,
905 1266 939 1304 si
978 1271 1070 1313 est;
1102 1265 1166 1304 sin
1200 1270 1348 1304 autem
1383 1264 1550 1316 operari

85 1344 236 1392 renuit,
269 1356 393 1383 amor
430 1355 517 1381 non
555 1347 630 1380 est.
711 1339 958 1379 Praesertim
997 1345 1144 1378 autem
1184 1339 1217 1377 si
1261 1344 1364 1377 ante
1401 1337 1551 1377 oculos

87 1418 222 1458 Ducis
265 1416 402 1456 nostri
438 1420 633 1455 versetur
676 1413 946 1466 exemplum,
983 1413 1055 1464 qui
1102 1412 1197 1459 Dei,
1223 1417 1280 1451 ⁴et
1321 1411 1551 1451 hominum

85 1492 298 1533 charitate
332 1490 708 1542 flagrantissimus,
733 1501 832 1527 cum
868 1486 1073 1540 perfacile
1108 1491 1258 1538 posset
1294 1486 1464 1525 animas
1497 1485 1553 1524 ad

86 1579 132 1606 se
169 1565 399 1612 attrahere,
431 1570 479 1603 ut
512 1577 569 1603 ex
607 1564 926 1615 Chrysostomo
965 1561 1171 1608 diximus,
1203 1559 1358 1599 maluit
1392 1565 1554 1607 tamen,

87 1645 135 1680 ut
157 1644 388 1692 pereuntes
411 1638 658 1690 requireret,
683 1637 876 1687 diversas
901 1636 1098 1688 regiones
1122 1641 1164 1675 et
1187 1635 1284 1675 loca
1310 1647 1552 1687 peragrare.

90 1712 476 1766 Contemplatione
512 1725 615 1752 vero
658 1711 890 1763 singularis
933 1709 1108 1758 fructus,
1143 1709 1217 1761 qui
1261 1722 1318 1748 ex
1365 1709 1555 1761 peregri-

91 1787 246 1826 nandis
277 1787 406 1826 variis
436 1786 541 1825 locis
572 1785 781 1837 consequi
813 1784 936 1832 solet,
961 1783 1252 1823 excutiendus
1282 1788 1349 1822 est
1377 1788 1553 1835 torpor;

92 1862 195 1913 quia
236 1861 271 1900 si
325 1860 410 1900 Dei
457 1859 718 1899 beneficium
761 1858 1077 1910 cognoscimus,
1122 1857 1165 1896 id
1209 1856 1264 1896 de
1306 1862 1555 1896 nostrorum

92 1933 376 1974 Missionibus
423 1931 706 1972 inficiandum
749 1945 836 1971 non
884 1937 961 1980 est,
1004 1930 1102 1983 plus
1150 1944 1207 1969 ex
1249 1930 1301 1968 iis
1344 1929 1399 1969 ad
1446 1929 1556 1969 alios

91 2008 291 2048 utilitatis
314 2007 463 2056 redire,
481 2020 614 2059 quam
638 2020 695 2046 ex
719 2006 949 2046 ordinariis
973 2004 1233 2056 usitatisque
1258 2002 1555 2043 Parochorum

91 2083 315 2136 praesidiis.
376 2081 579 2134 Quatuor
605 2087 752 2121 autem
786 2080 1006 2133 praecipue
1028 2079 1168 2127 rebus
1193 2091 1292 2130 quae
1314 2077 1558 2130 Apostolo—

91 2170 186 2197 rum
209 2156 397 2209 propriae
421 2156 606 2205 fuerunt,
631 2161 880 2195 nostrorum
901 2153 1134 2193 Missiones
1156 2158 1248 2192 tam
1272 2151 1490 2205 frugiferae
1513 2158 1557 2192 et

93 2231 303 2272 salutares
335 2236 463 2270 sunt:
497 2229 799 2282 Despicientia
830 2241 973 2268 rerum
996 2227 1320 2276 humanarum;
1352 2225 1559 2278 Benigni-

90 2311 182 2346 tate
204 2319 255 2346 ac
285 2305 650 2353 mansuetudine;
685 2303 844 2344 Studio
877 2302 1053 2342 delendi
1084 2300 1426 2353 remittendique
1457 2313 1558 2353 pec-

91 2386 217 2430 cata3
245 2386 288 2419 et
311 2379 445 2419 divini
461 2378 598 2419 Verbi
627 2377 1019 2418 administratione.
1070 2382 1123 2424 10,
1141 2376 1291 2416 Nostri
1315 2375 1431 2415 enim
1458 2388 1558 2414 cum

93 2460 305 2495 conentur
336 2452 590 2493 hominibus
625 2451 833 2504 exemplo
866 2464 960 2490 esse
994 2450 1227 2502 probitatis
1261 2456 1304 2489 et
1331 2449 1558 2489 continen-

93 2528 177 2575 tiae,
197 2527 527 2580 cupiditateque
549 2526 669 2566 omni
692 2525 957 2573 circumcisa,
983 2523 1089 2563 nihil
1120 2537 1199 2576 pro
1222 2523 1309 2563 suis
1336 2522 1560 2563 laboribus

96 2614 183 2640 non
213 2601 346 2641 modo
374 2606 541 2654 petant,
565 2600 642 2640 sed
671 2612 726 2639 ne
755 2599 974 2651 accipiant
996 2597 1175 2650 quidem
1206 2596 1320 2637 ultro
1346 2595 1558 2643 oblatum,

93 2675 290 2715 omnium
315 2675 485 2715 animos
506 2674 562 2714 ad
586 2687 631 2714 se
654 2673 830 2726 rapiunt
849 2687 856 2713 :
884 2685 1027 2725 neque
1046 2671 1162 2712 enim
1179 2670 1306 2711 facile
1329 2669 1558 2715 invenitur,

95 2749 170 2801 qui
197 2748 440 2801 desperatis
469 2746 780 2789 emolumentis
810 2752 853 2787 et
876 2745 1121 2786 commodis
1151 2757 1285 2784 unam
1315 2743 1560 2783 animarum

97 2822 285 2863 salutem
328 2827 506 2874 quaerat.
589 2820 884 2861 Admirantur
925 2819 1090 2872 quippe
1131 2817 1343 2865 homines,
1381 2821 1429 2855 ut
1470 2827 1562 2854 rem

100 2909 272 2945 novam,
302 2900 474 2935 tantam
509 2894 838 2944 abstinentiam,
865 2899 909 2934 et
941 2905 1149 2945 magnam
1183 2889 1408 2942 quandam
1441 2887 1565 2942 opin-
