1903 3197
299 166 397 224 458
630 167 710 213 De
742 168 931 214 ratione
963 169 1157 217 vivendi
1189 171 1449 220 Socz'etatzlc.

297 309 408 337 mox
438 297 665 347 deservire,
700 305 744 339 et
775 299 979 341 dominus
1011 301 1176 343 famulo
1208 303 1419 353 famulari,
1444 310 1492 345 ut
1520 319 1577 345 ex
1608 307 1763 347 eodem

299 369 465 411 Basilio
487 385 618 424 supra
640 372 847 413 diximus.

385 444 509 484 Bona
543 451 704 495 autem,
738 460 837 499 quae
871 449 1107 501 respiciunt
1143 450 1382 502 proximos,
1418 457 1466 491 ut
1502 453 1760 501 concionari,

296 515 591 559 confessiones
657 520 967 572 poenitentium
1035 523 1196 572 audire,
1264 524 1440 575 aegrotis
1506 526 1764 576 ministrare,

282 603 514 631 >carcerem
557 593 752 642 invisere,
791 600 835 634 et
871 595 915 634 id
962 609 1100 648 genus
1137 596 1222 637 alia
1269 603 1491 647 sexcenta,
1534 600 1632 651 quis
1674 613 1762 640 non

294 664 444 705 videat
486 666 626 706 multo
677 681 771 707 esse
817 669 937 708 omni
987 671 1180 722 corporis
1228 672 1518 724 castigatione
1566 673 1763 725 majora?

294 738 362 780 At
397 740 493 780 haec
525 741 674 793 jacent
711 743 870 792 omnia,
905 742 941 782 si
977 744 1209 796 castigatio
1244 747 1437 798 corporis
1471 747 1763 788 immoderata

294 813 361 854 sit.
440 814 548 854 Ideo
588 815 631 856 S.
657 816 868 868 Ignatius,
901 822 949 855 ut
992 817 1036 856 in
1079 816 1161 857 hac
1200 818 1576 861 Constitutionum
1625 828 1761 874 parte,

294 887 356 927 sic
407 887 451 926 in
503 894 631 927 sexta
682 889 854 928 disertis
904 889 1048 929 verbis
1099 904 1179 930 nos
1230 892 1450 943 admonet,
1497 907 1551 934 ne
1603 896 1763 935 nimius

293 958 548 1012 hujusmodi
584 974 728 1000 rerum
776 975 890 1010 usus,
937 961 1022 1003 hoc
1069 969 1145 1013 est,
1190 963 1468 1016 jejuniorum,
1504 968 1762 1020 vigiliarum,

294 1039 339 1074 et
372 1039 630 1074 caeterarum
671 1033 801 1087 hujus
844 1037 1017 1088 generis
1060 1038 1349 1090 asperitatum
1390 1045 1620 1093 tantopere
1654 1044 1765 1083 vires

295 1108 489 1159 corporis
526 1107 738 1158 debilitet,
776 1115 1041 1162 tantumque
1077 1112 1286 1164 temporis
1333 1126 1413 1153 nos
1459 1114 1678 1164 distineat,
1716 1122 1765 1157 ut

294 1180 456 1221 deinde
516 1182 731 1234 spirituali
789 1183 1093 1235 proximorum
1148 1186 1326 1235 auxilio,
1369 1186 1501 1239 juxta
1569 1189 1764 1230 Instituti

292 1255 430 1295 nostri
498 1255 725 1304 rationem,
784 1269 872 1296 non
935 1256 1183 1298 sufficiant.1
1268 1259 1512 1302 Confirmat
1563 1262 1668 1312 haec,
1722 1269 1766 1303 et

292 1330 518 1382 superiora
569 1343 670 1381 quae
721 1329 928 1380 diximus,
983 1331 1030 1371 B.
1082 1332 1330 1373 Bernardus
1390 1336 1446 1375 ad
1506 1336 1658 1377 fratres
1710 1338 1765 1378 de

296 1401 452 1442 Monte
488 1402 603 1453 Dei;
648 1404 721 1455 qui
759 1417 859 1443 cum
894 1404 949 1444 de
981 1405 1150 1456 vigiliis,
1182 1406 1371 1458 jejuniis,
1401 1408 1585 1462 aliisque
1616 1410 1764 1462 hujus-

294 1475 416 1515 modi
452 1476 713 1528 loqueretur,
747 1477 809 1516 ita
844 1477 1047 1528 subjicit:
1095 1478 1248 1531 “Quae
1284 1481 1320 1520 si
1355 1495 1412 1521 ex
1446 1483 1765 1524 indiscretionis

293 1548 402 1588 vitio
436 1550 497 1589 sic
534 1556 732 1602 agantur,
768 1555 815 1589 ut
848 1550 917 1590 vel
954 1550 1184 1592 deficiente
1221 1554 1386 1606 spiritu,
1421 1556 1491 1595 vel
1528 1555 1765 1609 languente

295 1635 477 1675 corpore
524 1623 737 1675 spiritalia
779 1624 1083 1676 impediantur,
1129 1627 1204 1678 qui
1247 1629 1309 1667 sic
1353 1635 1431 1678 est,
1474 1632 1643 1683 corpori
1685 1645 1764 1671 suo

293 1695 394 1735 tulit
445 1695 547 1735 boni
599 1697 743 1748 operis
795 1697 1012 1747 effectum,
1064 1699 1235 1751 spiritui
1288 1700 1507 1752 affectum,
1559 1704 1765 1756 proximo

295 1770 566 1822 exemplum,
619 1770 718 1809 Deo
781 1770 1024 1822 honorem;
1096 1772 1331 1825 sacrilegus
1383 1782 1459 1825 est,
1503 1783 1548 1817 et
1609 1777 1764 1818 horum

296 1843 494 1883 omnium
538 1844 582 1882 in
635 1843 782 1884 Deum
826 1844 958 1885 reus.’'
1023 1845 1108 1885 His
1159 1847 1292 1899 igitur
1342 1849 1468 1889 malis
1519 1857 1568 1891 ut
1618 1865 1766 1892 occur-

294 1930 455 1966 ramus,
499 1918 655 1957 eadem
708 1918 834 1958 nobis
880 1919 1127 1972 castigandi
1169 1922 1279 1962 ratio
1330 1924 1522 1976 corporis
1573 1925 1766 1966 ineunda

296 1996 374 2042 est,
417 2004 552 2044 quam
594 1992 798 2032 servabat
839 1991 1097 2045 Apostolus,
1139 2008 1238 2034 cum
1287 1995 1488 2037 dicebat:
1542 1998 1763 2052 “Castigo

296 2078 453 2118 corpus
506 2079 666 2115 meum,
706 2072 750 2106 et
801 2066 845 2106 in
897 2068 1151 2107 servitutem
1205 2068 1391 2121 redigo.''
1453 2071 1521 2111 Ea
1560 2072 1764 2113 videlicet

293 2138 503 2191 Apostoli
556 2140 600 2178 in
652 2140 910 2192 castigando
961 2155 1143 2193 corpore
1189 2143 1299 2183 ratio
1341 2150 1444 2192 erat,
1488 2149 1536 2184 ut
1579 2145 1765 2185 Basilius

294 2211 510 2261 observat,
535 2219 584 2252 ut
616 2212 722 2252 illud
755 2214 951 2253 servituti
985 2214 1230 2266 subjiceret,
1264 2222 1308 2256 et
1342 2216 1537 2257 Domino
1569 2218 1764 2271 obsequi,

293 2283 377 2324 hoc
419 2291 495 2334 est,
534 2286 682 2326 animo
719 2299 799 2325 suo
836 2286 1013 2326 obedire
1049 2287 1342 2340 compelleret.
1406 2289 1508 2330 “At
1539 2304 1655 2339 vero,
1689 2292 1761 2344 qui

295 2357 506 2406 servum,”
558 2359 744 2399 Basilius
786 2360 936 2411 inquit,
983 2361 1083 2400 “ita
1134 2375 1213 2413 per
1259 2363 1451 2402 inediam
1492 2364 1679 2416 subjicit,
1716 2370 1765 2405 ut

293 2444 381 2471 non
424 2431 567 2471 solum
609 2432 665 2472 ad
718 2433 1008 2472 ministerium
1052 2434 1233 2474 Domini
1274 2434 1352 2475 fiat
1393 2436 1568 2485 inutilis,
1610 2451 1761 2477 verum

294 2517 375 2544 nec
412 2506 493 2545 sibi
537 2506 618 2558 ipsi
661 2507 857 2546 sufficere
893 2508 1043 2560 possit,
1080 2508 1185 2560 quid
1220 2509 1339 2549 aliud
1374 2523 1507 2562 quam
1549 2512 1660 2551 servi
1697 2512 1763 2551 sui

286 2592 339 2619 >se
391 2579 605 2619 famulum
658 2579 828 2620 facit?”
920 2581 1112 2621 Necesse
1163 2588 1230 2622 est
1275 2584 1403 2632 enim,
1442 2598 1623 2638 corpore
1669 2584 1762 2637 jam

293 2651 486 2693 invalido
524 2653 580 2693 ad
623 2654 901 2693 serviendum
943 2667 994 2694 ac
1035 2669 1112 2707 per
1158 2655 1459 2697 infirmitatem
1496 2658 1761 2706 tabescente,

291 2732 446 2766 contra
488 2726 548 2766 illi
591 2728 748 2767 servire
790 2728 1032 2778 dominum,
1068 2729 1173 2768 dum
1215 2743 1390 2783 semper
1429 2733 1542 2771 circa
1584 2731 1762 2770 infirmi-

289 2799 393 2840 tatis
441 2800 533 2853 ejus
580 2814 729 2841 curam
767 2807 962 2841 versetur
999 2803 1242 2853 attonitus;
1290 2817 1370 2844 nec
1411 2803 1504 2856 jam
1551 2805 1763 2844 exercita-

864 2888 1172 2932 1P.6.c.3.§1.
