1903 3197
227 170 322 214 300
543 154 621 200 De
655 153 845 199 ratione
880 153 1072 200 vivendi
1106 154 1366 201 Soce'etatz's.

225 285 457 333 exstincta,
489 299 723 339 suppressa
753 299 840 326 non
873 293 1056 327 mortua.
1119 286 1315 338 Ideoque
1347 286 1592 339 abjicienda
1625 294 1690 329 est

224 360 321 399 haec
363 360 555 412 superati
587 360 680 399 vitii
716 361 877 412 opinio,
907 367 1119 412 tanquam
1158 361 1293 400 noxia
1330 366 1373 401 et
1410 361 1689 414 negligentiae

226 446 395 485 parens,
462 439 516 483 30.
553 433 685 473 Nasci
723 439 870 486 potest
907 448 964 474 ex
994 439 1251 486 contemptu
1289 434 1569 474 minimarum
1604 436 1692 475 cul-

226 519 395 558 parum,
449 519 548 545 cum
591 507 688 558 quis
737 507 853 546 enim
906 507 1075 547 minora
1127 507 1310 559 negligit
1351 508 1393 547 in
1436 508 1594 560 quibus
1646 522 1692 548 se

228 578 464 631 deliquisse
511 593 598 620 non
651 580 833 632 ignorat,
871 595 1016 634 operae
1062 582 1252 634 pretium
1295 595 1382 621 non
1429 587 1557 634 putat
1598 595 1693 622 esse

228 653 272 693 in
295 667 340 693 se
363 654 458 707 ipso
481 654 715 694 scrutando
738 654 921 694 nimium
946 655 1159 695 insudare.
1209 655 1505 708 Exploratum
1529 656 1692 709 quippe

229 727 311 768 sibi
344 741 437 767 esse
470 727 704 780 persuadet
733 741 779 767 56
807 728 1008 780 graviora
1038 729 1304 781 quandoque
1334 743 1422 769 non
1451 729 1692 779 admisisse,

229 805 278 841 ut
308 801 365 840 ad
398 814 448 840 ea
479 801 818 853 pervestiganda
850 815 899 841 ac
932 801 1134 842 deflenda
1167 803 1354 842 multum
1393 803 1449 843 sit
1482 803 1692 856 temporis

225 873 541 928 adhibendum.
607 874 821 913 Percurrit
858 874 990 926 igitur
1029 875 1223 915 actiones
1262 889 1362 916 suas
1399 877 1690 928 quotidianas,

227 946 347 987 nulla
394 946 596 986 adhibita
637 960 749 995 cura,
792 946 912 986 nulla
953 948 1197 987 attentione
1237 949 1383 996 animi,
1427 949 1614 1002 ideoque
1655 951 1691 990 si

226 1019 337 1072 quid
372 1019 514 1059 minus
552 1020 663 1059 bene
699 1024 873 1071 gestum
912 1025 989 1069 est,
1022 1021 1116 1060 sine
1153 1021 1370 1061 medicina
1411 1035 1461 1062 ac
1499 1024 1692 1063 remedio

226 1106 347 1133 caeca
369 1099 517 1132 mente
545 1093 790 1145 pertransit.
853 1092 1064 1146 Quisquis
1088 1099 1235 1134 autem
1254 1095 1353 1135 talis
1376 1101 1442 1136 est
1463 1101 1511 1136 ut
1533 1095 1695 1137 leviora

229 1171 497 1214 contemnat,
523 1167 557 1206 is
580 1166 741 1206 sensim
763 1167 819 1207 ad
849 1168 1091 1220 perfectam
1115 1169 1495 1210 insensibilitatem
1519 1170 1694 1219 decidit,

228 1245 279 1280 ut
320 1240 381 1280 ait
425 1239 467 1280 S.
503 1240 781 1281 Dorotheus:
829 1242 925 1281 “Et
966 1255 1018 1282 eo
1056 1244 1273 1283 examinis
1316 1244 1552 1285 commodo
1590 1245 1695 1297 (quo

230 1313 428 1367 diximus
450 1314 711 1354 teneriorem
735 1314 845 1354 effici
869 1315 1199 1367 conscientiam)
1223 1317 1403 1357 omnino
1426 1331 1471 1357 se
1493 1316 1696 1370 privat.''1

231 1387 331 1426 Imo
364 1392 555 1427 meretur
588 1394 635 1427 ut
667 1400 767 1427 eum
797 1388 913 1428 sinat
944 1388 1067 1428 Deus
1100 1389 1142 1428 in
1176 1403 1227 1429 ea
1256 1390 1342 1430 labi
1375 1397 1565 1443 peccata,
1596 1404 1696 1443 quae

229 1459 323 1500 sola
346 1461 539 1500 aestimat
562 1466 605 1499 et
626 1460 777 1512 gravia
798 1461 915 1510 dicit,
934 1467 982 1500 ut
1003 1461 1165 1502 habeat
1187 1464 1368 1503 tandem
1391 1465 1510 1516 quod
1534 1464 1696 1517 lugeat,

320 1532 537 1585 Quartum
561 1538 709 1585 potest
731 1546 825 1573 esse
846 1533 1001 1573 vitium
1025 1536 1068 1574 in
1098 1542 1256 1587 quarto
1279 1542 1322 1576 et
1348 1537 1503 1588 quinto
1525 1538 1697 1589 capite;

233 1605 336 1658 quia
363 1606 520 1646 iterum
554 1606 746 1658 lugenda
775 1606 1094 1646 committimus
1121 1608 1240 1647 nullo
1266 1609 1455 1661 negotio,
1489 1609 1697 1662 nullaque

231 1679 366 1718 animi
391 1679 602 1729 custodia,
627 1685 671 1718 et
693 1679 734 1718 in
767 1680 921 1719 eadem
951 1693 1069 1732 saepe
1098 1680 1343 1720 relabimur.
1408 1681 1698 1723 Decernimus

233 1753 432 1805 quotidie
469 1753 628 1805 aliqua,
662 1766 760 1793 cum
799 1766 878 1793 nos
915 1754 997 1806 ipsi
1040 1753 1285 1803 lustramus,
1321 1755 1479 1794 nostris
1516 1756 1697 1808 quidem

232 1827 390 1866 animis
441 1826 660 1874 salutaria,
703 1827 779 1866 sed
822 1832 978 1879 postea
1028 1826 1153 1867 facile
1199 1827 1375 1867 decreta
1416 1828 1496 1880 ipsi
1550 1834 1699 1869 nostra

234 1899 476 1951 frangimus
509 1913 559 1940 ac
591 1899 818 1948 violamus,
841 1900 1029 1952 ideoque
1061 1914 1286 1953 nunquam
1319 1900 1520 1941 meliores
1552 1901 1699 1942 evadi-

234 1985 342 2013 mus.
398 1977 417 1992 “
435 1973 735 2025 Plerumque,⁷'
761 1972 997 2026 Gregorius
1023 1974 1175 2026 inquit,
1192 1975 1362 2014 “vitam
1390 1981 1586 2015 nostram
1615 1975 1699 2028 ipsi

234 2045 605 2098 reprehendimus,
643 2046 719 2085 sed
757 2052 906 2086 tamen
948 2046 1133 2087 libenter
1169 2047 1341 2099 agimus
1379 2047 1461 2088 hoc
1498 2049 1616 2100 quod
1653 2048 1698 2087 in

233 2119 361 2160 nobis
391 2125 507 2160 recte
538 2120 833 2172 reprobamus.
895 2119 970 2160 Ad
998 2120 1215 2172 justitiam
1246 2134 1325 2160 nos
1354 2121 1531 2173 spiritus
1561 2121 1699 2173 erigit,

232 2192 290 2232 ad
320 2193 685 2232 consuetudinem
708 2206 808 2232 caro
837 2194 1069 2245 restringit.
1131 2193 1289 2233 Amori
1321 2207 1401 2233 suo
1433 2207 1556 2234 mens
1588 2195 1699 2234 reni-

231 2265 349 2313 titur,
385 2266 460 2305 sed
502 2266 703 2317 protinus
741 2265 959 2305 delectata
999 2265 1304 2318 captivatur.”2
1364 2266 1478 2319 Quae
1520 2268 1700 2319 quidem

234 2338 510 2378 imbecillitas
543 2353 600 2378 ex
632 2338 771 2378 tribus
803 2339 943 2378 causis
974 2338 1111 2379 ferme
1142 2341 1286 2380 oritur.
1340 2340 1496 2389 Primo,
1520 2341 1622 2392 quia
1655 2342 1698 2380 in

234 2411 504 2451 discussione
526 2417 738 2452 consueta
760 2417 908 2451 nostra
931 2425 1211 2464 nequaquam
1234 2413 1350 2462 satiS,
1366 2419 1442 2452 aut
1458 2426 1515 2452 ex
1539 2413 1699 2463 animo,

235 2485 350 2524 male
381 2491 507 2537 gesta
538 2485 806 2534 deflevimus,
837 2498 980 2537 neque
1012 2471 1167 2526 acriter
1202 2487 1319 2539 apud
1351 2500 1430 2526 nos
1466 2487 1701 2527 statuimus

234 2571 287 2599 ea
317 2559 531 2611 castigare
567 2564 701 2610 atque
739 2559 980 2611 corrigere;
1028 2560 1175 2611 qualia
1211 2566 1359 2600 autem
1398 2565 1546 2600 nostra
1583 2559 1702 2600 fuere

218 2631 411 2672 'decreta
440 2632 661 2684 animique
691 2633 929 2684 proposita,
954 2632 1065 2672 tales
1091 2638 1135 2672 et
1162 2647 1224 2672 eae
1247 2647 1346 2685 quae
1376 2638 1703 2685 consequuntur

235 2705 438 2745 actiones.
490 2706 548 2745 Et
570 2710 722 2745 contra
745 2704 828 2744 hoc
850 2705 1017 2745 dicitur.
1064 2705 1181 2759 “Qui
1210 2706 1459 2758 baptizatur
1480 2720 1506 2746 a
1528 2711 1702 2746 mortuo

236 2783 280 2819 et
301 2778 458 2819 iterum
481 2779 624 2831 tangit
646 2791 758 2827 eum,
783 2778 888 2830 quid
914 2778 1088 2831 proficit
1110 2779 1272 2819 lavatio
1295 2779 1418 2820 illius.
1473 2779 1547 2821 Sic
1567 2779 1702 2820 horno

510 2865 521 2884 ³
548 2868 617 2900 Ser.
639 2874 669 2907 3.
690 2868 731 2898 de
755 2867 895 2899 Consue.
1056 2866 1068 2885 ²
1093 2867 1213 2900 Moral.
1234 2867 1255 2900 1.
1275 2876 1305 2908 9.
1327 2878 1353 2902 6.
1375 2868 1427 2901 62.
