1903 3197
317 183 411 227 208
639 182 718 227 De
751 182 941 228 ratione
974 175 1167 229 vivendi
1200 183 1460 229 Socz'elcztl's.

314 314 581 354 abstinentia
615 314 726 354 inter
759 328 845 363 eos,
876 329 976 355 cum
1007 316 1166 368 quibus
1200 316 1398 356 habitare
1433 315 1596 356 debent
1627 329 1779 356 omnes

313 389 439 428 unius
474 388 605 428 moris
639 388 681 427 in
711 389 854 429 domo.

398 463 497 514 Jam
551 462 644 502 haec
690 464 984 503 tentationum
1039 478 1211 516 genera,
1256 470 1299 503 et
1350 464 1416 503 his
1470 464 1637 513 similia,
1681 478 1777 516 quae

313 537 392 575 sub
426 537 569 589 specie
599 537 701 576 boni
733 550 779 576 se
812 538 1024 590 ingerunt,
1049 543 1092 577 et
1121 537 1231 577 falso
1264 537 1381 577 bono
1411 537 1708 590 supplantant,
1732 545 1780 577 ut

311 609 428 649 idem
461 610 708 650 Bernardus
742 611 814 657 ait,
846 624 1037 662 quonam
1069 612 1249 651 tandem
1281 610 1613 651 revocabimus?
1677 611 1778 650 Non

301 685 438 731 enim,
484 689 530 723 ut
572 684 778 731 diximus,
822 684 1025 724 videntur
1066 685 1121 724 ad
1169 698 1303 724 unum
1347 698 1405 724 cx
1458 684 1507 723 iis
1560 684 1778 737 capitibus

308 758 513 796 revocari.
580 757 693 797 Item
725 758 991 797 tentationes
1021 759 1355 810 deprecationis,
1380 764 1455 797 aut
1477 758 1677 806 tristitiae‚
1702 764 1778 798 aut

311 830 610 883 impatientiae,
650 838 725 871 aut
763 832 1080 880 inconstantiae,
1115 845 1200 872 non
1239 839 1423 885 apparet
1460 847 1548 885 quo
1586 833 1777 872 revocari

302 905 488 958 possint.
552 905 871 945 Verumtamen
901 920 963 945 eae
995 920 1182 958 quoque,
1206 920 1314 958 quas
1346 907 1594 946 Bernardus
1617 907 1778 960 attigit,

302 979 365 1018 »ad
391 992 525 1018 unum
550 992 607 1018 ex
638 979 720 1018 illis
744 979 882 1018 tribus
912 980 1101 1020 revocari
1132 987 1327 1032 possunt,
1350 980 1515 1020 scilicet
1544 981 1599 1020 ad
1631 994 1779 1033 super-

308 1053 441 1093 biam.
507 1053 623 1092 Nam
648 1053 720 1105 qui
746 1067 790 1092 se
813 1053 1051 1101 existimat,
1077 1054 1331 1106 priusquam
1365 1054 1584 1106 perfectus
1607 1055 1778 1102 evadat,

309 1140 439 1180 posse
460 1127 528 1166 vel
559 1127 646 1166 suis
667 1127 850 1167 visendo
883 1141 933 1167 ac
964 1127 1248 1176 cohortando,
1272 1128 1339 1168 vel
1373 1128 1588 1181 proximis
1620 1129 1778 1181 praedi-

299 1201 461 1249 -cando,
501 1201 718 1254 prodesse,
758 1201 935 1241 humilis
969 1202 1148 1242 omnino
1192 1215 1278 1242 non
1322 1209 1396 1242 cst.
1463 1203 1665 1255 Itemque
1702 1204 1776 1256 qui

303 1274 419 1315 tanti
442 1289 488 1314 se
511 1275 624 1323 facit,
651 1282 698 1315 ut
720 1276 879 1328 degere
910 1276 951 1315 in
975 1276 1210 1316 solitudine
1239 1276 1332 1316 sine
1358 1277 1551 1329 periculo
1578 1291 1625 1317 se
1646 1291 1775 1330 posse

309 1348 514 1398 confidat,
548 1362 601 1389 ne
635 1350 668 1388 is
702 1349 880 1401 quidem
911 1363 1013 1389 vero
1045 1349 1293 1389 humilitate
1325 1351 1536 1402 praeditus
1569 1357 1644 1391 est.
1707 1351 1778 1391 Ac

309 1436 364 1462 ne
394 1423 428 1462 is
458 1423 649 1474 quidem,
683 1423 756 1475 qui
792 1424 834 1462 in
864 1425 1087 1463 communi
1119 1429 1377 1464 caeterorum
1410 1424 1510 1473 vita,
1546 1424 1778 1477 singularis

308 1497 350 1536 in
371 1496 560 1548 jejuniis,
583 1496 753 1549 vigiliis,
778 1498 1036 1550 caeterisque
1062 1497 1315 1550 hujusmodi
1347 1498 1655 1551 asperitatibus
1686 1512 1779 1539 esse

307 1570 410 1611 vult.
506 1570 671 1611 Contra
727 1586 825 1624 quae
888 1573 1037 1612 onmia
1095 1573 1389 1613 tentationum
1453 1587 1624 1626 genera,
1678 1587 1777 1626 quae

301 1645 487 1698 ”quidem
526 1646 697 1685 virtutis
739 1647 883 1699 specie
926 1647 1167 1687 moliuntur
1209 1647 1406 1700 irrepere,
1451 1648 1626 1688 unicum
1668 1662 1780 1701 prac-

308 1720 468 1760 sidium
499 1726 565 1759 est
597 1727 760 1760 sanctae
793 1721 1057 1760 obedientia:
1090 1721 1325 1770 humilitas,
1351 1735 1438 1773 qua
1470 1722 1566 1774 quis
1599 1736 1775 1763 suorum

310 1793 650 1846 Praepositorum
681 1794 872 1833 consiliis
903 1795 1169 1846 acquiescit;
1208 1809 1288 1835 nec
1320 1796 1425 1848 ipsis
1458 1795 1776 1836 inconsultibus

304 1880 358 1907 ac
386 1867 745 1907 dissuadentibus
776 1874 917 1907 tentat
950 1868 1017 1908 vel
1051 1869 1106 1908 ad
1141 1869 1406 1909 domesticos
1439 1883 1590 1909 eorum
1623 1870 1777 1910 salutis

302 1954 440 1981 causa
474 1955 519 1980 se
557 1941 762 1990 conferre,
800 1941 867 1981 vel
905 1943 1174 1995 praedicandi
1214 1956 1372 1983 munus
1409 1943 1490 1984 sibi
1528 1957 1777 1994 assumere3

309 2028 388 2055 nec
431 2015 610 2068 majoris
661 2016 908 2056 sanctitatis
949 2017 1091 2069 gratia
1133 2017 1416 2057 solitudinem
1469 2024 1644 2071 petere;
1697 2032 1776 2059 nec

304 2090 498 2142 denique
536 2095 663 2130 extra
699 2090 945 2130 communis
986 2090 1088 2130 vitae
1130 2091 1492 2131 consuetudinem
1534 2092 1775 2145 singulares

307 2163 598 2203 abstinentias
620 2163 879 2215 vigiliasque
909 2164 1138 2216 suscipere.
1206 2164 1447 2204 Humilitas
1470 2165 1659 2218 denique
1681 2165 1774 2206 sola

306 2242 385 2285 est,
423 2250 555 2289 quam
595 2237 813 2276 simulatae
845 2237 1017 2277 virtutis
1050 2238 1182 2278 facies
1219 2244 1295 2278 aut
1325 2238 1531 2279 honestas
1562 2241 1774 2281 ementita

308 2323 395 2350 non
418 2311 590 2363 decipit.
651 2311 938 2351 Tentationes
961 2312 1093 2351 etiam
1117 2312 1446 2365 desperationis
1471 2319 1547 2354 aut
1569 2314 1769 2362 tristitiae,

305 2390 382 2424 aut
420 2384 665 2433 iracundiae,
702 2391 745 2424 et
787 2385 829 2424 id
871 2399 1009 2438 genus
1046 2386 1143 2426 aliae
1181 2386 1238 2426 ad
1277 2387 1431 2426 eadem
1469 2388 1615 2440 capita
1652 2402 1773 2428 revo-

307 2464 487 2509 cantur3
521 2459 624 2511 quia
655 2458 821 2511 aliquid
856 2459 901 2509 is,
925 2460 998 2512 qui
1029 2461 1228 2500 tristatur
1257 2467 1334 2501 aut
1367 2461 1573 2511 irascitur,
1597 2462 1772 2514 patitur,

306 2533 424 2585 quod
467 2532 534 2572 vel
577 2533 770 2582 corporis
810 2532 1026 2586 voluptati
1071 2540 1146 2574 aut
1188 2534 1335 2586 quieti,
1378 2535 1446 2575 vel
1498 2535 1769 2576 fortunarum

306 2605 564 2655 commodis,
601 2605 669 2645 vel
712 2606 888 2646 honoris
930 2607 1151 2660 splendori
1194 2608 1460 2648 contrarium
1498 2614 1574 2650 est.
1638 2609 1772 2662 Quod

306 2680 340 2720 si
363 2680 460 2732 quis
491 2693 569 2732 per
591 2686 743 2720 votum
774 2682 988 2721 castitatis
1020 2683 1259 2722 assueverit
1283 2683 1480 2723 membra
1511 2697 1590 2724 sua
1622 2684 1772 2724 morti-

305 2752 435 2793 ficare
457 2767 556 2806 quae
585 2759 687 2794 sunt
722 2768 852 2807 super
880 2760 1052 2805 terram,
1083 2761 1126 2795 et
1162 2769 1240 2809 per
1272 2757 1466 2796 studium
1498 2757 1771 2810 paupertatis

296 2825 415 2867 ¹ferre
437 2827 637 2868 alacriter
665 2828 947 2869 incommoda
979 2830 1138 2878 omnia,
1163 2836 1206 2870 et
1234 2843 1312 2883 per
1333 2830 1596 2871 obedientiae
1627 2830 1770 2870 humi-

305 2899 474 2942 litatem
499 2908 778 2943 contemnere
801 2903 988 2944 honores
1011 2910 1054 2944 et
1077 2904 1450 2945 existimationem
1472 2920 1481 2956 3
1515 2905 1549 2946 is
1570 2904 1769 2959 profecto
