1903 3197
279 212 340 259 74
734 200 813 246 De
848 200 1098 247 societatis
1133 201 1270 248 Fine.

276 332 442 372 tatibus
470 333 567 373 suis.
632 333 808 373 Deinde
838 334 1146 374 mortificanda
1177 334 1376 374 membra
1405 347 1495 383 sua,
1520 348 1618 386 quae
1649 340 1750 374 sunt

279 420 409 460 super
430 414 602 455 terram,
622 407 655 447 si
674 407 771 460 quis
796 408 837 447 in
858 409 1010 460 quavis
1033 409 1185 448 mundi
1210 408 1351 461 plaga,
1369 408 1488 460 quod
1514 407 1749 448 Societatis

275 488 346 522 est
368 481 605 534 proprium,
621 495 750 534 {equa
774 481 907 522 animi
930 483 1223 535 propensione
1245 482 1405 522 versari
1428 482 1545 522 velit.
1591 480 1751 522 Omnis

279 555 443 608 quippe
479 555 752 608 migrationis
786 555 1080 595 mansionisve
1113 555 1316 596 molestia
1344 555 1445 595 hinc
1480 556 1569 596 fere
1603 555 1750 604 oritur,

274 635 328 668 ut
349 628 562 668 hactenus
585 628 941 668 demonstratum
966 635 1041 677 est,
1059 629 1127 669 vel
1152 630 1254 681 quia
1277 630 1392 670 elato
1416 629 1564 669 animo
1587 641 1751 687 sumus,

279 702 348 742 vel
380 703 482 754 quia
511 702 567 742 ab
595 703 809 755 obsequio
842 709 1090 743 nostrorum
1124 717 1353 756 corporum
1389 703 1755 756 indulgentiaque

280 788 368 816 non
392 776 681 816 discessimus.
718 776 931 817 Omnium
954 783 1103 816 autem
1127 777 1358 829 optimum,
1378 779 1585 829 quodque
1608 783 1753 817 extre-

281 862 355 889 ma
379 849 649 890 Constitutio
682 849 910 902 significat,
941 851 1194 903 praesidium
1227 857 1302 900 est,
1327 857 1374 891 ut
1401 851 1597 891 divinum
1628 851 1753 891 obse-

268 924 444 976 quium,
487 929 531 964 et
573 924 688 964 salus
731 925 975 964 animarum
1026 932 1239 977 perpetuo
1281 926 1407 965 nobis
1449 930 1554 965 ante
1595 924 1748 965 oculos

279 1002 510 1047 statuatur,
535 1003 578 1037 et
601 998 683 1038 hac
712 998 891 1038 demum
922 997 1071 1050 regula
1100 998 1295 1038 locorum
1325 999 1471 1039 studia
1501 1000 1747 1039 metiamur.

280 1071 399 1112 Nam
432 1072 466 1111 si
502 1071 585 1112 Dei
623 1071 883 1124 obsequium
919 1071 1022 1110 mihi
1062 1084 1235 1124 semper
1271 1072 1331 1111 ita
1369 1071 1645 1125 propositum
1681 1073 1750 1120 sit,

281 1144 387 1185 nihil
432 1158 531 1185 mea
569 1145 758 1193 interest,
796 1150 941 1185 utrum
984 1144 1054 1185 hic
1091 1145 1248 1198 potiuS‚
1282 1159 1414 1197 quam
1453 1145 1538 1185 illic
1575 1145 1751 1199 degam,

280 1225 427 1259 utrum
471 1219 618 1259 nativa
660 1219 715 1259 sit
757 1219 876 1271 regio
917 1219 985 1259 vel
1028 1220 1267 1272 peregrina,
1311 1226 1458 1259 utrum
1501 1219 1653 1259 civitas
1695 1220 1752 1260 sit

273 1292 477 1341 obscura,
506 1298 652 1333 utrum
684 1293 847 1346 pingue
879 1298 1064 1333 tenueve
1098 1293 1356 1346 Collegium,
1384 1299 1529 1333 utrum
1561 1293 1751 1334 blandus

280 1368 471 1407 durusve
524 1368 801 1420 Praepositus,
855 1373 1000 1407 utrum
1053 1368 1251 1420 speciosa
1304 1374 1380 1408 aut
1430 1367 1613 1407 humilia
1666 1368 1754 1408 sint

273 1453 465 1481 <munera
503 1454 602 1493 quae
640 1440 934 1490 mandantur3
979 1440 1114 1482 modo
1151 1442 1267 1481 enim
1306 1442 1507 1481 studeam
1546 1455 1617 1481 me
1654 1455 1752 1494 pro-

275 1514 388 1555 bare
432 1515 540 1563 Deo,
577 1521 621 1555 et
657 1515 712 1554 ad
756 1529 855 1555 eum
893 1528 1051 1555 vocare
1088 1515 1449 1568 quamplurimos,
1488 1516 1755 1568 ubicumque

282 1588 328 1628 id
382 1589 581 1641 gentium
633 1602 886 1642 consequar,
941 1602 1029 1629 non
1087 1602 1357 1642 magnopere
1409 1589 1569 1629 laboro.
1665 1588 1754 1630 Sed

270 1663 495 1715 »quoniam
529 1663 572 1702 in
606 1663 734 1703 rebus
766 1662 937 1712 nostris,
967 1669 1015 1703 ut
1048 1663 1255 1711 diximus,
1283 1663 1385 1704 caeci
1424 1676 1585 1710 sumus,
1615 1675 1758 1714 neque

284 1749 364 1777 nos
402 1736 483 1789 ipsi
526 1737 632 1777 satis
666 1737 908 1789 dijudicare
950 1751 1187 1790 possumus
1228 1736 1311 1777 hoc
1354 1737 1439 1777 Dei
1481 1737 1754 1789 obsequium,

280 1810 544 1863 relinquitur
575 1817 622 1851 ut
654 1811 748 1863 ejus
782 1810 1010 1863 judicium,
1040 1810 1326 1864 locorumque
1360 1810 1555 1851 delectus
1587 1811 1643 1851 ad
1681 1824 1757 1851 eos

286 1885 526 1927 dumtaxat
558 1892 738 1938 spectet,
762 1886 835 1938 qui
869 1885 996 1926 nobis
1028 1891 1129 1926 sunt
1162 1886 1258 1926 loco
1291 1885 1388 1934 Dei,
1416 1891 1460 1925 et
1485 1885 1644 1938 quibus
1676 1899 1757 1926 nos

280 1959 546 1999 moderandi
578 1959 847 2012 regendique
870 1960 1005 2000 nostri
1036 1965 1302 2012 potestatem
1326 1965 1539 2012 tanquam
1561 1958 1758 1999 habenas

278 2033 490 2074 dedimus
522 2048 573 2074 ac
603 2034 892 2087 permisimus.

371 2107 525 2160 Atque
567 2107 675 2148 haec
717 2107 773 2147 de
805 2108 895 2148 vita
933 2107 1107 2160 agenda
1151 2108 1193 2146 in
1231 2107 1385 2159 quavis
1428 2106 1580 2146 mundi
1623 2107 1755 2160 plaga

279 2181 413 2234 juxta
451 2181 824 2222 Constitutionem
863 2182 1068 2231 tertiam;
1113 2195 1163 2222 ac
1194 2181 1250 2222 de
1281 2187 1377 2222 toto
1409 2181 1492 2221 hoc
1530 2180 1758 2235 Opusculo

272 2254 446 2295 'Tertio
