1903 3197
499 124 578 170 De
610 122 869 169 obedientia
905 121 1103 177 medicis,
1131 125 1205 166 etc.
1492 133 1515 179 5
1530 135 1545 165 1
1561 132 1585 179 7

108 259 421 315 propensionis
456 256 635 309 quidem
670 253 835 306 aliquid
871 254 927 293 ad
966 266 1062 293 eam
1100 252 1272 292 ostendi
1309 252 1472 301 volunt,
1507 252 1584 292 sed

116 334 266 375 omnia
302 331 547 385 Superioris
581 342 694 369 curae
730 327 926 379 relinqui.
988 326 1054 366 At
1090 326 1357 379 perdifficilis
1392 332 1457 366 est
1491 326 1586 367 hzec

107 406 428 466 ‹obedientiaffl
479 404 676 452 Verum3
729 406 772 441 et
818 401 876 440 ob
922 399 1034 439 hanc
1081 413 1257 439 causam
1302 400 1344 439 P.
1386 400 1586 452 Ignatius

119 481 277 522 eodem
332 476 668 520 Constitutionis
720 474 816 514 loco
867 473 1127 526 patientiam
1183 486 1281 512 cum
1333 473 1586 514 obedientia

119 554 357 607 conjungit.
435 548 698 597 “St11deat,''
742 547 893 600 inquit,
933 548 954 566 “
973 545 1180 593 infirmus,
1229 551 1277 585 ut
1325 547 1585 598 patientiam

110 634 166 669 >et
197 626 494 668 obedientiam
527 627 743 670 exerceat,
767 620 917 661 relicta
949 633 1051 659 cura
1077 619 1342 672 reliquorum
1367 619 1589 672 Superiori

109 716 172 742 ‚ac
206 702 299 754 ejus
333 699 552 747 ministris,
582 711 660 749 per
694 709 804 748 quos
842 709 867 735 a
901 694 1048 734 divina
1082 693 1358 746 providentia
1391 693 1589 745 regitur.”

123 775 213 816 Ubi
237 780 280 814 et
301 773 420 813 aliud
451 772 505 812 ad
537 771 650 810 hanc
683 769 869 809 alacrem
897 781 1000 820 erga
1033 767 1227 806 medicos
1254 772 1297 806 et
1330 766 1590 807 infirmarios

111 847 420 888 obedientiam
462 844 714 898 praesidium
769 841 1116 883 Constitutiones
1169 841 1417 893 attingunt:
1471 841 1589 893 quod

123 928 190 962 est
223 928 290 972 3s11.
317 919 634 972 adjumentum.

209 995 409 1035 Tertium
445 993 576 1045 igitur
609 990 915 1043 adjumentum
953 995 1029 1037 est,
1060 994 1108 1028 ut
1143 988 1367 1028 existimet
1401 994 1592 1040 aegrotus

124 1069 215 1121 regi
248 1082 292 1108 se
325 1082 351 1107 a
380 1067 478 1106 Deo
510 1079 587 1118 per
620 1078 720 1104 suos
753 1064 1000 1103 ministros:
1033 1063 1092 1102 sic
1125 1063 1241 1101 enim
1277 1062 1362 1111 fiet,
1386 1068 1433 1102 ut
1466 1063 1508 1102 in
1541 1063 1592 1102 iis

112 1145 270 1191 etiam,
303 1156 329 1182 a
363 1141 523 1193 quibus
556 1153 708 1179 sensus
740 1137 957 1185 abhorret,
983 1137 1301 1188 obsequentem
1335 1151 1380 1177 se
1414 1137 1595 1177 medicis

123 1231 175 1258 ac
208 1215 416 1257 ministris
451 1214 672 1254 exhibeat.
737 1212 810 1253 Sic
844 1211 1131 1251 existimabat
1169 1225 1306 1250 senex
1345 1210 1425 1260 ille,
1462 1224 1593 1264 quem

125 1305 182 1332 ex
216 1289 444 1331 Dorotheo
481 1286 614 1340 paulo
648 1292 752 1326 ante
790 1285 1022 1325 nominavi.
1088 1284 1175 1336 Qui
1211 1298 1307 1324 cum
1346 1290 1594 1337 porrectum

115 1365 199 1404 .lini
223 1364 368 1404 oleum
401 1366 688 1415 perpotasset,
713 1366 756 1399 et
788 1372 913 1398 suam
947 1359 1146 1397 minister
1175 1364 1408 1398 excusaret
1434 1359 1597 1410 impru-

114 1439 334 1486 dentiam,
378 1437 642 1487 veniamque
695 1432 822 1473 simul
872 1433 1189 1485 deprecaretur,
1235 1433 1295 1472 ita
1347 1433 1598 1484 respondit:

125 1512 271 1552 “Noli
303 1517 347 1551 te
385 1507 610 1557 cruciare,’'
645 1507 796 1559 inquit,
831 1509 853 1526 “
868 1505 954 1545 fili:
999 1505 1033 1544 si
1069 1505 1184 1544 enim
1219 1505 1429 1545 voluisset
1463 1505 1598 1554 Deus,

118 1592 176 1627 ,ut
212 1585 299 1626 mel
335 1585 521 1631 ederem,
551 1581 637 1621 mel
672 1581 824 1633 utique
858 1577 1113 1632 posuisses.'’
1197 1579 1399 1632 Cumque
1434 1579 1476 1619 in
1508 1585 1601 1620 tam

127 1660 251 1713 gravi
304 1665 469 1711 tanque
521 1657 728 1697 diuturno
780 1654 934 1694 morbo
986 1652 1091 1692 nihil
1144 1654 1318 1705 penitus
1367 1654 1602 1706 degustare

128 1747 267 1774 senex
310 1732 537 1785 potuisset,
581 1741 860 1781 nequaquam
899 1732 1048 1766 tamen
1101 1740 1204 1778 erga
1250 1727 1427 1767 fratrem
1477 1727 1601 1767 illum

119 1808 332 1848 turbatus
386 1811 480 1855 est;
533 1804 609 1844 sed
663 1816 753 1843 rem
806 1815 984 1842 omnem
1037 1801 1094 1840 ad
1154 1802 1301 1841 Deum
1356 1802 1513 1850 retulit,
1562 1809 1606 1842 et

117 1881 305 1934 quievit.
391 1879 654 1930 Eademque
704 1876 839 1916 animi
892 1875 1125 1915 affectione
1167 1875 1286 1915 haud
1328 1876 1461 1916 dubie
1512 1881 1606 1916 erat

131 1954 511 1996 Constitutionum
558 1957 804 1991 nostrarum
849 1956 1001 1989 auctor
1039 1948 1268 2001 Ignatius‚1
1303 1951 1388 2002 qui,
1424 1964 1522 1990 cum
1561 1951 1605 1990 in

125 2029 248 2082 gravi
283 2029 389 2067 item
430 2026 588 2066 morbo
625 2038 712 2064 non
749 2025 968 2077 ignoraret
1002 2037 1027 2062 a
1064 2023 1236 2062 medico
1273 2037 1360 2063 non
1393 2024 1608 2064 exercita-

121 2102 300 2143 ,tissimo
339 2114 385 2140 se
424 2100 594 2148 curari;
639 2104 788 2138 tamen
824 2110 877 2136 ne
912 2110 1010 2135 cum
1055 2102 1256 2136 extremo
1293 2097 1471 2148 quidem
1505 2096 1608 2136 vitae

128 2174 321 2229 periculo
351 2180 507 2214 contra
540 2173 636 2225 ejus
666 2172 810 2212 edicta
844 2171 1079 2223 quicquam
1115 2170 1271 2210 effatus
1303 2177 1379 2210 est.
1443 2170 1611 2210 Existi-

119 2250 283 2291 rmabat
334 2249 452 2289 enim
506 2262 532 2288 a
589 2248 738 2288 divina
801 2245 1082 2285 Providentia
1134 2259 1179 2284 se
1232 2245 1320 2298 regi
1376 2258 1453 2298 per
1510 2258 1612 2286 suos

131 2325 366 2373 ministros,
408 2337 508 2375 quae
553 2336 604 2362 ea
652 2319 919 2361 obedientiae
961 2319 1226 2359 documenta
1267 2319 1451 2372 posteris
1494 2332 1613 2359 com—

131 2398 382 2439 mendabat.

219 2471 308 2513 Sed
370 2471 547 2522 objiciet
604 2483 661 2509 ex
719 2467 1054 2521 perfectioribus
1119 2467 1304 2507 fortasse
1367 2467 1612 2520 quispiam:

133 2545 255 2599 Quid
297 2545 331 2584 si
375 2545 472 2595 quis
515 2557 602 2583 non
650 2542 839 2582 horroris
887 2541 1067 2592 odiique
1114 2554 1256 2590 causa,
1299 2541 1375 2580 sed
1420 2540 1611 2593 augendi

133 2619 275 2660 meriti
311 2618 460 2670 gratia
497 2617 738 2656 medicinos
772 2615 1020 2667 imperatos,
1054 2620 1097 2654 et
1133 2615 1371 2667 pharmaca
1404 2612 1614 2667 respuat?

128 2707 241 2735 ,num
272 2692 343 2732 hic
373 2692 647 2732 accusandus
674 2689 849 2730 violatae
883 2688 1151 2728 obedientiae
1183 2688 1359 2728 nornine
1381 2687 1613 2728 videatur?

146 2766 379 2808 Habemus
423 2766 538 2805 enim
587 2763 793 2816 exempla
839 2768 1102 2812 sanctorum,
1139 2763 1225 2814 qui,
1264 2761 1615 2812 mortificationis

760 2853 771 2872 1
797 2851 898 2885 Mart.
920 2853 940 2883 l.
963 2861 992 2891 3.
