1903 3197
645 181 726 238 De
760 192 1004 238 castitate.
1466 208 1490 251 3
1500 207 1524 252 3
1535 204 1559 252 7

98 327 231 377 fundi,
255 327 373 380 quod
403 326 446 365 in
476 339 527 365 eo
549 325 786 365 certamine
815 324 1004 364 multum
1027 338 1073 364 se
1102 324 1312 377 proficere
1334 325 1377 364 in
1399 325 1560 365 virtute

95 403 288 449 sentiret,
339 399 613 452 jejuniisque,
657 397 941 446 orationibuS,
979 411 1030 436 ac
1080 397 1320 437 benefactis
1363 397 1560 450 plurimis

94 475 302 515 ardenter
342 473 570 521 insisteret,
614 477 661 511 ut
711 470 820 510 infra
862 471 1057 510 dicemus
1095 484 1152 510 ex
1197 471 1435 512 Dorotheo.
1500 471 1560 511 Et

100 549 334 601 Gregorius
391 552 537 586 narrat
582 546 637 585 de
692 544 871 597 Equitio
926 545 1097 592 abbate,
1146 544 1371 596 quomodo
1426 548 1561 584 “cum

98 624 143 662 in
171 623 400 675 juventute
423 621 561 660 carnis
590 620 807 659 incentiva
837 619 1026 666 sentiret,
1052 619 1158 670 ipsae
1191 631 1281 657 suae
1304 618 1561 658 tentationis

98 698 314 749 angustiae
338 708 436 735 eum
467 694 522 734 ad
553 694 761 733 orationis
790 693 983 732 studium
1008 692 1204 732 fecerunt
1230 691 1562 732 solertiorem.”1

97 772 198 824 Jam
221 771 255 810 si
278 770 374 822 quis
397 782 475 808 sua
503 774 660 820 sponte
683 767 858 819 spiritus
881 767 1023 806 ardori
1054 780 1099 806 se
1129 766 1273 815 dedat,
1297 766 1562 817 studeatque

99 857 275 885 omnem
316 843 372 882 ab
414 856 459 882 se
501 848 722 894 torporem
765 841 963 892 abjicere,
1003 840 1038 879 is
1079 839 1276 892 profecto
1320 839 1447 878 nullis
1481 839 1562 879 erit

97 917 398 970 hujuscemodi
435 915 620 955 stimulis
655 914 914 962 incitandus,
952 914 1028 954 sed
1072 927 1162 953 suae
1204 914 1345 953 carnis
1387 926 1561 965 semper

94 993 177 1033 erit
208 990 468 1043 tranquillus
510 990 714 1029 dominus
766 1002 816 1028 ac
864 1002 1097 1041 possessor.
1183 988 1427 1028 Confirmat
1468 986 1562 1026 haec

97 1080 195 1118 quae
218 1065 412 1105 diximus
446 1063 565 1103 Pauli
594 1063 792 1102 doctrina
822 1062 877 1101 ad
909 1062 1147 1109 Romanos,
1172 1062 1245 1101 ubi
1268 1067 1561 1114 praeposteras

100 1139 338 1179 Gentilium
369 1137 570 1177 libidines
601 1143 643 1176 et
675 1136 899 1189 passiones
935 1135 1188 1187 ignominiae
1222 1135 1263 1173 in
1297 1148 1447 1174 eorum
1481 1135 1561 1173 im-

98 1214 308 1266 pietatem
333 1211 487 1251 refert:
521 1209 646 1262 “Qui
678 1224 777 1249 cum
812 1211 958 1249 Deum
982 1209 1299 1262 cognovissent,
1334 1222 1420 1248 non
1451 1208 1564 1247 sicut

101 1288 246 1327 Deum
278 1283 665 1339 glorificaverunt,”
699 1285 775 1324 sed
810 1284 1072 1323 “coluerunt
1105 1289 1147 1322 et
1180 1283 1419 1322 servierunt
1445 1295 1562 1321 crea-

98 1368 207 1401 turae
241 1360 387 1412 potius
414 1372 547 1410 quam
582 1357 777 1398 Creatori
798 1357 840 1407 ;”
875 1363 918 1396 et
941 1357 1100 1396 idcirco
1122 1356 1250 1408 hujus
1269 1356 1421 1396 erroris
1452 1369 1563 1394 mer-

99 1434 251 1474 cedem
287 1434 330 1472 in
367 1446 413 1472 se
455 1432 559 1485 ipsis
596 1437 864 1484 receperunt,
903 1434 989 1470 “ut
1026 1430 1303 1470 contumeliis
1340 1430 1565 1469 afficerent

98 1521 280 1560 corpora
312 1504 449 1546 sua.”2
511 1507 592 1545 Est
624 1506 755 1557 igitur
785 1504 868 1544 hoc
897 1517 1130 1544 commune
1162 1510 1296 1555 atque
1322 1502 1564 1542 universale

99 1581 312 1622 castitatis
349 1579 526 1620 tuendae
568 1579 833 1632 praesidium,
869 1579 1010 1631 pietas
1048 1583 1091 1617 et
1132 1577 1262 1617 ardor
1303 1576 1480 1629 spiritus
1522 1577 1566 1616 in

99 1655 311 1695 famulatu
356 1655 451 1693 Dei.
496 1654 721 1705 Praecipua
772 1658 919 1692 autem
963 1658 1006 1692 et
1052 1652 1226 1704 propria
1269 1651 1473 1703 quinque,
1518 1657 1566 1691 ut

100 1729 306 1776 diximus,
360 1728 502 1767 afferri
553 1733 748 1779 possunt,
803 1727 858 1766 ad
923 1739 1023 1778 quae
1087 1724 1252 1777 reliqua
1309 1729 1569 1764 revocantur

102 1803 260 1843 omnia.

189 1877 383 1915 Primum
429 1875 577 1926 itaque
619 1874 872 1926 praesidium
921 1873 1134 1913 castitatis
1185 1872 1457 1925 praecipuum
1501 1878 1567 1912 est

100 1951 265 2001 oratio;
299 1950 411 2002 quia,
447 1955 495 1988 ut
533 1949 739 1996 diximus,
779 1949 822 1987 in
861 1947 958 1987 Deo
997 1948 1079 1986 sita
1111 1952 1177 1986 est
1208 1947 1390 1986 victoria
1426 1946 1567 1985 carnis

103 2030 275 2072 nostrae,
325 2037 429 2076 ergo
476 2023 532 2062 ab
570 2036 621 2062 eo
668 2023 711 2061 in
758 2022 910 2074 primis
956 2021 1158 2074 petenda.
1224 2019 1567 2072 Chrysostomus

96 2098 222 2150 jubet
243 2097 455 2150 virginem
486 2097 598 2136 inter
619 2096 705 2136 alia
731 2095 773 2135 id
805 2109 1013 2148 usurpare
1035 2095 1309 2146 frequenter:
1343 2093 1566 2134 “Custodi

99 2185 170 2212 me
213 2172 405 2211 Domine
447 2176 494 2210 ut
545 2169 758 2222 pupillam
807 2168 957 2209 oculi.”
1040 2168 1100 2208 Et
1154 2168 1456 2220 Hieronymus
1508 2168 1564 2208 ad

101 2245 416 2285 Eustochium:
450 2242 686 2293 “Statim,”
720 2243 873 2295 inquit,
911 2244 995 2281 “ut
1026 2241 1161 2281 libido
1196 2241 1437 2282 titillaverit
1471 2255 1566 2281 sen-

99 2332 206 2369 sum,
239 2325 316 2360 aut
347 2319 559 2359 blandum
599 2317 839 2370 voluptatis
874 2316 1124 2356 incendium
1157 2315 1272 2356 dulci
1307 2330 1387 2356 nos
1423 2316 1567 2356 calore

98 2392 349 2445 perfuderit,
394 2405 678 2445 erumpamus
730 2392 773 2430 in
825 2403 1008 2431 vocem:
1061 2390 1281 2430 Dominus
1333 2390 1569 2431 auxiliator

101 2480 234 2517 meus,
267 2481 356 2507 non
385 2467 553 2507 timebo
583 2466 689 2518 quid
719 2465 850 2506 faciat
879 2465 985 2504 mihi
1015 2465 1150 2505 caro.”
1213 2466 1274 2505 Et
1306 2464 1566 2517 Gregorius:

100 2539 257 2592 “Quid
292 2540 392 2589 est,’'
433 2540 586 2592 inquit,
623 2539 779 2592 “quod
817 2545 970 2579 contra
1007 2539 1115 2579 alios
1153 2539 1255 2579 solis
1292 2539 1423 2579 armis
1456 2552 1567 2591 pug-

102 2613 237 2654 nabat
274 2614 464 2667 Moyses,
503 2620 655 2654 contra
691 2613 879 2654 Amalec
910 2627 1012 2653 vero
1047 2627 1134 2654 non
1172 2613 1275 2653 solis
1312 2613 1455 2663 armis,
1489 2613 1566 2652 sed

102 2687 234 2727 etiam
256 2689 416 2728 virtute
446 2686 745 2728 orationis?”3
804 2687 992 2728 Amalec
1021 2694 1170 2728 autem
1202 2687 1389 2727 luxuriae
1410 2687 1565 2726 vitium

103 2760 332 2813 designare
370 2761 485 2811 dicit,
518 2767 561 2801 et
599 2761 851 2814 respondit:
905 2761 1057 2814 “Quia
1095 2774 1306 2813 magnum
1344 2765 1566 2800 certamen

107 2834 405 2875 fornicationis
436 2835 695 2885 ostenditur,
719 2835 838 2887 quod
873 2840 997 2875 tanta
1027 2835 1198 2883 virtute,
1230 2839 1356 2873 tanta
1384 2832 1567 2873 difficul-

189 2923 202 2942 1
227 2925 316 2956 Dial.
343 2933 368 2956 1.
390 2935 415 2956 c.
436 2933 466 2964 4.
661 2923 675 2942 2
698 2924 795 2956 Rom.
820 2932 846 2956 1.
1049 2921 1063 2941 3
1088 2924 1128 2954 In
1156 2931 1181 2954 1.
1203 2923 1286 2965 Reg.
1306 2923 1327 2954 1.
1348 2921 1376 2954 6.
1399 2932 1425 2954 ο.
1450 2931 1476 2954 1.

279 2987 323 3017 W
