1903 3197
523 149 603 193 De
633 146 915 209 Disciplina
952 147 1146 193 Mensa».
1471 159 1558 206 371

103 282 401 322 membrorum
434 280 750 332 compositione
771 283 977 327 versatur,
1001 292 1102 318 nam
1136 279 1178 318 id
1211 279 1455 330 significare
1484 292 1541 331 po

103 355 321 394 tissimum
346 353 572 393 modestiae
596 352 772 391 nomine
800 351 1068 390 Constitutio
1090 351 1270 390 videtur.

190 428 412 480 Quoniam
447 432 594 466 autem
630 426 672 464 in
707 425 911 464 omnibus
947 423 1059 462 hanc
1091 425 1352 464 servandam
1390 425 1563 464 Consti-

102 502 214 541 tutio
267 502 359 553 ipsa
406 500 542 551 jubet,
588 497 943 538 descendendum
996 497 1121 536 nobis
1166 498 1244 536 crit
1296 499 1350 536 ad
1394 498 1563 539 minuta

100 575 318 626 quaedam,
371 587 458 625 quo
510 573 641 611 etiam
695 571 1049 623 gravissimorum
1105 570 1282 609 Patrum
1335 571 1563 612 descendit

100 648 362 695 auctoritas;
395 646 450 686 ab
480 659 628 684 eorum
659 646 822 696 quippe
852 643 1044 683 fontibus
1075 642 1324 683 hauriemus
1347 643 1561 695 quidquid

100 721 188 760 fere
220 722 263 759 in
295 721 377 759 hoc
408 732 566 771 genere
596 718 910 770 praecipiemus.
975 717 1033 755 Et
1057 717 1090 755 si
1119 730 1258 768 pauca
1281 730 1359 756 nos
1382 717 1560 768 quidem

99 795 154 834 de
184 793 343 842 multis,
367 792 443 831 sed
474 798 621 831 tamen
647 792 762 830 unde
792 790 946 842 conjici
975 790 1029 829 de
1060 790 1234 842 reliquis
1265 803 1314 829 ac
1346 789 1561 830 similibus

98 867 245 919 possit.
324 866 591 905 Modestiam
623 865 754 916 igitur
786 865 827 903 in
861 877 1011 903 mensa
1043 863 1324 911 servabimus,
1358 864 1392 903 si
1423 877 1560 903 mem-

98 939 185 979 bris
228 939 430 978 omnibus
473 938 759 986 moderemur,
803 938 1022 990 praecipue
1063 951 1165 976 vero
1206 938 1365 977 versari
1408 937 1450 975 in
1493 936 1559 976 his

98 1013 290 1065 quinque
313 1013 504 1065 corporis
534 1012 731 1064 partibus
759 1010 853 1050 haec
875 1011 1009 1050 virtus
1033 1011 1172 1050 debet.
1243 1016 1293 1050 10.
1329 1011 1380 1049 In
1408 1011 1558 1050 mode-

98 1086 265 1125 ratione
288 1086 442 1138 capitis
466 1091 509 1124 et
531 1085 758 1128 cervicum.
821 1090 875 1123 20.
906 1084 957 1122 In
990 1084 1291 1123 moderatione
1318 1083 1555 1124 oculorum.

99 1165 154 1209 30.
191 1159 242 1197 In
285 1158 587 1198 moderatione
628 1158 713 1197 oris
755 1163 798 1197 et
840 1157 1009 1209 linguae.
1086 1163 1143 1207 40.
1181 1157 1232 1195 In
1276 1156 1557 1196 moderandis

97 1232 299 1272 manibus
342 1231 626 1283 brachiisque.
712 1236 764 1280 50.
802 1230 1004 1282 Denique
1056 1231 1098 1269 in
1151 1230 1419 1270 moderando
1462 1236 1556 1270 toto

95 1305 286 1357 corporiS
315 1310 479 1344 trunco.

187 1384 237 1417 10.
275 1378 326 1416 In
364 1377 664 1416 moderatione
701 1377 855 1429 capitis
890 1383 933 1416 et
967 1377 1194 1425 cervicum,
1228 1389 1281 1415 ne
1315 1376 1383 1415 vel
1420 1377 1555 1416 nimia

93 1451 249 1503 capitis
290 1450 582 1499 inclinatione,
614 1456 843 1501 tamquam
875 1449 1076 1502 pecudes,
1114 1448 1297 1501 projecti
1328 1449 1556 1488 videamur

94 1525 149 1564 ad
187 1531 373 1577 pastum,
408 1523 475 1563 vel
514 1524 796 1563 conversione
833 1523 930 1562 colli
966 1529 1176 1574 motuque
1214 1522 1358 1561 minus
1395 1522 1553 1563 decoro

93 1597 197 1637 levis
235 1611 469 1650 arguamur
505 1597 678 1649 ingenii.
754 1597 861 1636 Ideo
901 1595 1130 1636 Clemens:
1170 1595 1319 1636 “Cum
1352 1595 1407 1635 de
1438 1595 1553 1635 vitiis

93 1671 368 1723 quibusdam,
400 1671 613 1723 malisque
655 1670 850 1710 moribus
893 1670 935 1709 in
978 1669 1178 1709 convivio
1211 1669 1401 1709 vitandis
1442 1683 1553 1722 prze-

93 1744 291 1796 cepisset‚
345 1744 525 1783 tandem
582 1744 638 1783 ad
695 1745 910 1783 cervicum
969 1749 1138 1783 motum
1196 1744 1257 1782 ita
1312 1743 1550 1783 descendit.

94 1817 162 1858 Sit
198 1818 341 1870 gravis
378 1831 552 1869 quoque
587 1824 801 1870 aspectus,
835 1817 1022 1869 collique
1057 1817 1281 1856 conversio
1324 1830 1373 1856 ac
1405 1822 1550 1856 motus

92 1890 302 1930 honestus
325 1896 368 1930 et
390 1889 632 1930 decorus.”1
681 1891 739 1930 Et
761 1904 911 1943 supra:
946 1894 967 1910 “
984 1890 1147 1942 Saepe,”
1172 1890 1323 1941 inquit,
1345 1890 1549 1939 “moveri‚

91 1963 380 2016 habitumque
432 1969 475 2002 et
526 1964 711 2016 figuram
764 1969 942 2012 mutare,
983 1964 1156 2015 signum
1208 1968 1274 2001 est
1325 1961 1550 2003 levitatis.''

93 2037 308 2089 Idemque
342 2042 503 2084 monet,
537 2037 693 2076 eodem
726 2036 833 2086 loco,
866 2050 920 2075 ne
951 2036 1087 2075 videri
1121 2035 1305 2075 velimus
1337 2041 1549 2088 tanquam

92 2109 194 2149 ferae
225 2110 332 2150 cibis
370 2110 543 2158 haerere,
578 2110 764 2162 ideoque
795 2115 976 2162 praestat
1009 2110 1120 2149 inter
1151 2109 1371 2149 edendum
1405 2115 1549 2150 erecto

92 2196 186 2222 esse
213 2183 367 2236 capite,
398 2197 485 2223 non
515 2183 733 2222 inclinato.

176 2263 231 2296 20.
269 2257 320 2296 In
372 2257 672 2297 moderatione
721 2262 869 2296 autem
911 2255 1147 2305 oculorum,
1189 2269 1244 2294 ne
1285 2269 1360 2295 eos
1400 2256 1549 2308 vagari

87 2331 317 2383 patiamur,
352 2337 427 2371 aut
468 2331 511 2370 in
553 2331 757 2370 convivas
799 2343 1036 2381 eorumque
1077 2330 1197 2369 cibos
1234 2329 1548 2381 conjiciamus;

89 2404 132 2443 id
174 2405 290 2444 enim
332 2410 409 2454 est,
451 2409 495 2444 et
536 2404 682 2443 nimiae
723 2403 947 2443 aviditatis
993 2403 1036 2442 in
1077 2403 1195 2452 cibis,
1238 2409 1282 2443 et
1327 2402 1549 2444 illiberalis

90 2477 360 2517 educationis
402 2478 620 2518 indicium.
685 2476 830 2529 Quam
868 2476 1092 2517 oculorum
1136 2476 1410 2525 modestiam,
1440 2476 1545 2517 dum

90 2549 236 2589 cibum
259 2552 481 2599 sumimus,
505 2551 741 2604 plurimum
768 2550 1082 2590 commendant
1105 2550 1267 2591 Sancti.
1300 2550 1371 2589 Ac
1392 2549 1548 2590 beatus

91 2623 268 2675 quidem
327 2624 588 2664 Pachomius
645 2625 688 2663 in
740 2623 900 2676 regula,
952 2636 1084 2676 quam
1135 2637 1214 2676 per
1263 2622 1469 2675 angelum
1521 2636 1546 2662 a

90 2696 188 2736 Deo
239 2697 417 2749 accepit,
468 2698 529 2737 ita
580 2703 755 2738 monet:
808 2697 917 2737 “Ne
957 2697 1280 2749 circumspicias
1321 2700 1544 2735 vescentes

89 2770 208 2820 alios,
261 2771 558 2822 unusquisque
603 2771 938 2824 praepositorum
980 2771 1156 2811 docebit
1208 2771 1250 2809 in
1292 2769 1425 2809 domo
1467 2782 1545 2812 sua

635 2857 648 2877 1
673 2859 803 2901 Paedag.
824 2860 845 2891 l.
867 2868 895 2891 2.
917 2870 942 2892 c.
966 2866 993 2899 7.

264 2922 294 2951 Y
328 2924 351 2952 2
