1903 3197
488 171 569 217 De
599 171 858 217 obedientia
893 171 1091 227 medicis,
1119 176 1194 217 elc.
1479 183 1572 230 507

107 310 256 345 autem
289 304 361 353 eis,
383 309 478 344 tum
509 303 553 342 in
587 302 637 341 iis
670 315 769 354 quae
799 302 1016 354 imperant
1052 302 1199 341 animo
1233 301 1450 352 salutaria,
1477 307 1572 342 tum

105 377 150 417 in
192 377 242 416 iis
284 390 382 429 quae
423 381 604 424 vetant;
657 380 701 414 et
741 375 785 414 in
828 376 1026 427 utrisque
1067 375 1186 414 omni
1231 388 1329 415 cum
1371 375 1572 428 puritate.

108 450 337 503 Imperant
383 450 499 489 enim
546 462 608 497 ea,
655 461 755 500 quae
801 448 857 487 ad
904 448 1061 487 animae
1109 448 1297 487 salutem
1343 453 1575 501 spectant,

108 529 155 564 ut
202 528 574 563 sacramentorum
625 521 961 573 susceptionem,
1004 521 1093 560 sive
1141 520 1438 571 confessionis,
1481 522 1572 562 sive

107 596 407 644 Eucharistiae,
454 596 544 635 sive
597 594 824 634 Extremae
876 593 1120 642 Unctionis,
1164 594 1322 645 quibus
1371 608 1488 646 aeger
1528 595 1572 634 in

104 674 202 709 tuto
253 668 437 708 collocat
488 667 680 707 animam
732 679 868 715 suam,
921 679 1105 718 seseque
1157 665 1226 705 vel
1273 667 1329 706 ad
1384 672 1572 706 mortem

105 747 332 794 comparat
382 746 479 781 tuto
529 739 815 788 subeundam,
862 739 932 780 vel
990 740 1045 779 ad
1103 740 1340 779 sanitatem
1403 738 1574 778 facilius

106 814 478 866 recuperandam;
530 813 712 853 sublatis
763 813 927 853 scilicet
978 812 1232 852 morborum
1275 813 1428 861 causis,
1471 825 1571 864 quae

104 901 223 940 saepe
244 893 346 927 sunt
378 888 472 940 ipsa
504 893 696 940 peccata,
719 893 767 927 ut
798 887 903 927 satis
935 887 1100 926 indicat
1131 885 1238 926 illud
1273 885 1570 926 Ecclesiastici

104 962 147 1001 in
176 960 260 1001 hoc
292 961 387 1013 ipso
418 961 562 1013 capite
581 959 605 1000 :1
629 959 754 1012 “Qui
786 960 1000 1013 delinquit
1032 960 1074 999 in
1105 965 1341 1012 conspectu
1374 959 1467 1011 ejus
1496 959 1571 1012 qui

104 1034 207 1074 fecit
249 1047 361 1083 eum,
399 1033 561 1074 incidet
603 1035 646 1073 in
685 1046 867 1073 manum
906 1032 1098 1073 medici*⁸
1169 1032 1228 1072 Et
1265 1033 1437 1082 idcirco,
1469 1046 1570 1072 cum

105 1106 200 1147 haec
252 1107 468 1160 imperant
521 1106 777 1159 Superiores
831 1106 1088 1158 spirituales,
1140 1119 1302 1158 magna
1352 1106 1413 1145 eis
1469 1118 1570 1144 cum

103 1181 295 1233 puritate
326 1180 569 1232 parendum
602 1185 693 1219 est:
726 1179 1085 1231 quandoquidem
1119 1179 1191 1228 illi,
1215 1185 1262 1219 ut
1288 1180 1331 1218 in
1364 1178 1571 1218 examine

103 1254 280 1306 subjicit
333 1253 374 1292 P.
421 1253 631 1305 Ignatius,
665 1252 883 1304 “plenam
940 1253 1075 1292 animi
1141 1252 1276 1292 nostri
1333 1252 1569 1292 sanitatem

104 1326 374 1379 spiritualem
407 1327 588 1366 omnino
621 1325 810 1365 curant.''

191 1399 293 1439 Hoc
339 1404 487 1439 autem
535 1399 755 1452 praecipue
797 1405 997 1452 tempore
1039 1399 1336 1439 obedientiam
1380 1399 1432 1438 N.
1467 1398 1510 1438 P.
1544 1410 1571 1438 a

103 1473 230 1513 nobis
271 1473 550 1526 purissimam
593 1473 746 1525 exigit,
778 1474 939 1525 partim
984 1479 1163 1525 propter
1205 1473 1365 1511 animae
1408 1472 1570 1524 partim

102 1546 235 1587 etiam
272 1535 453 1599 propter
490 1547 684 1599 corporis
722 1547 967 1586 discrimen.
1032 1546 1190 1586 Puram
1225 1559 1327 1586 vero
1364 1544 1571 1597 intelligit

101 1621 342 1673 perfectam
389 1634 439 1660 ac
482 1626 699 1670 exactam,
741 1619 809 1659 cui
857 1619 964 1659 nihil
1005 1620 1061 1659 sit
1102 1620 1289 1672 propriae
1331 1618 1573 1659 voluntatis

103 1694 384 1744 admixtum;
417 1694 460 1733 id
494 1694 610 1733 enim
640 1706 797 1746 purum
827 1693 996 1741 dicitur,
1020 1694 1087 1732 cui
1121 1706 1178 1732 ex
1208 1692 1350 1732 alieno
1376 1691 1481 1731 nihil
1504 1697 1571 1732 est

103 1766 369 1815 admixtum,
388 1772 436 1806 ut
453 1780 611 1819 purum
629 1772 872 1819 argentum,
889 1766 957 1805 cui
980 1766 1087 1805 nihil
1109 1767 1206 1805 aeris
1227 1766 1480 1806 admixtum
1502 1765 1570 1806 sit.

103 1839 325 1893 Quicquid
350 1845 499 1880 autem
522 1840 610 1879 tale
639 1846 714 1888 est,
739 1839 981 1892 perfectum
1011 1845 1096 1879 est:
1129 1839 1289 1879 idcirco
1318 1839 1570 1879 obedientia

101 1928 210 1966 pura
236 1913 494 1965 intelligitur
522 1926 838 1965 usquequaque
868 1913 1073 1965 perfecta.
1136 1913 1196 1952 Et
1225 1911 1349 1961 hanc,
1374 1913 1568 1964 inquam,

100 1987 184 2028 hoc
218 1988 498 2040 potissimum
533 1987 806 2040 aegritudinis
843 1993 1040 2039 tempore
1070 1986 1124 2026 N.
1150 1986 1193 2026 P.
1222 1986 1361 2039 exigit
1388 1992 1569 2040 propter

98 2061 334 2101 imminens
363 2061 523 2101 animae
555 2061 837 2113 corporisque
868 2060 1122 2113 periculum,
1144 2061 1179 2100 si
1210 2061 1443 2112 aegrotatio
1472 2060 1568 2113 ipsa

94 2136 157 2177 sit
197 2136 378 2188 gravior.
461 2134 641 2174 Animae
690 2134 869 2186 quidem
916 2135 1169 2187 periculum,
1208 2135 1311 2186 quia
1353 2134 1389 2173 si
1435 2134 1570 2174 susci-

98 2210 359 2263 piendorum
401 2214 777 2249 sacramentorum
824 2222 941 2261 aeger
981 2209 1234 2248 admonitus
1276 2221 1364 2248 non
1415 2207 1566 2247 statim

101 2282 390 2335 obtemperet,
418 2282 495 2322 sed
532 2295 700 2322 moram
732 2282 937 2335 postulet,
964 2282 1069 2321 dum
1091 2282 1156 2321 vis
1185 2281 1325 2321 morbi
1360 2281 1574 2328 remittat,

101 2363 145 2397 et
167 2371 291 2397 suam
315 2357 566 2408 interponat
597 2355 929 2408 quodammodo
960 2355 1245 2406 voluntatem,
1279 2356 1321 2395 in
1354 2367 1566 2407 magnum

102 2443 148 2470 se
189 2430 432 2482 periculum
474 2429 651 2482 conjicit
700 2429 936 2482 perdendae
989 2429 1148 2469 animae
1196 2429 1240 2468 in
1290 2434 1566 2481 perpetuum.

101 2503 266 2555 Agitur
288 2504 404 2543 enim
427 2503 482 2543 de
505 2503 777 2553 aeternitate;
810 2503 996 2555 ideoque
1019 2503 1138 2543 nullo
1161 2502 1295 2542 modo
1321 2501 1565 2543 audiendus

102 2583 193 2616 est:
225 2590 324 2616 cum
357 2577 499 2616 omnis
533 2577 791 2629 interposita
823 2589 945 2616 mora
975 2577 1115 2629 possit
1146 2590 1246 2616 eum
1279 2574 1570 2628 suscipiendis

101 2650 385 2690 sacramentis
422 2650 620 2702 ineptum
657 2655 790 2701 atque
826 2649 1063 2689 inhabilem
1101 2650 1291 2689 reddere.
1356 2648 1408 2688 Id
1445 2645 1565 2699 quod

102 2722 286 2763 sollicite
337 2722 629 2763 animadverti
671 2736 698 2762 a
738 2723 959 2775 superiore
1004 2720 1376 2764 Constitutiones2
1415 2720 1571 2760 volunt

99 2801 278 2850 propter
299 2810 452 2849 graves
481 2796 837 2849 impugnationes
867 2797 1092 2845 daemonis,
1117 2811 1143 2836 a
1174 2810 1262 2849 quo
1283 2807 1564 2847 summopere

505 2883 653 2925 ¹C.38.
831 2883 1148 2925 ²P.6.c.4.§1.
