1903 3197
770 188 852 231 141

332 751 783 806 OPUSCULU
797 750 857 802 M
930 748 1210 802 SEXTU
1224 749 1303 800 M.

76 880 152 917 DE
178 877 459 915 FERENDIS
485 876 662 923 AEQUO
687 875 877 911 ANIMO
907 873 1315 911 DELATORIBUS.
1357 873 1540 920 JUXTA

157 947 436 985 REGULAM
468 961 489 994 9
521 946 814 983 SUMMARH
846 945 919 981 EX
950 943 1215 980 EXAMINE
1246 943 1288 980 C.
1314 955 1347 988 4.
1381 946 1398 989 ,ξ
1429 943 1462 979 8.

78 1052 193 1092 “AD
217 1050 428 1102 majorem
459 1050 500 1088 in
530 1049 683 1101 spiritu
713 1047 969 1100 profectum,
994 1053 1037 1086 et
1066 1046 1286 1098 praecipue
1315 1045 1371 1085 ad
1403 1045 1541 1097 majo-

77 1139 169 1165 rem
192 1124 528 1163 submissionem
548 1129 591 1162 et
613 1121 906 1161 humilitatem
930 1120 1164 1172 propriam,
1190 1124 1424 1159 contentus
1447 1133 1541 1159 esse

79 1200 264 1251 quisque
286 1197 418 1237 debet
441 1195 543 1236 etc.''
607 1195 659 1234 In
682 1196 791 1234 duas
818 1200 964 1246 partes
988 1192 1121 1232 dividi
1153 1192 1248 1232 hzec
1273 1192 1543 1232 Constitutio

78 1277 235 1325 potest,
260 1277 308 1310 ut
339 1270 476 1310 altera
508 1268 739 1308 delationis
769 1268 1005 1306 utilitatem
1030 1267 1266 1318 exprimat,
1290 1266 1427 1305 altera
1451 1266 1544 1318 ejus

78 1343 349 1398 perferendze
373 1342 677 1382 difficultatem
702 1341 874 1380 indicet.
921 1341 1051 1387 Prior,
1075 1340 1131 1378 ab
1154 1340 1278 1379 initio
1301 1353 1542 1391 progressa,

79 1432 218 1471 usque
240 1417 295 1457 ad
319 1431 370 1457 ea
391 1416 524 1456 verba
546 1415 744 1468 pervenit
763 1428 770 1454 :
805 1414 1052 1454 Contentus
1075 1427 1170 1452 esse
1193 1413 1378 1465 quisque
1402 1413 1548 1461 debet,

80 1499 182 1543 etc.;
214 1492 427 1545 posterior
448 1491 504 1531 ab
526 1489 593 1529 his
616 1490 720 1542 ipsis
742 1488 884 1529 verbis
908 1501 1046 1539 usque
1069 1488 1125 1527 ad
1148 1486 1323 1527 calcem.
1366 1486 1548 1526 Utilitas

81 1572 230 1608 autem
265 1565 432 1619 duplex
467 1565 672 1617 tangitur,
716 1562 854 1603 altera
896 1560 1160 1609 universalis,
1197 1567 1245 1600 ut
1282 1573 1381 1600 cum
1419 1573 1552 1612 gene-

80 1642 209 1681 ratim
247 1641 429 1680 dicitur:
472 1638 548 1678 Ad
586 1637 798 1689 majorem
833 1637 875 1675 in
909 1636 1062 1688 spiritu
1095 1634 1370 1687 profectum3
1413 1633 1550 1673 altera

82 1714 366 1768 particularis,
406 1720 453 1753 ut
485 1726 584 1752 cum
618 1711 878 1751 nominatim
923 1709 1203 1761 adjungitur:
1240 1709 1299 1748 Et
1330 1707 1551 1760 praecipue

84 1788 140 1829 ad
183 1787 395 1839 majorem
438 1786 787 1831 submissionem,
824 1789 902 1823 etc.
969 1783 1171 1834 Utraque
1214 1782 1346 1833 igitur
1387 1780 1551 1820 utilitas

87 1861 379 1914 explananda.

175 1935 234 1974 Et
265 1934 355 1973 “ad
386 1933 598 1985 majorem
632 1930 810 1984 quidem
844 1931 887 1969 in
921 1929 1073 1982 spiritu
1106 1927 1387 1980 profectum''
1412 1926 1554 1966 valere

87 2009 324 2062 plurimum
361 2008 396 2046 si
439 2007 494 2046 ad
539 2006 820 2058 Superiorem
856 2016 1018 2043 errores
1061 2008 1233 2042 nostros
1271 2001 1556 2053 defectusque

87 2082 242 2123 deferri
273 2081 503 2134 patiamur,
534 2079 839 2132 planissimum
871 2083 962 2126 est3
997 2077 1100 2128 quia
1132 2090 1231 2116 curn
1263 2075 1554 2115 necessarium

89 2159 145 2197 sit
187 2156 241 2196 ad
286 2169 382 2195 eam
427 2167 518 2194 rem
561 2166 689 2193 nosse
726 2152 831 2192 vitia
874 2165 962 2199 sua,
997 2163 1250 2201 erroresque
1292 2149 1364 2200 qui
1408 2149 1451 2187 in
1487 2149 1559 2188 via

90 2231 266 2283 spiritus
301 2229 412 2269 forte
450 2228 659 2275 incidunt,
688 2225 808 2265 nulla
845 2224 1042 2278 profecto
1080 2223 1234 2263 melior
1271 2228 1336 2262 est
1373 2236 1425 2261 ea
1459 2234 1558 2261 nos-

93 2303 219 2344 cendi
244 2303 365 2351 ratio,
391 2315 523 2353 quam
557 2301 590 2340 si
626 2298 932 2352 Superioribus
957 2297 1212 2336 indicentur.
1277 2296 1386 2335 Esse
1409 2300 1557 2334 autem

95 2377 386 2417 necessarium
447 2375 501 2415 ad
560 2374 738 2427 spiritus
795 2373 1064 2412 incrementa
1121 2371 1561 2423 progressionemque

93 2452 264 2492 virtutis
307 2464 385 2501 sua
427 2449 532 2489 vitia
574 2462 714 2497 nosse,
757 2452 903 2486 statuo
956 2445 1000 2484 id
1043 2450 1257 2496 tanquam
1301 2449 1468 2483 certum
1512 2455 1563 2482 ac

93 2525 247 2573 fixum,
300 2538 358 2563 ex
410 2537 488 2563 usu
541 2521 706 2562 scilicet
757 2526 891 2572 atque
943 2519 1249 2571 experimento
1300 2523 1560 2557 caeterarum

96 2599 267 2646 artium,
311 2611 409 2649 quae
451 2596 615 2649 percipi
657 2595 749 2635 sine
790 2593 997 2634 vitiorum
1040 2591 1422 2632 animadversione
1474 2602 1561 2628 non

97 2677 291 2725 possunt.
371 2670 582 2722 Quisquis
622 2669 738 2708 enim
781 2681 854 2707 eas
895 2671 1078 2706 conetur
1115 2665 1351 2712 addiscere,
1391 2662 1565 2702 nemine

98 2746 371 2793 ostendente,
396 2758 495 2796 quae
528 2742 821 2783 admittuntur
853 2739 1020 2780 errata!
1056 2740 1099 2778 Is
1128 2743 1204 2778 aut
1233 2751 1319 2777 non
1352 2736 1462 2776 bene
1492 2747 1566 2774 eas

94 2825 282 2872 tutoque
317 2818 548 2871 perdiscet,
584 2822 659 2857 aut
693 2816 749 2856 ad
788 2828 937 2855 earum
975 2813 1291 2866 perfectionem
1329 2807 1567 2850 absolutio—

96 2907 287 2946 nemque
331 2893 462 2933 nimis
504 2904 600 2932 sero
643 2890 879 2944 perveniet.
966 2887 1146 2936 Errores
1188 2885 1304 2926 enim
1356 2884 1400 2923 in
1451 2880 1573 2923 omni
