1903 3197
555 145 622 192 In
657 146 875 208 Regulas
909 146 982 192 M
975 145 1172 193 odestz'oe.
1512 157 1604 206 705

134 280 294 319 erimus
325 279 556 319 modestiae
588 284 722 331 atque
757 279 915 327 decori,
941 285 991 319 ut
1025 285 1070 320 et
1100 293 1325 333 perpauca
1355 278 1601 332 loquamur,

133 361 178 395 et
198 368 316 403 voce,
340 361 388 395 ut
408 354 483 394 lex
509 359 656 394 nostra
684 353 907 402 admonet,
932 368 1021 393 non
1053 353 1178 394 elata.
1242 354 1390 406 Quam
1422 353 1602 407 quidem

134 430 482 470 moderationem
516 428 694 481 requirit
728 428 1052 478 Bonaventura,
1087 428 1214 482 Spec.
1241 429 1358 469 Disc.
1383 443 1422 482 p.
1446 441 1484 480 4.
1508 442 1541 470 c.
1566 439 1602 468 2.

135 517 224 544 non
245 504 379 544 modo
407 504 451 543 in
480 502 731 543 celebritate
762 509 805 542 et
831 502 1078 555 frequentia
1100 503 1344 552 hominum,
1368 503 1445 543 sed
1468 503 1603 543 etiam

133 579 178 618 in
225 578 471 626 solitudine,
515 583 559 618 et
609 578 721 617 inter
770 590 961 624 nemora,
1006 584 1141 630 atque
1193 578 1366 618 fruteta.
1449 577 1605 631 “Quia

133 651 323 702 nemus,’'
341 652 493 705 inquit,
513 654 534 670 “
546 664 682 699 aures,
707 657 750 691 et
772 665 953 704 campus
975 651 1127 691 oculos
1152 651 1314 691 habere
1336 652 1542 691 dicuntur
1559 666 1568 702 ;
1584 651 1604 667 ''

133 734 178 767 et
200 740 307 767 mox
328 741 337 767 :
360 730 383 746 “
398 725 670 766 Miserabiles
701 726 978 766 confusiones
1005 725 1274 778 quibusdam
1299 726 1442 766 minus
1465 726 1605 769 cautis

131 802 294 855 pluries
331 814 388 840 ex
423 799 507 841 hoc
543 801 751 840 accidisse
792 799 1024 840 feruntur.''
1101 801 1175 840 Ex
1219 800 1406 840 incautis
1443 813 1604 854 nempe

137 874 377 928 colloquiis.

220 957 277 1002 30.
330 950 383 990 In
433 949 670 998 coenaculo,
723 950 917 1002 locisque
969 950 1025 990 ad
1073 949 1368 1002 praeparanda
1419 950 1604 991 obsonia

131 1025 488 1073 accommodatis,
512 1025 556 1064 in
587 1024 707 1064 atriis
729 1025 863 1064 etiam
887 1030 1023 1077 atque
1045 1024 1185 1064 hortis
1209 1024 1433 1064 communi
1455 1024 1605 1076 januae

129 1099 346 1153 proximis
368 1099 662 1138 moderandus
685 1104 751 1138 est
781 1112 936 1138 sermo.
1004 1097 1122 1150 Quia
1144 1112 1262 1151 saepe
1284 1098 1355 1138 hic
1376 1104 1605 1139 versantur

130 1174 330 1224 externi;
361 1180 576 1226 turpeque
598 1179 664 1213 est
685 1172 941 1225 hujusmodi
966 1172 1063 1213 loca
1093 1173 1399 1225 religiosorum
1422 1173 1604 1214 vocibus

128 1261 374 1302 personare,
413 1261 491 1288 nec
533 1247 765 1287 discrimen
809 1246 948 1287 ullum
1002 1248 1115 1287 inter
1169 1248 1287 1286 aedes
1339 1247 1514 1297 aulicas,
1558 1248 1601 1287 in

130 1323 289 1376 quibus
330 1322 492 1374 ubique
533 1321 643 1361 servi
684 1327 976 1374 perstrepunt,
1018 1335 1068 1361 ac
1112 1321 1346 1374 religiosas,
1386 1321 1459 1362 ubi
1503 1322 1603 1362 Deo

126 1397 292 1450 jugiter
321 1396 574 1445 deservitur,
597 1397 789 1448 agnosci.

219 1471 338 1512 Sane
369 1471 578 1510 maximae
610 1470 915 1510 aedificationis
948 1476 1024 1518 est,
1052 1471 1112 1510 ita
1146 1472 1294 1510 omnia
1326 1485 1420 1511 esse
1452 1472 1604 1524 quieta

131 1547 174 1586 in
217 1545 518 1597 religiosorum
560 1545 782 1593 coenobiis,
818 1550 864 1584 ut
902 1559 1002 1585 cum
1045 1545 1219 1597 plurimi
1257 1546 1300 1584 in
1338 1546 1388 1585 iis
1426 1546 1601 1599 degant,

133 1634 263 1661 nemo
284 1626 444 1667 tamen,
469 1633 520 1659 ac
552 1620 586 1658 si
619 1619 762 1659 nullus
785 1620 901 1659 intus
925 1626 1050 1668 esset,
1076 1619 1366 1660 exaudiatur:
1400 1620 1520 1672 quod
1546 1621 1603 1661 de

134 1693 330 1747 Scythiae
367 1694 634 1733 monasterio
671 1693 864 1746 quodam
903 1694 1129 1746 proditum
1167 1700 1244 1741 est,
1284 1694 1357 1734 ubi
1396 1695 1601 1735 monachi

133 1769 354 1821 degebant
388 1767 507 1807 mille
538 1768 766 1820 quingenti
801 1773 926 1808 tanto
959 1767 1143 1817 silentio,
1184 1775 1232 1808 ut
1267 1782 1384 1822 saepe
1418 1769 1603 1810 advenae

133 1843 278 1883 locum
297 1842 520 1889 adeuntes,
539 1841 759 1881 neminem
783 1842 841 1881 ibi
865 1842 1019 1882 adesse
1036 1848 1269 1895 putarent;
1294 1849 1341 1882 ut
1365 1842 1603 1884 Cassianus

134 1918 274 1958 refert.
354 1916 456 1969 Jam
499 1917 533 1956 si
576 1916 736 1968 ubique
778 1915 972 1956 locorum
1027 1918 1184 1969 cuique
1231 1917 1360 1957 liceat
1410 1918 1603 1970 proferre

133 2005 366 2040 sermones,
396 1991 518 2043 quies
549 1990 644 2030 haec
675 1990 854 2040 tollitur,
884 1991 1195 2044 praecipuaque
1230 1991 1323 2032 laus
1358 1991 1601 2045 disciplinae

134 2068 348 2120 religiosae
381 2065 576 2106 funditus
607 2066 730 2118 perit.

222 2142 295 2182 Ex
329 2139 651 2181 Communibus
682 2146 830 2180 autem
864 2140 1059 2192 Regulis,
1095 2140 1267 2192 Regula
1301 2141 1364 2180 26.
1398 2141 1603 2194 prohibet

132 2216 391 2256 nominatim
434 2214 475 2253 in
518 2214 745 2254 refectorio
786 2213 983 2267 pluribus
1022 2214 1152 2267 loqui.
1231 2215 1402 2255 Eadem
1445 2222 1602 2269 postea

133 2291 188 2330 de
217 2303 369 2330 mensa
397 2288 582 2340 subjicit,
606 2289 983 2341 quemadmodum
1013 2288 1310 2329 moderandus
1339 2290 1395 2329 sit
1424 2304 1599 2342 sermo;

134 2364 338 2404 nimirum
360 2363 462 2416 quia
492 2363 609 2415 quod
643 2362 697 2402 de
719 2362 957 2411 refectorio,
981 2377 1031 2402 ac
1055 2363 1281 2403 coenaculo
1311 2363 1436 2413 dixit,
1464 2364 1509 2405 id
1541 2365 1599 2406 ad

134 2439 279 2479 locum
302 2437 475 2487 retulit3
498 2450 596 2476 cum
619 2450 722 2477 vero
744 2437 799 2477 de
822 2451 985 2486 mensa,
1004 2437 1059 2477 acl
1082 2444 1268 2490 tempus,
1287 2438 1342 2478 de
1364 2452 1452 2491 quo
1475 2453 1596 2480 mox.

132 2513 286 2566 Atque
317 2512 411 2552 haec
443 2518 509 2551 est
540 2525 681 2560 causa,
710 2525 784 2550 cur
814 2511 1036 2564 pleraeque
1081 2511 1381 2565 religiosorum
1419 2513 1598 2555 familiae

134 2593 275 2628 certos
306 2585 472 2626 habent
502 2585 558 2625 ad
591 2585 862 2638 loquendum
894 2584 1023 2626 locos.

526 2744 582 2770 DE
611 2745 954 2771 CIRCUMSTANTIA
982 2745 1198 2772 TEMPORIS.

220 2813 373 2866 Magni
397 2813 530 2852 etiam
558 2811 698 2861 refert,
723 2818 770 2852 ut
792 2827 870 2853 suo
892 2818 1091 2866 tempore
1118 2813 1313 2867 linguam
1338 2816 1596 2870 modereris;

133 2896 176 2931 et
212 2902 291 2943 pro
329 2888 496 2929 ratione
533 2888 754 2940 temporis,
787 2888 847 2928 ita
884 2888 1065 2928 modum
1101 2888 1143 2928 in
1178 2888 1400 2943 loquendo
1431 2897 1593 2935 teneaS.

305 2963 369 2994 TT
