1903 3197
175 182 254 228 De
274 180 483 228 ordinat.
507 195 613 240 quse
633 194 691 223 ex
710 177 939 238 cujusque
948 174 1217 237 prudentia
1230 172 1414 235 pendet.
1467 173 1567 230 489

110 313 310 362 noluisse,
329 312 447 365 quod
470 311 587 351 diem
605 308 759 362 jejunii
778 321 871 347 esse
888 307 1072 355 diceret;
1094 319 1194 345 cum
1217 318 1363 345 comes
1381 308 1565 356 urgeret,

110 386 263 439 etjam
285 386 472 426 fractum
497 383 711 436 jejunium
744 386 966 420 revocaret
996 380 1039 419 in
1072 384 1277 428 meutem,
1300 379 1360 418 ita
1392 390 1568 430 respon-

110 460 252 500 disse:
296 460 448 499 “Esca
490 457 574 507 illa,
616 455 689 505 fili,
731 453 956 493 charitatis
998 465 1097 492 esca
1138 452 1244 492 fuit:
1296 465 1375 491 nos
1417 455 1564 490 autem

109 539 307 573 nostrum
338 538 565 572 teneamus
593 525 846 581 jejunium.”

198 607 384 646 Beatum
408 605 540 644 etiam
571 601 851 641 Franciscum
874 599 1122 651 accepimus
1154 598 1419 650 intempesta
1441 601 1569 636 nocte

110 693 209 720 cum
244 679 376 719 fratre
409 676 600 729 quodam
636 674 752 715 fame
786 672 1105 726 propemodum
1143 677 1297 711 enecto
1333 669 1571 722 sumpsisse

109 752 266 800 cibum,
291 765 345 791 ne
367 751 401 789 is
423 750 591 802 pudore
613 747 759 800 aliquo
784 746 1139 800 perfunderetur:
1172 745 1262 784 imo
1288 757 1386 784 cum
1413 742 1570 782 eodem

110 830 291 864 caeteros
310 824 443 863 etiam
462 822 615 862 fratres
633 820 862 861 comedere
880 820 923 859 id
946 818 1157 872 temporis
1173 817 1362 858 voluisse
1380 830 1387 855 :
1420 828 1569 855 senem

109 903 320 950 praeterea
359 895 726 936 valetudinarium
775 900 908 946 atque
958 905 1125 945 aegrum
1177 890 1423 931 exhilarare
1473 902 1572 929 cum

108 971 251 1020 vellet,
313 971 368 1010 ad
424 969 573 1009 hortos
626 969 888 1019 vineamque
945 965 1196 1014 deduxisse,
1251 977 1470 1016 uvamque
1515 962 1572 1003 ad

110 1044 432 1084 comedendum
465 1041 715 1095 praebuisse,
738 1054 796 1080 ex
818 1053 906 1092 qua
932 1044 976 1079 et
1007 1039 1101 1092 ipse
1122 1039 1325 1091 gustavit,
1348 1036 1571 1077 charitatis

109 1118 275 1158 scilicet
297 1124 340 1157 et
361 1116 481 1170 pacis
502 1113 673 1168 gratia.1
718 1113 807 1154 Sed
829 1112 899 1153 hic
921 1126 1096 1165 quoque
1119 1110 1571 1158 animadvertendum,

111 1205 167 1231 ne
217 1189 440 1231 charitatis
492 1188 671 1228 nomine
731 1186 834 1239 gula
895 1186 1114 1238 subrepat.
1222 1184 1352 1232 Nam,
1405 1188 1453 1223 ut
1511 1183 1573 1223 ait

114 1262 367 1313 Climacus,2
416 1261 555 1302 ventri
608 1260 784 1300 deditus
835 1258 1087 1307 monachus,
1137 1271 1245 1297 mox
1296 1263 1345 1297 ut
1395 1255 1574 1296 advenit

108 1337 278 1390 hospes,
346 1336 390 1375 in
456 1333 668 1374 charitate
730 1338 848 1372 totus
912 1346 969 1371 ex
1031 1330 1147 1383 gulae
1213 1328 1569 1382 concupiscentia

110 1415 323 1459 monetur,
381 1408 784 1458 detrimentumque
843 1418 971 1444 suum
1032 1404 1378 1444 consolationem
1431 1402 1574 1442 fratris

112 1484 347 1524 existimat.
432 1480 617 1533 Quoties
654 1480 785 1531 igitur
820 1478 1004 1518 suaserit
1045 1476 1233 1517 charitas
1265 1474 1411 1516 cibum
1445 1480 1574 1515 extra

112 1557 310 1597 ordinem
340 1568 521 1603 sumere,
554 1553 882 1592 meminerimus
913 1556 1038 1591 tanta
1074 1564 1153 1590 nos
1187 1550 1250 1589 uti
1281 1548 1574 1601 temperantia

112 1636 156 1672 et
206 1630 420 1684 parcitate
471 1628 641 1676 debere,
688 1631 736 1666 ut
788 1631 1000 1678 appareat
1052 1637 1139 1664 non
1194 1624 1249 1663 ad
1304 1621 1572 1675 explendam

112 1704 289 1752 famem,
325 1708 401 1742 aut
434 1699 705 1741 necessitatis
739 1697 942 1751 impulsu,
967 1697 1045 1737 sed
1079 1696 1324 1737 concordiae
1358 1701 1403 1735 et
1436 1694 1573 1736 chari-

115 1778 220 1818 tatis
255 1776 397 1829 gratia
433 1789 511 1815 nos
548 1774 604 1813 ad
642 1785 787 1812 escam
817 1771 1060 1811 accessisse.
1134 1771 1247 1810 Haec
1284 1770 1339 1809 de
1375 1774 1573 1809 extraor-

115 1851 286 1891 dinario
336 1855 469 1901 atque
524 1845 834 1898 intempestivo
895 1844 1003 1892 cibo,
1056 1857 1132 1883 seu
1194 1843 1436 1883 domestico
1496 1855 1572 1882 seu

117 1930 312 1972 externo,
337 1934 467 1974 quem
491 1919 709 1973 prohiberi
732 1917 828 1970 lege
856 1917 1078 1956 diximus:
1110 1930 1225 1956 nunc
1257 1917 1312 1956 de
1343 1915 1572 1964 ordinario,

113 1998 198 2038 hoc
230 2002 296 2036 est
324 1996 379 2036 de
412 1993 596 2048 prandio
629 1991 698 2032 vel
731 2004 869 2041 coena,
892 2004 990 2043 quae
1013 1995 1139 2030 extra
1170 1990 1352 2030 domum
1385 1989 1459 2030 lex
1481 1989 1576 2042 ipsa

112 2076 244 2120 vetat,
268 2081 496 2122 perpauca.

201 2144 273 2183 De
297 2156 383 2182 non
412 2139 672 2194 prandendo
694 2138 966 2179 coenandove
988 2137 1090 2177 foris
1123 2136 1366 2189 Superioris
1395 2135 1572 2188 injussu.

119 2217 311 2258 Cavetur
351 2221 498 2255 autem
541 2227 595 2253 ne
633 2212 737 2253 foris
782 2212 1015 2264 quisquam
1064 2215 1210 2250 coenet
1245 2215 1322 2250 aut
1362 2208 1577 2262 prandeat

118 2290 364 2344 Superioris
396 2289 589 2341 injussu;
621 2292 715 2327 tum
740 2285 1004 2326 valetudinis
1035 2297 1167 2324 causa
1194 2289 1289 2323 tum
1322 2282 1574 2336 disciplinae.

120 2363 401 2405 Valetudinis
437 2362 627 2415 quidem,
669 2360 772 2413 quia
819 2359 1080 2399 secularium
1128 2357 1370 2411 praesertim
1413 2369 1578 2396 mensae

118 2437 320 2478 ciborum
357 2436 569 2477 varietate
601 2434 783 2483 refertae,
818 2438 983 2486 cogunt
1018 2445 1137 2484 saepe
1168 2431 1237 2471 vel
1271 2429 1578 2483 temperantis-

117 2511 279 2551 simum
311 2510 420 2550 fines
446 2508 593 2562 egredi
617 2506 931 2560 temperantiae.
994 2505 1261 2558 Quanquam
1294 2504 1410 2544 enim
1436 2502 1580 2556 pudor

117 2583 339 2624 interdum
364 2583 545 2635 quidam
575 2581 759 2621 fraenum
789 2580 926 2632 injicit
955 2579 1165 2627 aviditati,
1190 2591 1245 2618 ne
1271 2577 1411 2617 ventri
1441 2575 1578 2616 dediti

118 2663 253 2710 atque
286 2656 402 2709 gulae
433 2656 661 2696 videamur
693 2654 914 2705 externis;
945 2659 1106 2701 tamen,
1141 2653 1176 2692 si
1211 2664 1361 2692 eorum
1395 2664 1420 2690 a
1454 2648 1580 2689 nobis

120 2744 287 2770 mensae
321 2730 660 2782 frequententur,
683 2733 728 2768 et
759 2727 1014 2767 familiarius
1047 2739 1147 2766 cum
1182 2725 1233 2764 iis
1268 2736 1398 2776 agere
1430 2721 1581 2775 incipi-

120 2817 258 2852 amus,
282 2807 424 2843 cessat
444 2802 596 2855 pudor,
620 2807 664 2841 et
692 2801 775 2842 cibi
807 2801 974 2841 avidior
1004 2805 1160 2840 natura
1190 2811 1236 2837 se
1267 2796 1423 2850 prodit.
1487 2795 1582 2836 Nec

488 2889 501 2910 ¹
527 2891 650 2923 Chron.
670 2891 728 2923 lib.
748 2899 778 2923 2.
798 2901 825 2923 c.
847 2898 898 2931 30.
1045 2889 1059 2907 ²
1083 2888 1139 2920 Gr.
1164 2895 1212 2926 14.
