1903 3197
302 165 398 221 448
625 161 705 206 De
740 161 930 206 ratione
961 159 1152 206 vivendi
1185 158 1449 206 Socz'elatz‘s.

303 295 479 335 senibus
530 294 888 346 septuagenariis,
932 308 982 334 ac
1030 292 1290 333 centenariis
1341 296 1610 344 potestatem
1662 289 1765 330 facit

303 368 469 421 reliquo
510 367 806 407 hebdomadae
848 373 1056 420 tempore,
1107 366 1363 417 caeterisque
1410 364 1564 404 diebus
1610 369 1770 416 praeter

302 443 448 492 festos,
481 442 582 482 vino
616 441 878 490 abstinendi,
917 448 959 481 et
993 455 1071 481 sua
1105 454 1288 493 corpora
1323 438 1583 479 macerandi.
1648 437 1767 491 Quid

302 517 435 570 igitur
471 530 551 556 nos
589 516 730 556 facere
764 528 939 568 aequum
973 516 1068 555 est?
1106 515 1139 555 si
1174 520 1345 554 tantam
1383 512 1559 552 senibus
1593 511 1766 551 veniam

305 591 392 641 dat,
412 605 682 644 quamquam
712 591 883 630 illorum
913 590 997 631 alia
1026 591 1137 630 ratio
1164 595 1230 629 est
1253 603 1302 628 ac
1329 594 1488 636 nostra,
1507 600 1606 626 cum
1630 586 1689 625 illi
1713 587 1768 626 ad

305 666 545 706 solitariam
569 672 612 705 et
634 679 845 718 asperam,
866 679 946 705 nos
967 665 1023 704 ad
1042 676 1323 704 communem
1348 668 1390 702 et
1409 661 1613 702 socialem
1631 661 1768 700 vitam

305 741 449 781 vocati
484 741 628 780 simus.
695 740 910 791 Idemque
946 739 988 780 S.
1014 740 1142 778 Pater
1175 739 1217 778 in
1253 735 1453 789 Regulis1
1486 735 1580 776 vult
1615 748 1770 774 unum-

306 829 527 869 quemque
578 828 702 854 suam
755 826 929 853 carnem
980 813 1161 852 domare
1199 811 1375 863 jejuniis
1417 817 1462 851 at
1503 808 1771 850 abstinentia

307 904 429 937 escae,
498 894 713 940 quantum
779 887 985 927 valetudo
1052 886 1277 939 permittit.
1384 885 1605 937 Supponit
1663 896 1766 935 ergo

307 963 368 1005 St.
396 963 596 1016 Ignatius
647 962 983 1013 castigationem
1035 960 1228 1013 corporis
1277 959 1332 999 ab
1389 958 1593 998 omnibus
1646 957 1771 997 adhi-

304 1038 498 1078 bendam
528 1050 632 1086 esse,
656 1042 699 1076 et
728 1036 942 1075 rationem
972 1035 1105 1075 etiam
1139 1033 1289 1086 adjicit
1318 1033 1361 1072 in
1390 1038 1520 1072 sexta
1547 1031 1770 1072 Constitu-

304 1111 436 1152 tionis
473 1116 624 1164 parte:
663 1110 768 1150 “Ne
802 1110 943 1150 fervor
984 1109 1159 1161 spiritus
1202 1107 1464 1158 refrigescat,
1503 1111 1547 1146 et
1587 1105 1766 1144 humani

305 1184 571 1226 incalescant
621 1183 840 1225 affectus.”
925 1183 1037 1223 Haec
1089 1182 1206 1222 enim
1257 1181 1338 1221 sibi
1391 1181 1575 1220 invicem
1617 1178 1769 1219 adver-

306 1265 467 1309 santur,
510 1265 558 1299 ut
590 1259 651 1299 ait
692 1258 965 1311 Apostolus;
1019 1264 1062 1297 ct
1103 1271 1203 1297 caro
1244 1254 1513 1308 concupiscit
1565 1254 1771 1294 adversus

307 1334 520 1387 spiritum,
563 1340 607 1373 et
648 1333 824 1386 spiritus
873 1333 1080 1372 adversus
1129 1343 1331 1380 ca1·nem;
1384 1329 1482 1369 ideo
1525 1327 1769 1368 necessaria

307 1415 374 1449 est
405 1409 612 1449 omnibus
645 1408 791 1461 aliqua
823 1408 1014 1461 corporis
1046 1407 1288 1460 castigatio.

393 1483 559 1523 Verum
583 1483 791 1535 quoniam
811 1482 903 1534 jam
923 1488 1075 1521 notum
1096 1487 1160 1521 est
1183 1480 1278 1521 illos
1302 1479 1519 1519 nascentis
1539 1477 1772 1519 Societatis

307 1564 454 1611 patres
495 1558 642 1610 potius
686 1556 806 1596 freno
844 1570 977 1609 quam
1020 1555 1259 1595 calcaribus
1302 1554 1483 1607 eguisse,
1520 1558 1564 1592 et
1601 1552 1643 1591 in
1681 1551 1769 1591 suis

305 1632 573 1685 castigandis
605 1631 858 1684 corporibus
891 1631 1049 1670 nimios
1082 1629 1241 1678 fuisse3
1279 1628 1498 1680 sapienter
1528 1626 1623 1666 haec
1656 1626 1771 1666 Con-

305 1707 477 1747 stitutio
510 1706 691 1746 modum
727 1706 938 1745 admonet
971 1703 1283 1751 adhibendum,
1318 1701 1695 1754 quemadmodum
1730 1705 1773 1739 et

307 1794 408 1820 suos
461 1780 614 1820 fratres
662 1779 706 1818 B.
739 1778 1018 1831 Augustinus
1065 1778 1152 1817 suis
1196 1775 1470 1816 macerandis
1506 1773 1774 1827 corpusculis

304 1855 489 1894 nimium
561 1853 734 1893 deditos
801 1851 1106 1892 admonendos
1168 1851 1350 1904 putavit,
1419 1863 1483 1899 ne,
1551 1848 1657 1888 dum
1722 1861 1773 1888 ea

306 1929 508 1981 subigere
540 1942 590 1968 ac
623 1940 842 1967 macerare
874 1926 1063 1975 student,
1088 1926 1284 1965 funditus
1317 1916 1514 1978 perdant,
1539 1929 1583 1963 et
1617 1922 1774 1964 divinis

307 2003 531 2055 obsequiis
579 2001 750 2042 inutilia
793 2001 988 2041 reddant.
1073 1999 1361 2053 Explicemus
1398 1999 1546 2051 itaque
1587 1997 1775 2050 priorem

309 2076 649 2118 Constitutioni}
693 2082 876 2128 partem,
920 2089 1007 2127 qua
1059 2074 1291 2127 castigatio
1340 2071 1631 2112 immoderata
1682 2083 1774 2110 cor-

306 2152 423 2204 poris
462 2150 726 2203 prohibc‘tur.
791 2149 902 2202 Quae
940 2149 1118 2201 quidem
1156 2161 1256 2201 pars
1291 2147 1378 2187 duo
1415 2147 1519 2186 item
1552 2144 1775 2185 continet:

308 2224 493 2264 alterum
529 2225 571 2263 in
602 2237 794 2275 quonam
829 2223 1101 2275 poenitentiae
1135 2235 1294 2274 genere
1326 2221 1421 2261 haec
1457 2219 1648 2272 corporis
1683 2231 1775 2259 cas-

308 2298 464 2351 tigatio
505 2297 666 2338 versari
708 2296 873 2346 soleat3
927 2296 998 2336 ubi
1042 2303 1085 2336 et
1129 2296 1183 2335 de
1227 2295 1457 2348 prcecipuis
1498 2292 1772 2347 poenitentiae

307 2371 540 2424 generibus
582 2369 792 2410 nonnulla
834 2370 1059 2409 dicemus:
1106 2369 1292 2409 alterum
1332 2367 1437 2420 quid
1476 2366 1630 2407 eadem
1669 2365 1773 2405 mali

305 2445 459 2500 pariat,
484 2458 583 2484 cum
607 2458 708 2484 suos
731 2443 839 2483 fines
862 2443 1134 2495 modumque
1159 2442 1386 2483 transierit.

898 2550 911 2567 ¹
937 2551 1018 2591 Reg.
1041 2558 1068 2590 3.
1091 2561 1116 2581 c.
1139 2551 1179 2580 xi.
