1903 3197
316 195 407 251 146
627 191 706 237 De
739 191 929 239 ratione
963 190 1154 239 vivendi
1188 192 1449 241 Societatis.

308 325 366 367 ad
399 331 588 378 quatuor
615 323 711 365 haec
742 325 888 378 capita
920 327 1109 367 revocari
1141 333 1316 380 potest;
1351 327 1556 377 Primum,
1589 329 1645 369 ad
1678 343 1777 371 eum

311 399 385 451 qui
409 398 613 448 defertur,
632 411 732 439 cum
756 399 799 438 in
824 399 1152 441 Constitutione
1174 401 1358 442 dicitur:
1386 401 1664 443 “Contentus
1686 417 1781 445 esse

311 473 498 526 quisque
529 472 662 513 debet
684 472 728 523 ;‘’
776 472 1044 524 Secundum,
1081 475 1137 515 ad
1176 488 1267 515 rem
1305 489 1404 528 quae
1438 475 1640 525 defertur,
1680 491 1781 518 cum

310 546 419 587 illud
449 546 646 588 additur:
679 549 703 567 “
721 547 786 588 Ut
814 561 968 588 omnes
997 562 1163 589 errores
1186 555 1230 589 et
1252 549 1449 590 defectus
1479 551 1625 603 ipsius,
1650 558 1692 592 et
1715 566 1782 592 res

311 634 588 673 quaecunque
630 634 729 674 quae
773 628 938 663 notata-2·
990 624 1033 662 in
1076 637 1129 664 eo
1177 629 1221 663 et
1273 624 1520 664 observatae
1559 625 1782 677 fuerint;’'

313 694 525 745 Tertium,
546 695 602 735 ad
626 709 725 735 eum
750 696 824 748 qui
848 696 1117 746 defert,cum
1140 697 1415 750 adjungitur:
1449 699 1563 738 “Per
1584 700 1784 751 quemvis

312 769 388 822 qui
419 775 548 809 extra
576 769 897 810 confessionem
927 784 1000 810 eas
1030 771 1309 824 acceperit;''
1343 772 1574 825 Quartum,
1599 774 1654 813 ad
1682 787 1782 814 eum

313 842 370 883 ad
407 856 539 895 quem
573 857 639 883 res
676 844 769 896 ipsa
803 843 1007 894 defertur,
1042 859 1141 886 cum
1174 846 1353 885 demum
1387 847 1449 886 ita
1482 846 1784 887 concluditur:

314 919 335 935 “
351 915 659 970 Superioribus
682 917 1052 958 manifestentur.‘’

403 989 642 1031 Ordiamur
673 991 806 1043 igitur
835 1005 860 1030 a
889 991 1046 1040 Primo,
1070 998 1115 1031 et
1136 1005 1315 1031 omnem
1337 992 1652 1042 difficultatem,
1677 1008 1784 1046 quo-

314 1078 503 1117 cumque
536 1065 701 1104 oriatur
732 1078 789 1103 ex
823 1065 979 1117 capite,
1011 1079 1090 1117 pro
1122 1065 1288 1105 viribus
1321 1065 1562 1117 elevemus,
1595 1069 1787 1108 cernitur

316 1140 434 1179 enim
477 1137 712 1177 difficultas
757 1138 800 1177 in
846 1152 898 1178 eo
943 1140 1018 1191 qui
1062 1139 1256 1179 defertur
1300 1141 1490 1189 nomine,
1535 1141 1639 1193 quia
1689 1155 1789 1194 pro-

316 1213 459 1266 prium
495 1217 560 1251 est
592 1210 806 1264 cujusque
840 1212 1030 1252 hominis
1065 1212 1175 1252 ferre
1207 1214 1398 1265 graviter
1429 1213 1788 1266 reprehensiones

317 1285 742 1338 admonitionesque.
854 1286 917 1326 Ut
959 1287 1076 1327 enim
1123 1287 1358 1328 Salvianus
1407 1288 1656 1341 Episcopus
1698 1289 1789 1329 ait:

317 1359 527 1400 “Omnes
566 1359 810 1400 admodum
848 1373 895 1400 se
931 1360 1100 1401 laudari
1138 1360 1302 1410 volunt,
1339 1361 1445 1401 nulli
1482 1368 1610 1414 grata
1646 1376 1789 1415 repre-

317 1433 470 1474 hensio
513 1439 609 1484 est;
658 1433 747 1473 imo
790 1433 910 1486 quod
953 1436 1072 1487 prius
1116 1435 1256 1475 multo
1298 1441 1375 1484 est,
1419 1436 1605 1488 quilibet
1647 1435 1791 1476 malus

318 1507 563 1562 quamlibet
605 1507 802 1560 perditus
845 1509 1012 1548 mavult
1055 1509 1326 1549 mendaciter
1367 1510 1607 1562 praedicari,
1655 1523 1790 1562 quam

314 1582 412 1635 jure
454 1580 723 1634 reprehendi,
758 1589 801 1622 et
843 1582 1050 1622 falsarum
1094 1583 1276 1623 laudum
1321 1584 1592 1624 irrisionibus
1635 1583 1792 1637 decipi,

321 1669 455 1709 quam
499 1655 786 1695 saluberrima
824 1657 1129 1696 admonitione
1169 1655 1390 1697 servari.''l
1454 1657 1606 1698 Radix
1644 1663 1793 1698 autem

322 1731 465 1771 omnis
496 1729 710 1770 molestiae
738 1744 795 1769 ex
819 1730 1120 1770 admonitione
1150 1737 1367 1784 susceptae
1398 1731 1555 1772 intima
1585 1732 1791 1784 quaedam

322 1804 528 1858 superbia
557 1810 633 1853 est,
657 1817 744 1856 qua
774 1810 817 1844 et
844 1818 969 1844 suam
1000 1805 1185 1857 quisque
1215 1805 1391 1858 culpam
1421 1807 1571 1846 studet
1597 1805 1796 1847 occulere

321 1884 502 1933 propter
548 1877 641 1930 ejus
693 1877 884 1918 dedecus
931 1892 982 1919 ac
1025 1880 1358 1931 turpitudinem,
1402 1885 1445 1919 et
1487 1893 1617 1921 nemo
1670 1879 1795 1920 alteri

322 1953 490 2007 patitur
540 1965 587 1992 se
639 1965 733 1992 esse
784 1952 1033 2005 subjectum
1060 1967 1068 2003 ;
1131 1967 1230 1993 cum
1283 1954 1551 1994 admonendi
1603 1953 1796 1994 officium

322 2027 628 2081 praestantiam
659 2026 885 2079 quandam
918 2033 963 2067 et
993 2026 1302 2067 excellentiam
1335 2027 1507 2076 habeat,
1539 2041 1596 2067 ex
1626 2041 1714 2080 quo
1745 2027 1797 2068 fit

326 2106 375 2141 ut
416 2115 546 2141 nemo
589 2101 669 2141 nisi
711 2100 889 2141 humilis
933 2101 1314 2154 reprehensionem
1358 2101 1797 2153 admonitionemque

326 2176 554 2216 moderate
576 2175 697 2215 ferat.
774 2175 883 2215 Ideo
905 2189 984 2214 rex
1007 2174 1228 2223 Amasias,
1252 2175 1505 2215 admonitus
1529 2188 1554 2214 a
1578 2173 1798 2227 Propheta

323 2248 447 2302 quod
490 2248 612 2289 Deos
654 2247 843 2288 filiorum
883 2247 979 2288 Seir
1015 2248 1286 2298 adoraverat,
1321 2248 1508 2301 superbe
1544 2254 1679 2300 atque
1716 2248 1798 2289 ira-

324 2323 471 2363 cunde
496 2322 749 2375 respondit:
782 2322 934 2362 “Num
967 2322 1238 2362 consiliarius
1270 2323 1382 2375 regis
1405 2322 1481 2362 es?
1520 2321 1719 2374 Quiesce,
1744 2335 1799 2362 ne

325 2395 586 2437 interficiam
610 2394 715 2437 te.’'2
780 2396 847 2436 At
869 2397 934 2436 sui
958 2396 1125 2449 peccati
1151 2395 1340 2437 Sanctus
1365 2396 1511 2436 David
1535 2395 1806 2445 admonitus,

325 2484 430 2512 cum
451 2484 555 2511 vera
580 2470 716 2511 animi
739 2470 988 2511 humilitate
1011 2470 1263 2524 respondit:
1298 2472 1319 2490 “
1336 2469 1514 2510 Peccavi
1542 2466 1801 2509 Domino.''3

416 2543 576 2585 Altero
607 2557 710 2584 vero
748 2544 928 2584 nomine
963 2543 1094 2597 hujus
1132 2545 1190 2584 rei
1233 2543 1465 2584 difficultas
1500 2543 1636 2582 oritur
1669 2543 1713 2582 in
1748 2555 1801 2583 eo

327 2617 406 2671 qui
429 2616 632 2666 defertur,
649 2618 818 2658 ratione
840 2631 1060 2670 personae;
1087 2631 1199 2670 quae,
1217 2617 1251 2657 si
1274 2616 1583 2656 auctoritatem
1606 2615 1800 2668 aliquam

331 2691 497 2732 habeat
529 2690 600 2731 vel
651 2691 707 2731 ab
756 2696 899 2740 aetate,
934 2690 1002 2731 vel
1043 2705 1070 2731 a
1111 2691 1338 2743 dignitate,
1373 2689 1441 2729 vel
1493 2689 1551 2729 ab
1597 2689 1804 2742 opinione

330 2765 517 2815 virtutis,
561 2764 702 2805 multo
743 2764 942 2818 profecto
983 2764 1142 2818 aegrius
1184 2763 1416 2804 delationis
1454 2763 1645 2804 dedecus
1682 2762 1804 2812 feret,

332 2853 468 2894 quam
491 2839 565 2893 qui
587 2839 644 2880 ab
666 2839 717 2879 iis
740 2839 869 2879 rebus
896 2838 1062 2879 nullam
1093 2843 1266 2892 partam
1297 2838 1608 2879 auctoritatem
1636 2837 1802 2879 afferat.

503 2927 516 2948 ¹
540 2929 613 2962 Lib.
633 2928 662 2962 8.
679 2929 722 2961 de
734 2929 811 2961 Ver.
824 2929 901 2970 Jud.
1010 2927 1023 2947 ³
1046 2936 1076 2961 2.
1100 2928 1242 2969 Paralip.
1259 2934 1313 2969 25.
1422 2926 1436 2946 ³
1459 2935 1491 2960 2.
1512 2927 1596 2968 Reg.
1617 2934 1666 2958 12.
