1903 3197
234 200 339 245 620
566 196 648 242 De
678 195 871 243 ratione
903 193 1098 241 vivendi
1130 193 1392 241 Socz’etatzk.

333 332 437 373 Huc
469 331 630 372 referas
661 330 764 371 licet
785 335 963 384 tempus
998 328 1208 383 loquendi
1231 342 1332 369 cum
1354 327 1583 382 proximis,
1605 341 1720 381 prae-

243 408 395 450 sertim
420 405 622 446 foeminis.
688 405 795 446 “Ne
816 404 1141 458 circumspicias
1164 403 1357 457 speciem
1379 400 1633 443 alienam.”l

333 482 499 530 Tertio,
528 481 769 534 sapientiae,
798 486 842 521 et
870 480 1099 534 gravitatis
1127 492 1270 520 causa.
1349 477 1466 531 Quia
1500 478 1723 531 sapientes

245 571 336 599 non
373 556 618 597 admodum
656 555 932 596 admirantur
969 553 1177 608 quicquid
1215 553 1353 594 oculis
1390 552 1606 606 objicitur,
1642 565 1723 593 nec

246 632 416 674 curiose
451 632 702 685 inspectant
743 630 901 671 omnia.
967 629 1145 679 Contra,
1180 627 1298 669 leves
1339 627 1541 668 homines
1578 632 1622 667 et
1658 627 1724 667 in-

245 707 459 762 sipientes
501 707 651 747 omnia
691 705 887 746 contueri
929 704 1094 753 volunt,
1138 709 1182 744 et
1224 703 1356 757 longe
1402 703 1546 757 posita
1587 708 1725 755 atque

247 781 481 835 disjuncta.
557 780 723 822 “Oculi
776 779 1010 820 stultorum
1063 780 1107 819 in
1159 777 1319 818 finibus
1371 774 1561 818 terrae.''2
1624 776 1726 816 Hac

249 856 469 912 gravitate
492 855 626 896 fuisse
649 854 914 895 Malachiam
940 852 1074 907 paulo
1096 858 1199 893 ante
1221 852 1576 906 significavimus,
1600 850 1726 904 cujus

247 937 468 986 aspectus,
507 937 643 983 atque
685 929 836 970 oculus
877 943 904 969 a
942 929 988 969 B.
1014 928 1240 969 Bernardo
1283 941 1501 981 nusquam
1544 925 1726 968 avolans

248 1005 384 1047 fuisse
421 1005 588 1046 dicitur.
653 1004 975 1053 Bonaventura,
1002 1004 1072 1044 De
1103 1001 1284 1042 Inform.
1308 1001 1454 1043 Novit.
1478 1016 1518 1055 p.
1545 1012 1580 1042 2.
1610 1015 1644 1042 c.
1672 1012 1728 1052 4:

252 1081 397 1122 “Non
439 1079 673 1135 evageris‚”
718 1080 871 1132 inquit,
911 1080 1035 1120 “tuis
1076 1077 1213 1119 oculis
1254 1077 1357 1118 hinc
1399 1077 1513 1129 inde,
1555 1076 1729 1130 singula

251 1155 481 1207 intuendo,
494 1155 609 1210 'quia
641 1155 834 1196 levitatis
866 1160 932 1195 est
965 1151 1213 1194 indicium.”

271 1349 334 1387 IN
378 1346 667 1396 QUINTAM,
699 1343 928 1383 SEXTAM
970 1343 1042 1379 ET
1079 1342 1376 1380 SEPTIMAM
1416 1341 1709 1381 REGULAM.

345 1445 517 1487 Omnes
558 1443 627 1483 hae
671 1440 833 1495 regulae
877 1453 929 1480 eo
971 1444 1185 1492 spectant,
1220 1444 1269 1479 ut
1305 1438 1390 1479 oris
1432 1438 1648 1489 decorem,
1687 1443 1734 1480 et

257 1519 527 1562 modestiam
566 1517 838 1571 praecipiant.
915 1513 1138 1567 Quoniam
1176 1519 1325 1553 autem
1362 1513 1446 1553 tria
1481 1520 1593 1562 sunt,
1631 1527 1733 1567 quae

255 1610 335 1637 ora
369 1593 630 1641 deforment,
665 1597 709 1632 et
747 1591 892 1630 minus
928 1589 1087 1629 decora
1124 1588 1323 1638 reddant,
1349 1601 1481 1641 rugae,
1515 1588 1733 1629 labiorum

257 1669 408 1713 hiatus
444 1668 514 1709 vel
552 1680 739 1721 pressus,
772 1671 816 1706 et
851 1664 1029 1705 tristitia
1064 1676 1140 1703 seu
1177 1663 1397 1703 turbatio:
1441 1662 1604 1704 idcirco
1638 1663 1736 1704 haec

257 1745 380 1787 omni
417 1744 554 1785 animi
589 1741 840 1796 provisione
874 1739 1056 1780 vitanda
1085 1738 1253 1791 jubent.
1319 1737 1428 1778 Ideo
1461 1743 1611 1778 autem
1645 1743 1737 1779 stu·

259 1820 459 1862 dendum
494 1824 561 1859 est
595 1816 825 1857 modestiae
848 1814 944 1863 oris,
969 1813 1082 1866 quia,
1107 1818 1155 1853 ut
1176 1813 1238 1853 ait
1261 1812 1584 1862 Bonaventura,
1609 1812 1736 1866 Spec.

259 1895 354 1937 Dis.
393 1909 434 1949 p.
473 1904 508 1945 3.
545 1907 577 1933 c.
617 1903 668 1931 2:
707 1891 798 1930 “In
840 1889 950 1930 facie
991 1888 1181 1928 hominis
1223 1887 1449 1941 speculum
1493 1887 1738 1941 disciplinae

260 1971 439 2019 relucet,
479 1969 549 2009 cui
587 1973 715 2008 tanto
751 1964 893 2018 major
928 1963 1129 2004 custodia
1165 1968 1232 2003 est
1268 1962 1532 2013 adhibenda,
1569 1968 1737 2016 quanto

262 2046 420 2095 minus,
445 2043 566 2098 quod
590 2043 633 2083 in
656 2055 709 2083 ea
730 2040 899 2094 peccati
922 2038 1061 2088 suerit,
1084 2037 1214 2079 celari
1236 2035 1420 2091 potest.''

579 2193 645 2225 DE
677 2190 827 2223 RUGIS
860 2189 914 2221 IN
946 2188 1147 2220 FRONTE
1177 2187 1427 2219 VITANDIS.

354 2270 497 2323 Rugae
522 2268 565 2308 in
587 2267 731 2307 fronte
768 2271 820 2305 10.
845 2276 1046 2304 curarum
1075 2262 1255 2316 plenum
1286 2261 1482 2302 animum
1515 2259 1739 2311 indicant;

265 2345 367 2386 ideo
413 2345 605 2398 pictores
646 2354 746 2382 cum
789 2339 1043 2392 quempiam
1086 2337 1199 2377 curis
1240 2337 1481 2377 distentum
1532 2334 1740 2389 penicillo

264 2419 422 2461 volunt
460 2416 721 2471 exprimere,
744 2413 1004 2467 confugiunt
1035 2412 1090 2452 ad
1128 2424 1285 2464 rugas:
1330 2410 1432 2463 quia
1466 2408 1740 2450 contrahitur

267 2494 441 2535 animus
479 2490 764 2544 cogitabundi
807 2487 1007 2536 hominis,
1043 2491 1087 2526 et
1120 2486 1177 2526 ad
1219 2485 1353 2525 animi
1390 2484 1738 2525 contractionem

269 2582 429 2623 corpus
455 2580 631 2621 quoque
663 2563 935 2605 contrahitur
966 2562 1111 2615 ipsum
1144 2561 1187 2600 in
1220 2560 1479 2601 mollissima
1509 2566 1634 2613 parte
1659 2558 1739 2609 sui,

266 2643 434 2685 scilicet
465 2642 636 2692 fronte;
668 2653 779 2693 quae,
809 2638 912 2691 quia
939 2636 1059 2677 velut
1092 2635 1235 2676 mollis
1267 2649 1366 2675 cera
1396 2635 1512 2675 varie
1545 2640 1742 2675 mutatur

268 2725 314 2760 et
334 2717 533 2767 volvitur,
554 2715 701 2756 vultus
733 2712 989 2767 appellatur.
1054 2711 1224 2751 Idcirco
1256 2710 1389 2763 igitur
1413 2709 1606 2750 vitandae
1637 2713 1741 2750 sunt

270 2807 404 2847 rugae,
445 2792 549 2846 quia
594 2790 845 2843 religiosum
897 2788 1095 2827 animum
1142 2785 1273 2826 nullze
1316 2798 1431 2824 curae
1472 2784 1637 2825 debent
1677 2784 1740 2824 ita

270 2881 444 2922 angere,
468 2873 517 2907 ut
539 2879 640 2907 eum
662 2866 910 2911 immutent,
935 2867 1011 2902 aut
1037 2861 1093 2901 de
1123 2874 1202 2900 sua
1230 2860 1478 2900 constantia
1506 2860 1737 2900 deducant.

744 2960 757 2981 ²
781 2961 882 2993 Eccli.
906 2969 936 3000 9.
1074 2957 1087 2977 ²
1111 2959 1206 2990 Prov.
1228 2966 1280 2991 21.
