1903 3197
536 173 604 219 In
640 171 856 233 Regulas
889 170 962 216 M
956 170 1149 217 odestz‘ce.
1480 171 1587 228 683.

115 308 289 349 tertiam
331 307 558 354 immiscet,
602 306 792 358 seritque
839 305 952 345 inter
994 319 1069 344 eos
1111 303 1359 344 discordias.
1443 303 1577 344 Tales

114 389 263 423 autem
285 387 398 430 sunt,
422 381 496 434 qui
525 394 625 421 cum
653 380 710 420 ab
738 379 886 432 aliquo
915 380 1080 432 aliquid
1111 379 1339 428 audierint,
1364 378 1588 418 continuo·

114 457 184 498 vel
216 457 259 497 id
291 457 347 497 ad
379 469 479 496 eum
511 456 655 508 ipsum
687 455 889 503 referunt,
908 454 976 495 vel
1005 468 1106 494 cum
1138 454 1233 494 aliis
1261 460 1426 494 temere
1457 466 1577 493 com-

118 530 353 571 municant.
437 530 554 571 Sane
600 535 783 569 monent
828 530 967 569 sancti
1007 529 1098 578 viri,
1140 535 1189 568 ut
1234 529 1291 568 ab
1341 526 1424 568 hoc
1469 528 1588 568 vitio-

117 611 424 659 temperemuS.
506 604 552 644 B.
587 604 754 644 Isaias:
798 603 881 644 “Si
923 609 1114 643 erratum
1156 603 1338 656 alicujus
1379 602 1579 643 animad-

116 680 308 728 verteris,
338 692 394 719 ne
429 678 536 718 illud
573 677 629 718 ad
666 678 776 718 alios
807 678 989 727 deferas,
1018 684 1094 718 aut
1130 678 1173 717 in
1211 691 1286 717 ore
1320 683 1398 717 tuo
1434 677 1499 725 sit,
1531 682 1581 717 ut

116 754 322 794 fratribus
343 753 489 802 dicas;
511 753 555 792 id
578 753 695 793 enim
718 766 836 793 mors
857 759 923 793 est
945 752 1105 792 animae
1127 752 1250 792 tuae.”
1302 752 1361 791 Et
1385 751 1577 792 Sanctus

117 827 373 868 Dorotheus
413 827 530 877 dicit,
572 827 797 880 proprium
840 841 934 867 esse
975 841 1063 867 non
1105 827 1300 867 timentis
1343 826 1502 873 Deum,
1542 825 1581 865 si

117 916 217 943 cum
255 902 419 955 aliquid
461 901 648 942 audierit
684 902 827 942 minus
864 902 980 951 utile,
1015 902 1223 942 continuo
1260 901 1367 941 illud
1404 899 1586 952 garrula

117 977 269 1030 lingua
303 976 466 1029 ubique
501 976 766 1017 disseminet.
831 978 890 1017 Et
928 976 971 1018 S.
1000 977 1318 1024 Bonaventura,
1351 975 1407 1015 de
1445 974 1586 1015 Infor.v

119 1052 266 1092 Novit.
297 1057 450 1092 monet
482 1064 537 1091 ne
565 1051 883 1092 detractionem
918 1052 967 1099 ei,
995 1052 1063 1091 cui
1095 1051 1342 1091 detractum
1377 1055 1453 1099 est,
1480 1063 1590 1102 pro--

120 1127 288 1167 damus.
371 1125 477 1165 “Ne
527 1125 704 1179 magis‚’'
747 1126 898 1179 inquit,
943 1128 1182 1179 “gravetur
1231 1130 1384 1165 contra
1435 1123 1582 1164 detra-

118 1200 307 1249 hentem,
341 1200 435 1250 sibi,
465 1213 598 1253 quam
635 1214 693 1240 ex
734 1200 945 1241 relatione
980 1206 1057 1240 tua
1093 1199 1350 1240 minuatur.”
1423 1197 1593 1238 Altera.

121 1289 253 1316 causa
283 1289 359 1315 cur
390 1275 541 1315 audita
572 1274 784 1315 detractio
816 1275 1043 1315 obruenda
1074 1274 1247 1314 silentio
1279 1274 1345 1322 sit,
1373 1279 1450 1321 est,
1479 1273 1586 1326 quia

121 1348 329 1389 levissimi
366 1355 432 1389 est
467 1349 640 1402 ingenii,
676 1363 775 1402 quae
812 1350 963 1389 audita
998 1355 1112 1398 sunt,
1145 1362 1196 1388 ea
1232 1349 1456 1388 continere
1492 1360 1581 1387 non

121 1436 261 1476 posse,
285 1423 366 1463 nisi
401 1423 547 1463 subito
574 1424 630 1464 ad
664 1424 773 1464 alios
802 1424 1090 1471 circumferas,
1115 1430 1158 1463 et
1187 1424 1230 1462 in
1260 1437 1385 1463 aures
1416 1422 1587 1462 alienas

122 1497 333 1538 effundas.
397 1497 506 1538 Ideo
539 1497 669 1538 Eccli.
704 1510 764 1550 19.
791 1499 852 1538 sic
884 1498 1121 1538 admonet:
1155 1497 1369 1537 “Audisti
1400 1497 1584 1536 verbum

122 1573 331 1614 adversus
364 1573 619 1626 proximum
651 1573 811 1612 tuum?
847 1573 1161 1612 commoriatur
1191 1572 1337 1630 in-te;
1374 1571 1584 1623 quoniam

124 1661 213 1689 non
244 1653 289 1688 te
320 1646 577 1700 dirumpet.’'
642 1647 742 1687 Hoc
772 1653 847 1696 est,
870 1647 1107 1700 sepeliatur
1135 1647 1179 1686 in
1208 1652 1262 1696 te,
1287 1653 1330 1686 et
1359 1646 1402 1686 in
1431 1645 1586 1686 oblivi-

126 1735 258 1762 onem
272 1721 441 1772 veniat;
463 1734 551 1761 non
574 1721 690 1761 enim
713 1721 889 1761 nocebit
902 1721 992 1768 tibi,
1008 1721 1042 1760 si
1065 1720 1108 1760 id
1131 1721 1248 1773 apud
1271 1727 1316 1760 te
1336 1721 1596 1760 contineas:

126 1795 353 1837 confidens
394 1795 497 1844 fore,
532 1801 581 1835 ut
616 1795 791 1835 silentio
826 1809 1025 1848 pressum
1063 1809 1152 1835 non
1189 1800 1234 1835 te
1269 1794 1502 1847 dirumpat,
1538 1800 1588 1835 ut

126 1869 263 1910 semel
299 1869 507 1909 haustum
542 1883 771 1918 venenum,
802 1869 921 1922 quod
959 1869 1039 1909 nisi
1076 1869 1308 1909 confestim
1346 1875 1587 1918 evomatur,

127 1942 342 1991 interficit,
375 1949 420 1983 et
456 1943 664 1983 intestina
705 1943 924 1996 dirumpit.
1000 1942 1101 1996 Quo
1143 1943 1321 1996 quidem
1363 1948 1589 1996 praecepto

126 2017 371 2070 significare
411 2016 549 2057 voluit
591 2016 788 2070 Sapiens,
832 2023 1043 2069 quantam
1084 2017 1172 2056 vim
1219 2017 1300 2057 sibi
1347 2017 1589 2057 adhibeant

125 2105 302 2132 necesse
323 2097 390 2132 est
410 2089 617 2131 levissimi
639 2091 820 2143 quidam
847 2090 1047 2130 homines
1076 2091 1120 2130 in
1148 2091 1210 2139 iis,
1234 2105 1332 2144 quae
1355 2091 1586 2141 audierint,

127 2165 414 2214 continendis,
440 2171 652 2217 tanquam
685 2178 731 2204 se
763 2164 1078 2217 dirumpendos
1114 2164 1229 2205 illico
1266 2171 1476 2215 metuant,
1507 2166 1600 2206 nisi'

128 2255 184 2281 ea
223 2240 319 2294 ipsa
359 2240 403 2279 in
439 2239 624 2279 aliorum
662 2252 786 2279 aures
823 2239 969 2279 subito
1005 2238 1244 2279 effundant.
1320 2240 1380 2279 Et
1415 2240 1592 2293 subjicit

126 2316 351 2369 geminam
393 2315 449 2355 ad
491 2314 534 2354 id
576 2320 728 2367 aptam
770 2314 1112 2364 similitudinem,
1148 2328 1332 2368 quarum
1374 2330 1462 2356 una
1498 2322 1592 2357 est:

130 2390 214 2430 “A
264 2390 374 2430 facie
416 2390 535 2430 verbi
586 2390 773 2443 parturit
823 2389 979 2438 fatuus,
1023 2390 1148 2442 quasi
1198 2391 1389 2442 gemitus
1439 2396 1604 2444 partus.

129 2463 346 2504 insantis.’'
408 2463 565 2504 Altera
593 2477 722 2503 vero:
746 2463 956 2516 “Sagitta
990 2463 1128 2503 infixa
1161 2463 1205 2504 in
1238 2464 1403 2505 femore
1436 2465 1591 2515 carnis,

131 2539 194 2578 sic
214 2538 397 2578 verbum
427 2539 470 2577 in
502 2537 633 2578 corde
664 2537 822 2578 stulti.”
886 2537 1087 2590 Utraque
1118 2539 1336 2579 sententia
1366 2539 1590 2579 levitatem

134 2612 430 2665 quorumdam
460 2611 704 2661 hominum,
728 2612 802 2664 qui
834 2612 986 2652 audita
1016 2612 1239 2653 continere
1261 2614 1379 2665 apud
1406 2627 1452 2653 se
1473 2613 1595 2654 nullo

132 2686 266 2726 modo
307 2692 504 2739 possunt,
547 2686 751 2726 ostendit.
833 2685 970 2738 Cujus
1015 2687 1170 2739 prioris
1210 2686 1281 2726 hic
1322 2693 1389 2727 est
1428 2701 1593 2728 sensus.

133 2761 302 2801 Fatuus
343 2773 369 2800 a
409 2760 543 2800 verbo
591 2765 804 2813 concepto
849 2773 927 2812 per
971 2760 1170 2800 auditum
1212 2761 1274 2801 sic
1314 2762 1509 2814 parturit,
1551 2767 1597 2803 et

129 2834 304 2875 laborat
340 2833 397 2874 ad
438 2833 754 2874 effundendum
796 2833 913 2883 illud,
948 2834 1060 2874 sicut
1095 2835 1342 2887 parturiens
1382 2835 1605 2876 infantem.

133 2909 179 2949 in
213 2908 453 2962 gemitibus
489 2907 653 2950 mulier.
729 2908 984 2949 Posterioris
1020 2914 1168 2949 autem
1205 2909 1240 2949 is
1277 2916 1368 2950 est:
1398 2910 1606 2951 Verbum.
