1903 3197
266 172 365 228 694
594 167 674 214 De
708 167 898 214 ratione
930 166 1126 214 vivendi
1158 165 1422 214 Socz‘etatzk.

268 303 403 343 verba
424 301 756 355 quodammodo
788 302 1008 355 mandere,
1031 307 1075 342 et
1100 301 1216 342 intra
1237 307 1364 354 septa
1387 300 1587 342 dentium
1608 315 1740 342 voces

264 378 360 431 jam
382 377 612 418 inchoatas
635 378 782 431 inepte
803 390 1029 430 premere;
1067 391 1147 417 nec
1177 382 1297 417 caret
1325 375 1572 429 hypocrisis
1600 377 1740 429 suspi-

270 454 406 494 cione.
470 452 598 505 Quia,
631 458 680 492 ut
719 452 1023 505 Hieronymus
1055 452 1129 502 ait,
1153 451 1338 491 “Facile
1376 457 1443 491 est
1478 451 1599 492 tenui
1632 464 1741 492 voce

270 541 495 568 sermones
527 527 773 580 infringere,
797 533 840 567 et
872 527 1063 568 salutare
1095 524 1393 567 submissius.''

359 603 419 643 Et
452 602 685 652 Climacus,
719 602 791 643 Gr.
826 613 890 643 21.
925 615 1025 642 cum
1057 602 1113 642 de
1147 600 1410 642 Cenodoxia
1441 599 1643 653 loquitur,
1676 601 1739 642 ait

272 679 294 696 “
308 691 406 718 eam
429 691 528 718 cum
551 677 756 730 superbia
778 677 835 717 sit
857 676 1122 730 plenissima,
1145 675 1365 716 submissa
1386 675 1506 728 loqui
1527 675 1671 716 voce.’'

359 752 508 805 Quare
525 752 768 792 audiendus
786 757 853 792 est
876 751 1075 801 Basilius,
1095 751 1169 803 qui
1187 751 1231 790 in
1249 750 1399 791 Ascet.
1419 751 1482 790 ita
1497 748 1740 804 praecipit:1

270 825 500 879 “Quando
523 827 759 867 necessitas
782 826 933 879 exigit,
958 831 1006 866 ut
1035 825 1256 878 colloquia
1284 831 1439 865 mutua
1460 824 1741 874 misceantur,

272 901 518 941 moderatio
540 902 659 941 vocis
688 901 939 941 necessitati
970 900 1263 953 respondeat:
1296 900 1357 940 ita
1386 905 1434 940 ut
1462 914 1563 940 cum
1589 914 1642 940 eo
1663 900 1740 953 qui

270 977 450 1030 propior
480 982 556 1025 est,
584 976 823 1029 placidiore
851 990 958 1016 voce
992 989 1137 1015 sermo
1169 974 1259 1025 fiat,
1281 981 1325 1015 et
1356 975 1392 1015 is
1424 975 1498 1028 qui
1530 975 1739 1016 remotior

270 1057 346 1100 est,
371 1051 538 1104 majore
569 1050 843 1091 advocetur.'’

360 1126 498 1176 Idem,
531 1126 586 1166 ad
620 1126 880 1179 Gregorium
914 1139 1001 1178 ep.:
1038 1125 1238 1165 “Modus
1271 1125 1391 1165 vocis
1427 1125 1600 1165 medius
1641 1138 1741 1178 pro-

271 1201 476 1241 ferendus
513 1207 646 1253 atque
682 1200 968 1241 honorandus
986 1215 995 1250 3
1027 1205 1076 1240 ut
1107 1213 1251 1253 neque
1283 1200 1327 1239 in
1360 1199 1576 1240 tenuitate
1613 1214 1740 1241 aures

272 1276 468 1329 effugiat,
520 1289 663 1329 neque
713 1289 861 1316 rursus
912 1276 1085 1315 intenta
1135 1275 1443 1328 magnitudine
1493 1275 1638 1328 gravis
1689 1289 1742 1316 ac

271 1351 484 1391 molestus
521 1350 633 1392 fiat.’'

362 1426 421 1465 Et
457 1425 675 1475 Clemens,
700 1425 876 1478 Paedag.
903 1439 936 1465 c.
965 1434 1018 1476 7:
1052 1423 1177 1477 “Qui
1210 1425 1396 1474 disserit,
1425 1438 1580 1465 vocem
1613 1438 1739 1466 suam

272 1500 480 1540 metiatur
526 1499 648 1552 justa
690 1499 985 1553 proportione,
1028 1505 1072 1539 et
1112 1499 1546 1540 commoderatione:
1598 1499 1740 1540 elatus

271 1574 389 1615 enim
428 1574 595 1615 clamor
631 1573 1010 1627 pronunciationis
1051 1586 1118 1613 res
1155 1580 1222 1613 est
1258 1574 1551 1614 insanissima.
1627 1573 1742 1615 Cum

271 1649 489 1702 proximis
512 1655 660 1689 autem
684 1649 746 1689 ita
767 1649 886 1702 loqui
910 1655 958 1688 ut
980 1662 1068 1688 non
1091 1649 1293 1697 audiaris,
1317 1648 1411 1700 ejus
1434 1655 1501 1689 est
1522 1649 1596 1702 qui
1619 1648 1742 1690 nullo

272 1737 402 1764 sensu
426 1730 492 1764 est
514 1724 727 1777 praeditus
746 1738 754 1774 ;
787 1736 930 1776 neque
947 1723 1064 1763 enim
1080 1723 1288 1763 audient:
1311 1729 1354 1763 et
1372 1729 1437 1763 est
1455 1723 1539 1764 hoc
1560 1724 1740 1777 quidem

272 1799 430 1852 pusilli,
455 1804 498 1839 et
522 1798 681 1851 abjecti
706 1798 842 1838 animi
866 1798 1087 1847 indicium,
1111 1797 1218 1838 illud
1239 1811 1343 1838 vero
1365 1797 1664 1852 arrogantiae.’'

362 1874 413 1913 In
437 1873 653 1926 qualitate
675 1887 779 1913 vero
808 1873 1054 1913 cavendum
1084 1878 1161 1922 est,
1190 1878 1241 1912 10.
1266 1886 1321 1913 ne
1342 1873 1399 1914 sit
1420 1873 1550 1913 nimis
1572 1873 1743 1924 festina,

272 1954 348 1988 aut
386 1947 531 1988 lenta:
573 1954 677 1988 sunt
715 1947 833 1988 enim
872 1947 1053 2000 quidam
1086 1946 1160 2000 qui
1197 1947 1241 1987 in
1272 1947 1392 1987 vocis
1428 1947 1651 1989 celeritate
1682 1949 1746 1989 ita

271 2022 501 2076 proferunt
531 2022 678 2071 verba,
704 2028 751 2062 ut
783 2035 957 2075 semper
988 2022 1051 2061 ira
1082 2021 1236 2075 perciti
1267 2021 1509 2062 videantur.
1571 2022 1674 2076 Qua
1699 2022 1743 2063 in

272 2112 318 2138 re
339 2097 531 2138 levitatis
553 2097 673 2136 haud
703 2096 837 2137 dubie
867 2103 1019 2136 notam
1050 2096 1284 2146 incurrunt,
1309 2096 1592 2150 indicantque
1614 2098 1676 2138 ita
1697 2111 1745 2139 se

273 2185 369 2212 esse
410 2172 454 2211 in
497 2172 684 2224 agendo,
722 2177 770 2211 ut
808 2177 910 2211 sunt
952 2172 995 2210 in
1033 2170 1256 2223 loquendo
1297 2171 1555 2224 praecipites.
1629 2171 1744 2225 Quae

272 2247 369 2300 ipsa
391 2247 644 2300 properatio
661 2260 781 2299 saepe
804 2246 939 2285 etiam
956 2245 1089 2286 verba
1111 2245 1352 2295 confundit,
1369 2252 1503 2298 atque
1519 2246 1742 2299 opprimit,

273 2335 329 2361 ne
361 2322 606 2361 audiantur.
674 2320 893 2368 Clemens,
928 2320 952 2360 l.
984 2330 1018 2359 2.
1045 2320 1218 2373 Paedag.
1242 2334 1274 2359 c.
1299 2329 1351 2372 7:
1396 2319 1589 2373 “Neque
1620 2320 1744 2362 volu-

271 2395 417 2436 biliter
449 2402 492 2436 et
524 2395 853 2449 praecipitanter
884 2394 1227 2447 colloquendum
1259 2394 1388 2444 est;''
1425 2401 1469 2434 et
1505 2395 1622 2435 idem
1654 2396 1744 2436 ait:

272 2470 503 2511 “Modesti
546 2470 739 2510 hominis
781 2483 876 2509 esse
917 2483 944 2509 a
992 2468 1215 2509 celeritate
1266 2469 1455 2509 arcentis
1495 2470 1741 2511 orationem

269 2544 433 2585 suam.''

356 2618 449 2659 Alii
486 2633 589 2659 vero
633 2619 764 2658 nimis
801 2617 920 2666 lenti,
955 2617 1158 2670 tardique
1197 2623 1299 2658 sunt
1340 2618 1383 2658 in
1425 2617 1660 2671 loquendo,
1694 2624 1743 2659 ut

271 2707 467 2746 quaerere
509 2707 685 2746 semper
721 2692 866 2741 verba,
902 2705 1001 2745 quae
1039 2705 1134 2732 sese
1175 2691 1289 2732 ultro
1325 2693 1386 2732 eis
1427 2706 1517 2733 non
1553 2692 1744 2734 offerunt

269 2768 513 2808 videantur.
578 2766 713 2820 Quod
735 2767 868 2807 etiam
891 2767 1046 2807 vitium
1069 2767 1327 2820 fugiendum
1350 2773 1425 2807 est.
1479 2768 1740 2817 Bernardus,

268 2842 324 2882 de
348 2842 515 2883 Ordine
537 2842 655 2883 Vitae
675 2859 682 2883 ε
716 2841 856 2882 “Vox
878 2842 975 2895 ipsa
997 2855 1087 2882 non
1110 2842 1302 2892 remissa,
1327 2855 1415 2882 non
1437 2841 1610 2884 fracta.”

878 2931 890 2951 1
916 2933 1031 2965 Ascet.
1051 2943 1079 2964 c.
1098 2941 1130 2964 2.
