1903 3197
515 186 595 232 De
627 186 899 233 z'ndz'candzk
933 189 1119 235 morbis.
1452 202 1546 250 495

91 535 168 572 DE
226 537 563 575 INDICANDIS
621 537 832 575 MORBIS
889 538 961 574 ET
1017 538 1137 576 NON
1190 540 1546 579 ADHIBENDIS

173 605 487 652 MEDIC1N1s‚
540 607 723 654 JUXTA
764 607 1042 644 REGULAM
1100 618 1156 654 17.
1200 609 1273 645 EX
1326 610 1546 648 CONSTI-

172 675 536 728 TUTIONIBUS.

93 767 290 808 EGIMUS
336 768 429 820 jam
481 769 536 809 de
596 770 657 819 iis,
714 784 812 823 quae
868 771 924 811 ad
980 771 1191 811 tuendam
1242 771 1540 813 valetudinem

90 841 321 893 pertinent,
363 854 523 894 easque
563 844 840 895 potissimum
879 844 1060 896 regulaS,
1095 858 1193 896 quae
1236 845 1292 885 ad
1334 845 1378 884 id
1420 859 1541 898 spec-

88 919 196 963 tant,
238 914 492 967 singillatim
543 916 869 969 explicavimus.
952 918 1082 957 Nunc
1124 917 1179 957 de
1230 918 1280 957 iis
1321 919 1543 971 agendum

88 991 165 1036 est,
207 1000 322 1039 quae-
347 988 403 1027 ad
450 990 764 1030 restituendam
806 990 1101 1031 valetudinem
1153 991 1359 1032 amissam
1411 994 1542 1045 perti-

89 1066 227 1100 nent:
288 1066 332 1100 et
383 1075 481 1113 quae
533 1062 588 1102 de
639 1077 690 1103 ea
740 1077 785 1103 re
834 1064 1085 1117 perscriptae
1137 1070 1239 1104 sunt
1290 1064 1450 1117 regulae
1503 1071 1547 1106 et

91 1134 424 1174 constitutiones
458 1136 744 1188 explicandae.

177 1207 280 1247 Duo
302 1214 448 1248 autem
480 1209 564 1249 hoc
585 1210 681 1250 loco
703 1211 1018 1252 consideranda
1039 1212 1326 1253 videbantur:
1360 1212 1547 1253 alterum

89 1293 292 1331 quaenam
335 1281 529 1321 maxime
569 1283 625 1322 ad
668 1285 1011 1337 recuperandam
1047 1285 1344 1325 valetudinem
1387 1285 1549 1326 faciant

87 1352 236 1405 legum
270 1354 549 1406 przescripta:
591 1355 787 1406 alterum,
823 1358 1047 1410 quomodo
1084 1372 1141 1398 ex
1184 1358 1340 1398 iisdem
1377 1358 1555 1412 legibus-

86 1424 334 1478 regulisque
369 1427 507 1466 morbi
541 1429 606 1468 vis
639 1435 683 1470 et
716 1432 947 1483 aegrotatio
982 1431 1160 1471 serenda
1193 1432 1258 1472 sit.

173 1498 250 1538 Ad
284 1502 625 1552 recuperandam
660 1509 808 1544 autem
842 1504 1139 1544 valetudinem
1172 1510 1259 1544 tres
1293 1505 1552 1546 dicebamus*

86 1571 211 1612 initio
252 1573 623 1616 constititutiones
665 1591 714 1617 ac
756 1577 927 1630 regulas
969 1591 1064 1617 esse
1100 1578 1403 1631 praescriptas:
1438 1578 1547 1619 duas

87 1645 264 1697 quidem
308 1660 365 1686 ex
412 1654 536 1700 parte
578 1649 864 1699 subditorum,
909 1657 951 1690 et
994 1665 1143 1691 eorum
1187 1651 1260 1704 qui
1303 1657 1548 1704 aegrotant;

86 1720 262 1759 tertiam
293 1734 396 1760 vero
429 1735 486 1760 ex
518 1729 642 1774 parte
673 1724 956 1776 superiorum,
979 1730 1022 1764 et
1055 1738 1204 1764 eorum
1242 1726 1316 1777 qui
1354 1731 1549 1777 praesunt

86 1806 138 1833 ac
172 1793 419 1833 ministrant
452 1796 638 1847 aegrotis

175 1865 297 1905 Prior
336 1866 467 1918 igitur
509 1880 566 1906 ex
607 1874 731 1920 parte
772 1869 1047 1910 subditorum
1091 1884 1141 1910 ea
1183 1876 1259 1921 est,
1297 1885 1395 1923 quae
1437 1873 1551 1913 inter

86 1952 341 1979 communes
373 1940 497 1980 xvii.a
520 1947 784 1992 numeratur,
808 1948 851 1982 et
873 1942 928 1982 de
959 1943 1041 1983 hac
1063 1957 1176 1984 nunc
1208 1958 1416 1997 agemus:
1449 1959 1553 1998 quae

85 2013 147 2052 sic
178 2012 336 2052 habet:
373 2012 495 2064 “Qui
529 2014 643 2054 male
675 2029 722 2055 se
753 2015 914 2056 habere
950 2023 1110 2069 praeter
1143 2018 1320 2058 solitum
1353 2021 1547 2068 senserit,

84 2084 130 2124 id
168 2084 404 2125 infirmario
441 2085 508 2126 vel
546 2087 754 2139 praefecto
783 2090 981 2129 sanitatis
1018 2097 1094 2130 aut
1131 2092 1339 2143 superiori
1378 2092 1545 2133 referat.

86 2158 231 2198 Nemo
253 2172 354 2199 vero
378 2159 639 2200 medicinam
671 2160 804 2201 ullam
835 2163 1031 2215 accipiat,
1055 2170 1129 2204 aut
1159 2165 1378 2204 medicum
1415 2166 1548 2219 eligat

84 2231 153 2271 vel
195 2232 404 2282 consulat,
449 2233 529 2272 nisi
585 2235 859 2287 approbante
912 2235 1180 2289 Superiorc.''
1244 2238 1433 2291 Sumpta
1482 2244 1550 2279 est

85 2310 233 2345 autem
271 2305 345 2345 lex
379 2305 473 2346 haec
508 2321 565 2347 ex
600 2308 650 2347 iis
673 2322 772 2360 quae
806 2309 1010 2350 dicuntur
1041 2310 1083 2350 in
1118 2321 1151 2361 3.
1176 2325 1215 2363 p.
1243 2311 1426 2352 Constit.
1452 2326 1483 2353 c.
1510 2323 1545 2352 2.

83 2376 109 2430 ξ
140 2378 177 2417 6.
202 2378 261 2418 lit.
287 2378 335 2429 G,
361 2386 408 2419 ut
443 2379 553 2420 inter
587 2381 901 2434 explicandum
936 2383 1236 2424 indicabimus.

170 2450 274 2491 Tria
305 2458 452 2492 autem
491 2453 640 2506 regula
676 2456 900 2508 praecipit:
945 2462 996 2505 10,
1033 2462 1081 2496 ut
1118 2456 1259 2497 morbi
1296 2457 1548 2510 aperiantur

82 2523 232 2564 initia:
267 2530 323 2573 20,
365 2531 413 2566 ut
450 2540 579 2567 nemo
612 2528 876 2569 medicinam
910 2529 1044 2569 ullam
1077 2530 1263 2583 accipiat
1300 2529 1550 2584 Superioris

82 2595 277 2648 injussu:
323 2604 379 2648 30,
424 2605 472 2639 ut
515 2613 644 2641 nemo
687 2602 906 2643 medicum
948 2603 1017 2644 vel
1059 2603 1193 2656 eligat
1234 2604 1301 2644 vel
1344 2603 1548 2646 consulat

84 2669 164 2710 nisi
198 2670 353 2711 eodem
387 2671 620 2725 Superiore
653 2675 934 2728 approbante.
