1903 3197
189 164 269 209 De
289 164 496 210 ordinat.
525 180 631 224 quce
652 180 709 209 ex
729 163 955 225 cujusque
964 162 1234 224 prudentia
1246 161 1430 223 pendet.
1484 163 1546 219 48
1560 177 1576 207 1

117 301 226 344 rent,
250 295 527 348 permisisse;
560 295 679 347 quod
709 294 870 334 malam
900 294 1265 334 consuetudinem
1295 297 1582 346 praecaveret;

121 374 165 408 et
199 369 358 409 idcirco
392 368 634 421 puellarum
669 368 798 416 sitim,
829 367 981 419 inquit,
1015 367 1233 407 formabat
1262 367 1317 406 ad
1346 366 1580 406 honestum

121 440 331 481 modum.1
391 441 665 482 Adversatur
696 441 828 480 etiam
861 439 1074 491 religiosae
1107 440 1375 492 professioni,
1404 453 1503 491 quae
1535 440 1580 479 in

114 514 311 566 corporis
353 527 647 566 sensuumque
687 512 1023 553 mortificatione
1065 513 1264 552 cernitur.
1343 513 1461 552 Nam
1503 512 1579 564 qui

123 586 356 627 mortificat
393 587 590 626 membra
627 600 714 634 sua,
752 599 851 638 quae
888 592 990 625 sunt
1026 598 1158 637 super
1193 591 1366 634 terram,
1401 591 1449 624 ut
1486 585 1583 625 reli-

115 660 267 712 giosus
309 660 472 712 quippe
513 660 654 709 debet,
696 659 784 699 suis
825 659 1138 711 cupiditatibus
1183 671 1269 697 non
1313 658 1580 709 obsequitur,

116 733 198 773 sed
228 733 387 772 oblatis
415 732 716 772 occasionibus
745 732 990 772 reluctatur.
1054 730 1237 771 Omittit
1265 731 1407 782 igitur,
1431 731 1465 769 si
1493 744 1582 770 non

114 805 247 854 aliud,
285 805 542 858 praeclarum
578 805 868 845 mortificandi
903 805 968 844 sui
1003 809 1189 857 tempus,
1225 803 1421 856 quisquis
1456 808 1584 843 extra

118 879 302 919 usitatas
343 879 482 928 horas,
519 893 618 918 cum
661 879 753 919 sitis
795 878 1035 927 accesserit,
1073 878 1190 917 sitim
1233 876 1395 929 explet.
1478 876 1583 916 Non

118 952 181 992 sic
201 952 279 991 viri
312 952 461 1000 sancti,
486 959 529 992 et
551 966 727 992 suorum
760 965 990 1004 corporum
1020 950 1193 998 inimici,
1218 963 1404 1002 quorum
1434 949 1583 1002 aliquo

115 1025 357 1077 aliquando
390 1025 587 1077 legimus,
621 1039 676 1065 ne
709 1026 752 1064 in
785 1025 1094 1065 ardentissima
1127 1024 1307 1076 quidem
1342 1023 1422 1072 siti,
1455 1030 1583 1064 extra

119 1097 361 1150 legitimam
385 1111 664 1138 communem
683 1098 978 1146 refectionem,
999 1098 1232 1150 quicquam
1251 1110 1378 1149 aquae
1395 1095 1584 1137 voluisse

118 1177 304 1223 gustare.
356 1171 420 1211 Ut
444 1171 630 1211 Beatum
655 1171 954 1219 Laurentium,
979 1171 1052 1222 qui
1075 1184 1129 1210 ne
1152 1171 1195 1209 in
1219 1170 1379 1209 aestivis
1402 1169 1582 1222 quidem

116 1244 355 1292 ardoribus,
372 1250 448 1284 aut
470 1245 635 1285 itineris
657 1244 983 1297 defatigatione,
1003 1251 1079 1284 aut
1101 1244 1325 1296 quibusvis
1347 1242 1582 1293 laboribus,

118 1331 193 1357 seu
231 1317 364 1357 etiam
400 1318 592 1370 corporis
630 1318 793 1357 morbis
830 1324 984 1370 potum
1022 1331 1217 1369 unquam
1255 1316 1413 1356 dicitur
1445 1330 1584 1369 popo-

118 1390 277 1440 scisse3
310 1391 415 1443 quin
453 1391 487 1430 si
525 1390 636 1431 forte
673 1391 729 1431 ad
766 1391 1008 1431 bibendum
1046 1391 1301 1430 invitaretur
1337 1404 1363 1429 a
1399 1389 1498 1438 suis,
1523 1391 1586 1430 ita

119 1463 250 1503 fuisse
279 1464 433 1504 solitus
465 1465 755 1517 respondere:
783 1467 803 1483 “
820 1464 879 1503 Et
906 1477 1097 1515 quonam
1124 1469 1267 1515 pacto,
1291 1462 1454 1512 fratres,
1478 1463 1584 1502 Pur-

115 1537 273 1590 gatorii
303 1537 490 1578 feremus
520 1538 707 1586 ardores,
731 1537 805 1590 qui
828 1536 956 1589 hujus
979 1538 1155 1589 exiguae
1178 1536 1270 1576 sitis
1294 1549 1382 1575 non
1405 1535 1584 1576 ferimus

117 1618 273 1653 aestum
294 1611 344 1652 ?''
408 1613 601 1665 Ignavus
631 1626 805 1665 semper
834 1612 913 1652 erit
942 1611 1120 1660 athleta,
1145 1610 1219 1663 qui
1249 1610 1452 1650 cohibere
1481 1624 1587 1651 suas

118 1686 423 1739 appetitiones,
447 1692 490 1726 et
519 1700 671 1726 sensus
693 1683 865 1726 v'incere
895 1699 982 1725 non
1009 1685 1219 1725 didicerit.
1284 1684 1440 1724 Monet
1466 1684 1583 1723 enim

122 1759 369 1809 Cassianus,
392 1765 440 1799 ut
477 1759 673 1811 quisquis
707 1759 765 1799 ad
799 1772 968 1812 pugnas
1004 1758 1258 1798 interiorum
1292 1757 1583 1797 certaminum

119 1832 303 1872 voluerit
334 1833 571 1885 pervenire,
603 1832 715 1872 hanc
747 1833 790 1871 in
822 1832 973 1884 primis
1005 1831 1086 1871 sibi
1119 1831 1368 1870 cautionem
1404 1830 1581 1878 indicat,

120 1911 168 1945 ut
184 1909 301 1945 “non
324 1911 454 1957 potus
478 1906 725 1957 quicquam,
741 1918 820 1944 nec
843 1918 941 1944 esus
963 1903 1052 1943 ulla
1073 1903 1369 1943 oblectatione
1386 1902 1584 1943 devictus

120 1984 222 2018 ante
253 1979 488 2018 stationem
523 1978 781 2030 legitimam,
820 1990 1188 2029 communemque
1222 1975 1469 2015 refectionis
1505 1975 1583 2015 ho·

121 2065 226 2100 ram,
265 2057 393 2092 extra
435 2064 633 2091 mensam
665 2051 887 2103 percipere
919 2050 1095 2090 sibimet
1131 2063 1306 2102 prorsus
1343 2048 1581 2101 indulgeat,

122 2125 197 2166 sed
246 2138 300 2164 ne
342 2123 576 2165 refectione
620 2124 798 2176 quidem
842 2129 1065 2163 transacta
1108 2137 1165 2162 ex
1208 2121 1275 2162 his
1318 2135 1584 2175 praesumere

121 2198 202 2239 sibi
234 2198 688 2251 quantulumcumque
718 2195 979 2250 permittat.”

209 2272 314 2312 Sitis
345 2271 506 2312 Christi
536 2270 717 2311 Domini
746 2269 957 2310 attentius
987 2274 1189 2322 reputata
1218 2268 1359 2318 faciet,
1386 2273 1435 2308 ut
1463 2268 1582 2308 sitim

121 2350 315 2385 nostram
352 2358 440 2385 non
476 2349 656 2397 gravate
693 2343 892 2383 feramus.
956 2342 1114 2394 Neque
1151 2342 1267 2382 enim
1304 2341 1446 2394 major
1487 2355 1582 2382 esse

121 2424 269 2459 nostra
304 2418 399 2458 haec
434 2418 606 2471 poterit,
639 2430 773 2470 quam
810 2416 883 2456 illa
920 2415 1011 2464 fuit,
1046 2429 1145 2468 quae
1183 2422 1227 2456 et
1262 2421 1583 2455 tormentorum

121 2491 499 2532 acerbissimorum
522 2490 758 2540 doloribus,
780 2495 824 2529 et
845 2489 1091 2542 largissima
1120 2489 1332 2528 effusione
1360 2488 1585 2541 sanguinis

122 2570 303 2605 evocata
334 2570 410 2613 est,
434 2578 513 2605 nec
544 2571 694 2604 tamen
726 2563 824 2604 ullis
854 2563 979 2616 aquis
1008 2562 1235 2616 paululum
1266 2562 1480 2615 mitigata,
1505 2561 1584 2601 sed

122 2639 220 2679 felle
249 2644 293 2678 et
320 2644 446 2678 aceto
475 2639 615 2690 magis
644 2651 827 2678 accensa
854 2644 988 2690 atque
1018 2637 1193 2677 irritata.
1258 2635 1388 2676 Certe
1419 2634 1583 2675 Clima-

120 2726 196 2752 cus
227 2711 310 2753 hoc
340 2712 534 2764 suggerit
555 2711 838 2752 continentiae
868 2710 1148 2764 praesidium:
1181 2710 1334 2749 “Dum
1362 2707 1581 2758 calicem,''

118 2785 270 2838 inquit,
305 2787 328 2805 “
345 2784 470 2835 bibis,
509 2789 732 2825 memento
769 2784 874 2824 item
911 2784 1023 2824 aceti
1062 2789 1106 2824 et
1143 2782 1254 2823 fellis
1289 2781 1468 2821 Domini
1503 2781 1581 2833 tui,

647 2871 661 2891 1
685 2872 724 2904 L.
745 2880 775 2913 9.
797 2872 945 2904 Confess.
968 2883 994 2904 c.
1016 2871 1046 2904 8.

291 2933 350 2964 FF
