1903 3197
304 183 393 229 108
619 182 702 228 De
734 181 924 229 ratione
958 182 1150 229 vivendi
1183 183 1441 230 Societatz‘S.

295 315 450 367 Aliqui
483 316 812 356 consuetudinis
846 316 1085 357 dumtaxat
1116 323 1239 365 aestu,
1272 322 1315 356 et
1352 330 1407 356 ne
1439 316 1607 356 caeteris
1640 317 1764 357 vide-

295 396 425 430 antur
456 389 703 439 deteriores,
734 391 789 430 ad
823 391 866 430 id
899 396 1099 443 aguntur.
1163 389 1251 442 Qui
1284 390 1382 430 finis
1404 390 1534 430 valde
1565 378 1763 442 abjectus

296 470 339 504 et
369 463 546 504 humilis
579 470 655 513 est,
687 465 997 517 actionemque
1029 479 1106 505 sua
1139 471 1294 504 natura
1324 465 1487 504 bonam
1518 478 1597 504 suo
1620 463 1763 505 fructu⁴

296 543 339 577 et
369 538 525 578 merito
554 539 756 591 spoliant.
821 538 939 591 Quid
969 545 1118 579 autem
1149 539 1408 586 dementius,
1433 552 1566 591 quam
1595 539 1763 578 inurere

294 613 503 653 membris
535 614 622 653 suis
657 614 749 652 sine
781 613 970 653 utilitate
1003 613 1212 662 dolorem,
1244 620 1448 666 torquere
1482 614 1574 653 sine
1606 613 1762 653 merito

293 699 451 739 corpus
493 687 653 726 suum?
737 687 837 726 Hoc
880 687 966 727 fine
1008 687 1106 728 duci
1150 687 1304 736 solent,
1349 701 1459 740 quos
1497 686 1590 738 jam
1633 693 1764 739 tepor

294 760 464 807 invasit,
489 774 591 800 nam
623 761 933 800 Bonaventura
963 761 1075 800 inter
1096 761 1259 814 teporis
1289 761 1450 802 indicia
1477 761 1521 800 id
1545 766 1765 807 numerat,

293 834 610 874 consuetudine
660 835 759 874 duci
809 836 851 875 in
907 840 1023 875 reete
1072 836 1255 888 agendo.
1340 835 1430 875 Alii
1474 835 1761 888 pcenitentias

292 907 373 947 sibi
397 908 550 948 volunt
582 908 762 962 injungi,
791 916 838 949 ut
869 909 1101 949 videantur
1132 910 1188 949 ab
1217 910 1482 957 hominibus,
1504 910 1758 961 bonamque

294 980 458 1022 famam
487 983 706 1035 colligant,
741 983 983 1035 praesertim
1017 983 1135 1035 apud
1166 997 1240 1022 eos
1270 983 1344 1034 qui
1379 990 1586 1035 praesunt.
1653 982 1762 1023 Sen-

293 1056 409 1095 tiunt
432 1057 547 1096 enim
578 1058 727 1109 magni
751 1057 841 1096 fieri
869 1057 910 1095 in
938 1056 1170 1109 Religione
1191 1057 1410 1104 virtutem,
1435 1057 1763 1109 pietatemque:

294 1144 344 1169 ac
376 1136 609 1182 propterea
651 1130 718 1169 his
751 1131 874 1182 quasi
905 1130 984 1170 viis
1026 1131 1155 1170 bonae
1188 1130 1506 1170 existimationi
1542 1130 1760 1183 famaeque

295 1203 539 1253 consulunt,
577 1204 620 1243 hi
663 1205 863 1257 profecto
906 1211 1099 1244 mentem
1141 1204 1479 1245 Constitutionis
1516 1218 1604 1244 non
1647 1218 1765 1244 asse-

295 1283 497 1330 quuntur.
562 1278 826 1331 Similesque
865 1284 965 1318 sunt
1007 1279 1168 1318 sinistri
1211 1278 1404 1327 latronis,
1439 1284 1486 1318 ut
1523 1279 1584 1318 ait
1627 1279 1760 1325 Beda,

294 1352 368 1404 qui
401 1366 499 1392 cum
536 1352 713 1393 Christo
745 1354 875 1392 datus
918 1358 984 1392 est
1025 1353 1068 1392 in
1111 1351 1313 1392 crueem.1
1376 1353 1592 1392 Latrones
1630 1353 1757 1399 enim,

296 1427 369 1478 qui
412 1440 511 1466 cum
557 1426 732 1466 Christo
779 1427 863 1466 acti
912 1433 1012 1466 sunt
1064 1427 1106 1465 in
1160 1441 1343 1474 crucem,
1389 1427 1633 1480 significare
1676 1441 1762 1475 eos,

298 1500 419 1539 Beda
462 1500 577 1548 dicit,
634 1501 707 1553 qui
760 1500 970 1552 quaelibet
1021 1501 1217 1541 arctioris
1269 1501 1512 1554 disciplinae
1564 1501 1764 1540 instituta

298 1573 507 1613 subeunt:
543 1573 649 1613 “sed
674 1574 748 1626 qui
775 1573 858 1613 hoe
880 1588 959 1626 pro
981 1580 1146 1613 :eterna
1168 1574 1306 1626 gloria
1329 1581 1496 1626 gerunt,
1520 1588 1594 1614 eos
1617 1575 1764 1615 dextri

298 1647 479 1687 latronis
511 1647 729 1699 designari
765 1648 881 1698 fide3
931 1648 1004 1700 qui
1036 1661 1139 1687 vero
1174 1648 1380 1687 humanae
1417 1648 1559 1688 laudis
1592 1649 1764 1697 intuitu,

298 1722 459 1761 sinistri
489 1721 669 1761 latronis
698 1728 891 1761 mentem
921 1729 964 1762 et
992 1728 1114 1761 aetus
1142 1722 1337 1762 imita1·i.”

385 1794 477 1834 Alii
520 1797 574 1835 ad
618 1795 922 1848 deposcendas
967 1795 1047 1835 sibi
1090 1795 1203 1835 ultro
1255 1809 1411 1848 poenas
1454 1796 1619 1849 impelli
1664 1810 1766 1849 pos-

298 1874 410 1917 sunt,
435 1875 482 1908 ut
511 1870 680 1909 caeteris
713 1871 799 1909 sint
832 1869 1052 1922 exemplo.
1117 1870 1326 1909 Diximus
1360 1870 1476 1910 enim
1499 1884 1641 1923 supra,
1666 1884 1765 1911 cum

299 1943 355 1983 ob
388 1943 495 1983 alias
528 1957 692 1992 causas,
721 1950 815 1983 tum
849 1950 1030 1997 propter
1061 1943 1316 1996 exemplum
1349 1958 1505 1997 poenas
1540 1959 1633 1985 esse
1666 1959 1767 1999 pos-

300 2017 488 2057 cendas:
523 2018 596 2070 qui
627 2017 726 2057 finis
755 2018 896 2057 bonus
927 2017 1008 2067 ille,
1032 2018 1211 2070 quidem
1241 2024 1318 2065 est,
1343 2019 1419 2058 sed
1450 2033 1537 2059 non
1560 2020 1766 2072 optimus,

301 2098 344 2131 et
378 2090 553 2144 qualem
590 2091 860 2132 Constitutio
897 2092 1078 2143 requirit
1108 2092 1251 2131 verbis
1288 2091 1382 2141 illis,
1417 2093 1508 2132 “ad
1552 2092 1765 2145 majorem

300 2166 365 2204 sui
390 2165 567 2217 spiritus
593 2165 876 2217 profectum.”
942 2165 1031 2215 Sui,
1066 2167 1218 2218 inquit,
1251 2179 1338 2206 non
1374 2166 1529 2218 alieni3
1574 2181 1676 2207 nam
1709 2169 1766 2208 ad

300 2238 589 2291 postulandas
613 2239 929 2292 obeundasque
951 2240 1236 2292 poenitentias
1258 2241 1503 2293 praecipuus
1527 2247 1570 2281 et
1587 2241 1768 2282 ultimus

302 2313 401 2353 finis
433 2313 565 2353 debet
599 2327 693 2353 esse
726 2320 888 2354 nostrae
926 2314 1091 2354 utilitas
1133 2315 1305 2364 animae,
1344 2320 1492 2354 noster
1531 2315 1766 2368 profectus,

300 2393 498 2427 nostrum
529 2387 695 2427 bonum
726 2389 866 2441 magis
895 2402 1028 2440 quam
1057 2388 1252 2428 aliorum.
1286 2413 1289 2416 -

387 2460 480 2500 Alii
514 2461 735 2502 ducuntur
768 2463 915 2502 studio
958 2462 1208 2502 minuendae
1250 2476 1396 2516 poenae
1434 2476 1532 2514 quae
1574 2464 1767 2516 peccatis

301 2535 520 2587 noxisque
553 2536 748 2576 debetur.
814 2537 1029 2577 “Norunt
1061 2537 1177 2577 enim
1210 2551 1384 2590 semper
1413 2536 1615 2577 homines
1648 2537 1768 2579 luere

300 2623 379 2663 pro
411 2610 500 2649 suis
530 2609 655 2650 factis
687 2611 897 2651 divinitus
929 2611 1120 2664 poenas,’'
1155 2618 1202 2651 ut
1230 2612 1292 2651 ait
1317 2611 1609 2663 Augustinus,
1640 2614 1767 2653 “sive

1137 2683 1182 2706 ΗΞ

298 2684 341 2723 in
376 2683 459 2723 hac
492 2684 594 2731 vita,
638 2684 729 2724 sive
767 2690 868 2736 post
911 2691 1098 2725 mortem
1118 2698 1127 2734 ;
1219 2691 1262 2724 et
1298 2684 1533 2737 Gregorius
1570 2686 1613 2725 in
1653 2686 1763 2727 Psal.

302 2757 423 2798 Poen.
442 2770 480 2808 4.
527 2758 659 2798 “Sive
677 2759 732 2798 sit
756 2772 930 2811 magna,
950 2759 1041 2798 sive
1062 2772 1196 2811 parva
1218 2759 1437 2811 iniquitas,
1455 2760 1537 2800 nisi
1560 2761 1769 2813 puniatur

293 2831 349 2871 ab
370 2830 550 2872 homine
572 2832 836 2884 poenitente,
860 2833 1068 2885 punietur
1085 2846 1110 2872 a
1132 2832 1231 2872 Deo
1250 2833 1512 2885 judicante.'’
1548 2834 1613 2875 Ut
1634 2835 1767 2887 igitur

509 2920 517 2939 ¹
549 2922 590 2952 In
607 2922 729 2953 Matth.
751 2932 779 2953 c.
800 2928 852 2963 25.
1027 2922 1039 2940 '·'
1064 2922 1117 2954 De
1136 2922 1234 2954 civit.
1256 2923 1330 2954 Dei.
1352 2923 1371 2955 1.
1394 2931 1444 2955 20.
1467 2934 1493 2955 c.
1518 2932 1543 2955 1.
