1903 3197
313 216 403 261 342
634 199 715 246 De
747 197 937 245 ratione
971 197 1164 244 vivendi
1196 196 1456 243 Socz'elatz's.

310 340 354 375 et
388 333 552 374 recedit
586 346 612 372 a
645 346 744 382 me3
778 332 812 372 si
842 332 971 372 ardor
1003 331 1195 371 libidinis
1230 334 1407 369 moveat
1439 327 1637 368 membra
1669 341 1779 379 mea,

310 407 613 449 recordatione
643 405 873 446 vulnerum
908 405 1007 445 Filii
1041 405 1125 445 Dei
1158 401 1492 456 extinguitur.”1

399 481 636 521 Meditatio
675 480 808 520 etiam
851 480 1187 519 novissimorum
1231 477 1419 518 multum
1461 476 1596 517 habet
1637 477 1693 517 ad
1735 476 1778 517 id

309 556 478 605 virium,
514 560 561 595 ut
598 555 789 595 affirmat
827 553 1191 594 Ecclesiasticus:
1226 552 1510 591 “Memorare
1545 551 1782 591 novissima

309 637 397 680 tua,
421 636 464 670 et
487 631 530 669 in
553 635 767 669 aeternum
791 642 878 668 non
901 628 1104 681 peccabis
1122 641 1130 677 ;
1147 625 1192 649 ”2
1223 625 1467 679 praesertim
1488 639 1592 665 vero
1613 630 1784 666 attenta

311 706 465 745 mortis
508 709 552 744 et
593 703 830 743 inferorum
875 702 1116 742 meditatio.
1199 701 1270 741 Ac
1321 701 1377 741 de
1422 705 1562 740 morte
1604 699 1782 752 quidem

312 779 356 821 S.
395 779 651 819 Diadocus:
728 778 883 818 “Cum
939 778 981 817 in
1030 775 1148 826 hoc,”
1193 775 1346 829 inquit,
1390 774 1621 815 “daemoni
1673 787 1784 827 pug-

310 868 467 894 namus
505 853 846 900 incontinentice,
890 851 1120 891 vacatione
1162 851 1248 898 irae,
1288 856 1331 890 et
1372 849 1591 903 profunda
1632 848 1786 888 mortis

311 925 682 981 cogitatione;”3
734 926 942 978 intelligit
987 931 1136 965 autem
1179 924 1479 964 fornicationis
1521 924 1782 964 daemonem.

312 1002 439 1042 Idem
478 1001 610 1040 docet
646 999 896 1052 Gregorius,
935 1013 1035 1039 cum
1074 999 1230 1038 melius
1267 999 1437 1038 domari
1475 1004 1608 1050 negat
1638 999 1783 1038 vivam

311 1088 499 1123 carnem,
532 1087 666 1126 quam
701 1073 894 1126 cogitare
927 1073 1069 1125 qualis
1101 1073 1182 1113 erit
1212 1078 1396 1112 mortua.
1472 1071 1532 1111 Et
1564 1071 1785 1112 Climacus

311 1151 366 1190 de
406 1149 650 1190 Castitate:
695 1147 951 1188 “Memoria
990 1147 1178 1197 mortis,’'
1209 1147 1361 1199 inquit,
1396 1149 1578 1186 “tecum
1615 1159 1788 1199 semper

311 1225 520 1277 quiescat,
560 1229 797 1275 tecumque
840 1221 969 1261 simul
1011 1221 1175 1274 vigilet,
1219 1220 1400 1273 solaque
1441 1234 1616 1273 semper
1656 1220 1787 1260 rumi-

313 1299 460 1340 nanda
482 1299 623 1338 oratio
645 1298 778 1350 Jesu3
813 1296 981 1336 nullum
1013 1298 1129 1336 enim
1164 1296 1432 1348 adjutorium
1464 1296 1507 1335 in
1530 1309 1688 1335 somno
1719 1295 1787 1336 his

314 1373 596 1427 praestantius
620 1371 848 1412 invenies.”
909 1358 969 1411 Et
992 1371 1101 1411 infra
1125 1371 1210 1411 ait:
1246 1375 1265 1391 ‘¹
1283 1370 1593 1423 Sepulcrorum
1616 1369 1788 1410 habita-

311 1448 478 1488 tionem
503 1446 741 1499 plurimum
774 1446 830 1485 ad
864 1445 908 1485 id
931 1444 1109 1485 valere.”
1176 1445 1373 1497 Ideoque
1403 1450 1446 1484 et
1474 1443 1722 1483 Bernardus
1744 1443 1788 1483 in

314 1520 505 1574 Speculo
538 1534 617 1560 suo
649 1520 859 1570 hortatur,
894 1526 941 1559 ut
974 1520 1029 1559 ad
1064 1519 1329 1571 abigendam
1363 1519 1504 1558 carnis
1537 1518 1785 1558 molestiam

313 1596 500 1636 collocet
522 1609 568 1634 se
591 1595 811 1647 quispiam
835 1608 966 1647 super
989 1593 1205 1641 feretrum,
1229 1593 1297 1633 vel
1327 1606 1457 1646 super
1485 1592 1678 1645 lapidem
1702 1607 1790 1645 quo

314 1669 474 1710 mortui
508 1669 719 1709 lavantur.
786 1668 1030 1708 Inferorum
1063 1681 1165 1707 vero
1202 1667 1431 1706 meditatio
1469 1666 1629 1706 idcirco
1660 1666 1790 1706 valde

311 1744 502 1797 prodest,
528 1743 630 1796 quia
653 1742 908 1795 sempiterni
942 1741 1001 1781 illi
1034 1741 1250 1781 cruciatus
1283 1754 1334 1780 ac
1356 1741 1587 1792 voragines
1619 1740 1787 1793 ignium

313 1832 393 1871 pro
415 1817 627 1857 vilissima
657 1823 700 1856 et
729 1817 987 1856 brevissima
1010 1815 1251 1865 voluptatis
1279 1814 1510 1854 dulcedine
1532 1820 1793 1854 revocantur

315 1893 359 1932 in
383 1897 589 1932 mentem.
640 1890 774 1943 Quod
798 1890 988 1930 faciebat
1011 1896 1188 1930 sanctus
1212 1889 1282 1929 ille
1307 1889 1446 1939 Pater,
1470 1888 1589 1938 dum,
1613 1888 1792 1928 libidine

316 1966 629 2015 inflammatus,
649 1965 832 2017 injectos
851 1978 1028 2017 quoque
1052 1964 1094 2003 in
1118 1965 1266 2016 ignem
1285 1963 1448 2016 digitos
1471 1962 1791 2012 inflammabat,

314 2047 364 2081 ut
382 2042 657 2094 experiretur
679 2045 886 2093 possetne
910 2039 1201 2092 sempiternos
1225 2037 1322 2078 illos
1345 2038 1534 2086 ardores,
1554 2038 1627 2090 qui
1652 2037 1793 2077 carnis

313 2120 622 2168 praeparantur
644 2114 867 2163 incendiis,
892 2113 1087 2153 tolerare.

406 2189 661 2230 Secundum
694 2189 966 2241 praecipuum
991 2186 1207 2227 castitatis
1231 2185 1540 2237 adjumentum
1572 2190 1637 2225 est
1659 2185 1794 2226 devo-

315 2269 387 2303 tus
430 2277 480 2303 ac
524 2263 728 2315 frequens
770 2276 873 2301 usus
917 2261 1218 2309 Eucharistiae,
1258 2266 1323 2299 est
1366 2259 1483 2299 enim
1525 2259 1793 2299 frumentum

317 2337 570 2385 electorum,
602 2343 646 2376 et
677 2337 827 2376 vinum
860 2336 1114 2388 germinans
1146 2334 1346 2387 virgines,
1376 2334 1495 2386 quod
1530 2333 1585 2372 de
1621 2332 1796 2373 Eucha-

317 2412 440 2452 ristia
483 2412 803 2464 interpretatur.
889 2410 935 2449 B.
963 2409 1263 2461 Hieronymus
1306 2413 1350 2447 et
1394 2406 1654 2447 Paschasius
1688 2406 1796 2448 Cor-

317 2486 533 2527 beiensis:
570 2488 592 2505 ‘¹
608 2484 736 2525 Felix
761 2484 924 2524 fructus
948 2483 1160 2523 ubertatis
1184 2496 1241 2522 ex
1272 2484 1360 2534 qu'o
1383 2482 1609 2533 virginitas
1636 2481 1796 2534 germi-

318 2565 458 2608 natur,
479 2573 581 2600 nam
605 2559 649 2598 in
671 2558 755 2598 hoc
778 2559 911 2598 nostri
936 2557 1144 2611 germinis
1162 2557 1263 2596 vino
1286 2557 1466 2596 castitas
1490 2556 1793 2609 corrumpitur,

319 2640 364 2674 et
386 2635 442 2675 ab
466 2635 550 2674 isto
572 2633 763 2686 virgines
785 2630 1129 2685 procreantur-,³¹4

413 2708 525 2748 Haec
554 2713 619 2748 est
641 2708 825 2747 forsitan
855 2721 987 2746 causa
1017 2705 1257 2759 potissima,
1282 2719 1357 2745 cur
1387 2705 1430 2744 in
1464 2704 1697 2753 Societate,
1722 2703 1795 2744 ubi

318 2788 413 2823 tam
451 2782 654 2834 frequens
693 2787 737 2821 et
774 2788 865 2821 tam
906 2781 1080 2833 egregie
1118 2780 1320 2819 inventus
1358 2784 1435 2828 est,
1469 2785 1511 2819 et
1548 2778 1622 2818 ubi
1655 2778 1796 2818 victus

359 2895 372 2915 ¹
396 2897 555 2929 Manuale
580 2897 767 2938 Contempl.
789 2907 815 2928 c.
838 2905 889 2928 22.
983 2895 996 2913 '⁸‘
1022 2895 1111 2926 Eccl.
1135 2902 1163 2935 7.
1266 2894 1279 2913 ³
1303 2895 1343 2926 L.
1364 2895 1406 2926 de
1431 2894 1514 2926 Perf.
1538 2894 1624 2935 Spir.
1645 2904 1672 2925 c.
1692 2901 1744 2933 99.

705 2947 719 2966 ⁴¹
743 2948 817 2979 Lib.
840 2948 882 2979 de
906 2948 982 2979 Cor.
1004 2952 1036 2978 et
1063 2949 1160 2987 Sang.
1184 2946 1285 2978 Dom.
1307 2956 1332 2977 c.
1354 2953 1405 2977 21.
