1903 3197
602 145 682 189 De
715 146 816 190 vila
850 148 1102 193 communi.
1524 150 1587 207 89

114 277 241 316 nibus
274 276 477 324 exterior,
511 276 776 328 interiorque
809 277 1051 328 requiritur.
1118 279 1304 319 Interior
1337 281 1584 333 requiritur,

114 364 213 390 cum
237 351 328 389 sine
348 349 435 389 ullo
454 350 560 389 vitio
578 349 794 401 cupidinis
811 349 879 388 vel
903 351 1157 390 voracitatis
1180 354 1408 404 appositas
1433 354 1587 407 epulas

115 425 411 476 degustamus,
430 425 547 475 quod
574 423 811 475 Scripturae
835 429 1042 463 monent:
1078 424 1217 464 “Noli
1242 427 1394 466 avidus
1418 441 1512 468 esse
1535 429 1578 468 in

115 498 234 536 omni
265 497 524 550 epulatione,
549 502 591 536 et
613 510 699 536 non
723 502 766 536 te
792 496 992 536 effundas
1020 510 1150 546 super
1172 511 1349 538 omnem
1373 501 1579 540 escam.’''l

116 570 280 610 Contra
315 571 432 622 quod
471 569 635 609 faciunt
671 569 868 622 plerique
905 569 1133 609 hominum
1173 571 1445 620 secularium,
1480 587 1578 613 cum

114 644 226 683 bene
259 643 421 696 paratis
452 643 641 695 dapibus
677 643 831 682 irritati
866 643 1097 695 prosiliunt
1127 644 1183 683 ad
1221 658 1378 690 escam,
1410 653 1453 685 et
1485 652 1581 686 toto

112 722 288 768 pectore
331 716 380 755 iis
423 716 645 756 incubant.
729 716 862 755 Tanti
905 722 1054 756 autem
1097 717 1345 756 faciendum
1392 725 1457 758 est
1498 719 1580 759 hoc

113 790 331 839 decorum,
364 796 411 829 ut
448 790 521 841 qui
560 789 815 829 aviditatem
850 790 893 829 in
926 803 1076 830 mensa
1110 791 1338 830 continent
1373 805 1422 831 ac
1455 792 1581 831 dissi-

113 863 294 911 mulant,
337 863 537 915 quamvis
581 876 666 902 non
711 864 844 903 modo
886 864 1208 911 communibus,
1251 878 1401 904 verum
1446 866 1579 905 etiam

112 936 318 988 preciosis
342 942 521 976 utantur
543 938 663 984 escis,
682 937 741 976 eis
766 936 895 988 longe
918 943 1139 989 praestent,
1157 938 1231 989 qui
1255 952 1353 977 cum
1377 952 1578 990 asperam

111 1011 247 1049 vitam
290 1016 436 1062 agant,
480 1011 766 1050 voracitatem
815 1024 939 1050 suam
983 1016 1026 1050 et
1068 1011 1321 1064 cupidinem
1374 1012 1578 1064 produnt.

113 1083 258 1123 Testis
291 1089 356 1123 est
389 1084 678 1136 Augustinus.
742 1087 764 1103 “
783 1084 895 1123 Fieri
922 1090 1070 1137 potest
1092 1090 1151 1132 ut,
1176 1085 1269 1124 sine
1299 1085 1449 1137 aliquo
1471 1087 1580 1126 vitio

114 1157 312 1208 cupediae
335 1156 402 1196 vel
425 1157 688 1205 voracitatis,
719 1158 1037 1208 pretiosissimo
1067 1158 1164 1198 cibo
1195 1160 1371 1210 sapiens
1401 1165 1581 1207 utatur;

114 1230 323 1282 insipiens
365 1236 512 1269 autem
556 1229 799 1269 foedissima
841 1230 970 1282 gulae
1013 1231 1190 1271 flamma
1233 1232 1276 1271 in
1318 1232 1577 1272 vilissimum

110 1304 320 1343 ardescat.
385 1303 444 1343 Et
476 1317 607 1343 sanus
638 1303 824 1354 quisque
856 1304 1059 1343 maluerit
1092 1319 1212 1344 more
1239 1305 1420 1345 Domini
1458 1306 1579 1358 pisce

108 1377 236 1424 vesci,
261 1390 393 1428 quam
425 1375 633 1416 lenticula
656 1390 775 1415 more
801 1376 931 1425 Esau,
956 1383 1031 1416 aut
1053 1377 1218 1417 hordeo
1243 1391 1362 1417 more
1381 1379 1579 1429 jument-

109 1462 245 1489 orum.
329 1449 431 1489 Non
474 1450 591 1489 enim
643 1456 876 1501 propterea
919 1450 1261 1490 continentiores
1304 1451 1430 1490 nobis
1474 1458 1575 1491 sunt

109 1522 330 1575 pleraeque
372 1522 536 1571 bestiae,
581 1523 684 1574 quia
712 1523 939 1562 vilioribus
978 1529 1160 1563 utuntur
1202 1524 1337 1564 escis:
1388 1538 1490 1564 nam
1535 1525 1577 1564 in

110 1596 314 1636 omnibus
347 1596 600 1648 hujusmodi
643 1597 783 1645 rebus,
819 1610 907 1636 non
950 1610 1006 1636 ex
1042 1611 1191 1637 earum
1236 1612 1377 1638 rerum
1422 1605 1579 1638 natura

110 1671 270 1722 quibus
303 1670 475 1718 utimur,
509 1671 586 1710 sed
622 1685 678 1710 ex
717 1684 848 1711 causa
881 1672 1031 1711 utendi
1076 1678 1118 1711 et
1157 1672 1290 1712 modo
1324 1673 1576 1725 appetendi,

111 1742 180 1782 vel
210 1743 487 1795 probandum
511 1749 589 1793 est,
611 1744 679 1783 vel
710 1744 1051 1796 improbandum
1075 1745 1193 1796 quod
1217 1744 1462 1784 facinms.‘'2

199 1816 312 1855 Cum
347 1817 478 1869 igitur
514 1817 557 1855 in
601 1817 835 1866 Societate,
866 1823 908 1857 et
946 1831 1077 1857 causa
1115 1819 1360 1858 communis
1395 1819 1508 1866 vitae,
1534 1824 1577 1858 et

111 1890 350 1942 appetendi
384 1891 541 1930 modus
573 1890 733 1930 virtute
767 1891 942 1939 nitatur,
976 1904 1064 1931 non
1100 1897 1176 1939 est,
1206 1893 1323 1943 quod
1358 1891 1452 1932 haec
1486 1893 1578 1933 vita

111 1963 304 2003 invideat
344 1964 413 2003 vel
465 1971 650 2004 austerae
703 1965 745 2003 in
789 1966 972 2005 materia
1016 1972 1058 2005 et
1111 1965 1322 2006 facultate
1373 1967 1574 2006 virtutis:

110 2038 307 2076 maxime
335 2051 438 2077 vero
473 2037 576 2088 ejus,
608 2039 725 2089 quod
761 2045 1013 2086 tractamus,
1046 2039 1203 2080 decori.
1268 2040 1395 2080 Affer
1426 2054 1580 2080 exem-

109 2111 231 2163 plum
264 2111 579 2164 AEgyptiorum
615 2112 972 2164 Scytharumque
1006 2113 1335 2162 monachorum,
1370 2116 1443 2166 qui
1477 2129 1574 2155 curn

109 2184 220 2224 ferre
254 2185 416 2225 diutius
451 2199 538 2225 non
572 2186 742 2238 possint
777 2186 980 2231 inediam,
1005 2200 1104 2226 eum
1136 2187 1191 2226 ad
1227 2188 1373 2227 cibum
1398 2188 1577 2228 accede-

110 2265 216 2308 rent,
240 2259 488 2312 prodebant
511 2259 728 2299 esuriem.3

197 2333 248 2372 In
283 2338 467 2373 externa
489 2347 591 2374 vero
625 2334 770 2373 decori
806 2334 973 2374 ratione
1007 2334 1313 2387 planissimum
1337 2336 1570 2376 discrimen

109 2411 195 2455 est;
224 2420 274 2446 ea
297 2407 413 2446 enim
431 2407 570 2446 tribus
593 2407 635 2446 in
654 2408 781 2447 rebus
803 2408 948 2460 posita
970 2422 1069 2448 cum
1087 2409 1154 2456 sit,
1172 2408 1355 2457 silentio,
1377 2409 1572 2453 lectione.

108 2479 347 2531 gratiarum
382 2481 566 2529 actione,
602 2494 732 2520 nemo
770 2494 857 2520 non
892 2481 1012 2521 videt
1046 2496 1097 2521 ea
1140 2484 1315 2535 propria
1351 2496 1445 2522 esse
1479 2482 1575 2522 reli-

106 2552 242 2605 giosae
283 2554 395 2593 vitae.
460 2554 687 2594 Seculares
730 2555 893 2607 quippe
935 2561 979 2595 et
1021 2556 1168 2596 cibum
1211 2570 1297 2596 una
1339 2563 1496 2605 terunt,
1530 2562 1573 2596 et

108 2625 256 2665 inania
276 2627 408 2666 verba
434 2627 562 2666 simul
596 2633 822 2677 eructant;
856 2628 987 2668 iidem
1023 2628 1223 2669 lectionis
1258 2630 1376 2669 bono
1411 2635 1571 2675 carent,

108 2705 151 2738 et
183 2699 423 2752 gratiarum
461 2701 587 2741 obliti
625 2715 833 2754 persaepe,
866 2708 1080 2755 tanquam
1118 2704 1249 2755 porci,
1273 2708 1320 2742 ut
1359 2701 1573 2753 Chrysos-

106 2777 254 2813 tomus
276 2773 478 2825 loquitur,
503 2775 558 2814 de
580 2788 732 2815 mensa
755 2782 1035 2828 consurgunt.

149 2860 162 2879 1
188 2862 276 2894 Eccl.
292 2869 343 2903 37.
414 2862 427 2881 ²¹
452 2864 490 2895 L.
506 2872 535 2905 3.
553 2865 594 2896 de
607 2864 694 2896 doct.
713 2864 833 2896 Christ.
851 2875 877 2896 c.
900 2873 946 2896 12.
1019 2863 1032 2883 3
1058 2865 1107 2894 Ex
1125 2864 1180 2895 lib.
1199 2872 1226 2904 3.
1240 2865 1307 2895 vit.
1327 2865 1358 2894 S.
1378 2863 1414 2894 P.
1429 2873 1455 2895 c.
1474 2862 1524 2895 61.
