1903 3197
273 249 372 300 070
591 239 672 285 De
707 239 894 285 ratione
929 238 1125 285 vivendi
1158 238 1418 287 Socz‘etatzs.

273 375 416 415 solum
463 374 676 428 profusos,
719 373 796 414 sed
847 387 1000 414 omnes
1036 372 1161 425 jocos
1202 373 1488 414 declinandos
1529 375 1740 416 arbitror:

272 450 453 503 plenum
489 456 640 490 tamen
677 448 907 489 suavitatis
949 454 993 489 et
1027 448 1182 502 gratiae
1224 462 1472 489 sermonem
1515 463 1602 490 non
1645 464 1739 492 esse

272 524 564 566 indecorum.''

361 600 421 640 Et
466 599 818 652 Chrysostomus,
855 597 987 638 Hom.
1038 608 1096 650 17.
1141 598 1183 637 in
1234 606 1267 649 5.
1310 612 1400 651 cap.
1439 598 1495 639 ad
1544 598 1734 653 Ephes.:

274 675 509 715 “Praesens
546 679 722 727 tempus
759 687 846 713 non
884 672 1138 713 effundendi
1174 673 1335 725 gaudii,
1366 673 1443 713 sed
1481 673 1624 714 luctus
1662 680 1739 724 est,

270 749 606 789 tribulationum
639 754 683 788 et
710 748 1092 788 lamentationum.
1152 747 1221 788 Tu
1243 761 1346 788 vero
1378 747 1531 788 leviter
1562 748 1738 789 urbanis

273 824 440 864 facetiis
469 823 675 876 jocularis
693 821 735 863 ?”

363 905 416 951 50.
452 899 568 952 Quia
589 898 668 938 viri
691 897 829 938 sancti
853 897 973 945 risus,
997 911 1048 937 ac
1065 896 1166 950 joca
1188 911 1267 958 suo
1290 898 1505 938 damnant
1527 898 1737 952 exemplo

272 979 406 1027 atque
437 973 647 1014 doctrina.
711 971 1055 1025 Chrysostomus
1089 973 1217 1022 enim,
1252 986 1309 1012 ex
1343 986 1430 1025 quo
1467 973 1737 1026 baptismum

271 1048 474 1101 suscepit,
498 1060 726 1100 nunquam
758 1046 951 1086 scurrilia
972 1047 1116 1097 verba,
1138 1061 1189 1087 ac
1223 1060 1277 1086 ne
1304 1046 1406 1099 joca
1432 1047 1610 1100 quidem
1633 1047 1739 1087 dici-

270 1129 342 1163 tur
382 1136 476 1162 esse
517 1121 699 1162 locutus.
783 1121 842 1161 Et
873 1121 990 1161 idem
1038 1122 1082 1161 in
1131 1121 1287 1162 Matth.
1323 1127 1456 1175 negat
1498 1122 1556 1162 ibi
1599 1121 1736 1162 ullum

270 1197 623 1250 compunctionis
654 1196 870 1249 gemitum
905 1195 1007 1246 fore,
1038 1196 1111 1236 ubi
1146 1196 1189 1236 in
1228 1195 1383 1235 risibus
1418 1196 1577 1236 modus
1611 1196 1738 1236 absit.

271 1272 486 1325 Idemque
518 1272 561 1312 in
594 1285 686 1324 cap.
717 1279 751 1322 5.
778 1270 835 1311 ad
873 1270 1034 1324 Ephes.
1063 1270 1180 1311 hom.
1216 1281 1274 1322 17.
1307 1271 1501 1311 ostendit
1532 1270 1740 1324 exemplo

272 1347 394 1387 Pauli
429 1347 543 1387 hanc
576 1360 665 1386 non
700 1359 795 1386 esse
828 1346 1206 1386 conversationem
1242 1345 1519 1395 Sanctorum,
1549 1351 1597 1386 ut
1626 1345 1738 1398 jocis

270 1436 322 1462 ac
359 1422 527 1462 facetiis
561 1426 749 1471 utantur,
779 1421 855 1461 sed
893 1421 936 1460 in
968 1420 1145 1460 assiduo
1181 1420 1300 1460 luctu
1338 1420 1615 1473 lacrimisque
1643 1433 1739 1460 ver-

270 1502 429 1537 sentur.
493 1496 615 1549 Lege
647 1496 752 1536 fuse.

358 1570 604 1611 Bernardus
647 1570 791 1617 etiam,
824 1569 848 1610 l.
885 1581 920 1609 2.
953 1569 1008 1610 de
1047 1569 1245 1611 Consid:
1281 1570 1437 1610 “Inter
1476 1567 1733 1617 seculares‚”

268 1647 421 1699 inquit,
447 1647 610 1698 “nugae
640 1651 742 1685 sunt
771 1658 910 1697 nugae‚
938 1644 981 1684 in
1011 1658 1086 1684 ore
1113 1644 1391 1684 sacerdotum
1417 1643 1705 1697 blasphemiae
1727 1661 1735 1684 :

268 1720 500 1769 interdum,
544 1720 578 1759 si
625 1719 831 1767 incidant,
874 1719 1064 1758 ferendae
1106 1718 1302 1768 fortasse,
1345 1718 1584 1758 referendae
1626 1732 1738 1758 nun-

268 1794 438 1847 quam.''
513 1794 665 1834 Idem:
700 1793 930 1833 “Verbum
973 1793 1159 1841 scurrile,
1195 1793 1313 1845 quod
1356 1792 1485 1833 faceti
1528 1793 1738 1833 urbanive

268 1869 448 1909 nomine
489 1868 698 1916 colorant,
737 1881 824 1908 non
871 1867 1030 1908 sufficit
1071 1868 1335 1920 peregrinari
1379 1867 1435 1907 ab
1478 1881 1563 1917 ore,
1602 1868 1736 1908 etiam

266 1944 322 1985 ab
354 1958 457 1984 aure
489 1942 775 1996 relegandum
809 1942 912 1982 est.''

355 2019 414 2059 Et
447 2019 767 2066 Bonaventura,
793 2016 917 2070 Spec.
935 2017 1052 2056 Disc.
1073 2031 1111 2070 p.
1138 2028 1172 2068 3.
1189 2030 1221 2057 6.
1244 2027 1278 2068 3.
1295 2023 1338 2056 et
1360 2028 1453 2070 p.4.
1469 2031 1501 2057 c.
1521 2025 1539 2068 5
1563 2031 1571 2056 ;
1596 2019 1618 2037 “
1636 2017 1736 2059 Sint

267 2093 310 2133 in
343 2091 597 2141 locutione,’'
621 2092 771 2145 inquit,
798 2095 820 2111 “
833 2091 1019 2139 honesti,
1051 2096 1094 2131 et
1126 2091 1250 2141 serii3
1278 2105 1357 2131 nec
1389 2105 1436 2131 se
1467 2091 1510 2131 in
1534 2091 1737 2131 seculari-

268 2168 361 2216 bus,
386 2173 430 2207 et
451 2167 507 2207 ad
541 2167 673 2206 risum
707 2165 986 2205 moventibus
1012 2165 1154 2205 verbis
1187 2164 1403 2206 seculares
1434 2164 1707 2205 ostendant.”

357 2242 414 2282 6²¹.
450 2242 583 2281 Ratio
616 2254 674 2280 ex
709 2239 931 2293 Chrysost.
960 2240 1003 2280 in
1036 2254 1100 2293 ep.
1130 2240 1185 2280 ad
1224 2239 1385 2293 Ephes.
1406 2256 1414 2280 :
1438 2239 1590 2292 “Quia
1621 2253 1737 2279 nunc

269 2316 371 2356 belli
414 2322 589 2369 tempus
632 2321 725 2365 est3
776 2314 1036 2355 bellantium
1080 2320 1229 2354 autem
1271 2313 1402 2354 facies
1443 2314 1599 2363 tristes,
1635 2327 1737 2353 con-

269 2389 459 2430 tractae.''
523 2389 644 2442 Lege
675 2389 761 2429 alia
793 2389 862 2429 ibi.

355 2464 526 2504 Tamen
559 2464 788 2511 Martinus,
815 2462 1071 2503 Dumiensis
1105 2462 1366 2516 Episcopus,
1389 2461 1586 2503 admittit
1615 2462 1738 2514 jocos

269 2539 362 2579 sine
404 2539 624 2588 utilitate;
672 2537 749 2578 sed
798 2537 1004 2577 nimirum
1055 2537 1259 2589 intelligit
1299 2543 1472 2590 gratam
1514 2537 1739 2590 quandam

267 2614 576 2663 urbanitatem,
599 2627 649 2653 ac
672 2613 869 2666 lepores;
904 2618 948 2652 et
970 2626 1044 2652 eos
1066 2626 1301 2662 sermones,
1324 2626 1434 2665 quos
1456 2612 1571 2651 dixit
1593 2611 1741 2664 Apos-

268 2689 386 2730 tolus
409 2689 499 2729 sale
522 2688 733 2728 conditos.
797 2687 921 2729 Sicut
944 2694 987 2727 et
1013 2688 1059 2728 B.
1077 2687 1278 2735 Basilius,
1303 2701 1402 2727 cum
1425 2686 1605 2727 facetias
1627 2685 1742 2727 tollit

267 2763 339 2804 lib.
363 2764 418 2803 de
440 2764 528 2804 Vit.
556 2762 680 2805 Solit.
709 2767 752 2802 et
780 2762 1092 2802 abstinendum
1125 2776 1220 2802 esse
1242 2761 1303 2802 ait
1334 2761 1390 2801 ab
1419 2761 1540 2801 omni
1571 2761 1739 2809 facetia,

270 2839 382 2878 infra
424 2845 574 2878 tamen
615 2838 711 2877 haec
753 2835 977 2889 subjicit:1
1017 2836 1203 2878 “Sicubi
1246 2850 1359 2889 opus
1401 2841 1478 2884 est,
1517 2842 1565 2876 ut
1605 2835 1740 2875 animi

271 2914 451 2953 tristitia
484 2927 562 2966 per
594 2925 816 2953 sermones
850 2911 1109 2961 remittatur,
1135 2916 1184 2951 ut
1213 2909 1491 2959 exhilaretur,
1514 2910 1570 2950 sit
1598 2922 1740 2950 sermo

924 2999 936 3019 1
961 3001 998 3032 C.
1025 3008 1071 3041 13.
