1903 3197
240 196 336 253 646
564 194 645 240 De
676 194 868 240 ratione
901 193 1095 240 vivendi
1134 192 1397 240 Socz‘etatz's.

243 327 362 377 ordo,
387 332 431 367 et
463 327 569 380 quid
601 326 765 368 habeat
791 327 907 368 boni.
973 326 1227 368 Secundum
1249 343 1256 367 :
1288 337 1494 380 quaenam
1519 327 1562 367 in
1584 326 1719 367 comi-

243 408 340 443 tatu
365 402 632 442 modestiam
655 403 853 442 maxime
875 402 1060 455 pariant.

333 474 494 528 Quoad
537 477 739 529 primum.
826 476 1078 518 Servandus
1113 482 1179 516 est
1217 476 1430 529 religiosis
1464 477 1583 526 ordo,
1616 488 1716 516 cum

243 549 374 590 simul
397 550 478 590 iter
499 550 675 600 faciunt,
695 557 885 603 quatuor
907 551 961 591 de
984 551 1136 591 causis.

338 630 390 665 10.
434 624 510 665 Ad
549 631 766 674 ornatum,
806 639 856 665 ac
894 625 1110 675 decorem,
1149 625 1222 678 qui
1260 625 1441 677 quidem
1483 625 1527 664 in
1564 624 1717 664 ordine

242 700 441 740 maxime
474 700 583 740 situs
618 706 694 741 est.
758 700 875 740 Nam
912 700 946 739 si
981 714 1068 752 qua
1104 699 1351 748 multitudo,
1388 699 1509 739 nullo
1543 705 1716 739 servato

242 773 406 821 ordine,
440 774 615 827 prodire
646 774 763 822 velit,
789 788 953 827 magna
985 773 1185 813 confusio
1217 774 1383 814 oriatur
1414 787 1592 814 necesse
1624 767 1718 814 esti

240 849 308 888 sin
346 854 495 888 autem
533 848 642 888 ordo
684 854 889 897 servetur,
928 854 971 887 et
1014 848 1105 888 bini
1144 848 1310 888 ternive
1358 848 1586 901 prodeant,
1620 847 1714 899 jam

240 923 440 963 confusio
470 923 649 971 tollitur,
673 923 806 962 decor
835 922 997 962 existit.
1062 921 1211 974 Quare
1245 922 1567 971 Bonaventura,
1589 922 1713 975 Spec.

239 997 372 1046 Disc.,
406 1011 494 1049 par.
536 1007 570 1047 3.
610 1011 642 1036 c.
677 997 714 1037 6.
780 996 974 1045 “Ordo,’'
1018 996 1172 1048 inquit,
1208 996 1580 1036 “inordinationis
1612 1009 1715 1036 con—

237 1071 456 1111 fusionem
499 1071 733 1112 excludit.''
818 1071 1033 1123 Idemque
1072 1070 1178 1110 illud
1224 1071 1308 1111 Isa.
1345 1079 1408 1123 59.
1471 1071 1611 1110 “Non
1650 1076 1716 1110 est

216 1145 451 1199 (judicium
483 1146 525 1185 in
548 1146 770 1198 gressibus
800 1145 987 1194 eorum‚’'
1011 1145 1096 1185 huc
1123 1145 1279 1195 refert3
1314 1145 1468 1197 “quod
1499 1144 1542 1184 in
1566 1157 1716 1184 eorum

239 1220 462 1273 gressibus
515 1234 605 1260 non
674 1220 893 1260 invenitur
940 1219 1167 1272 judicium,
1221 1219 1296 1272 qui
1359 1219 1472 1258 inter
1522 1218 1717 1258 eundum

237 1297 438 1336 ordinem
472 1310 561 1336 non
595 1294 873 1335 attendunt.''

327 1369 459 1423 Quod
498 1376 648 1410 autem
687 1369 757 1409 hic
800 1369 908 1409 ordo
951 1369 1255 1409 confusionem
1299 1368 1438 1417 tollat,
1477 1367 1716 1421 pulchritu-

240 1446 391 1486 dinem
425 1446 579 1498 pariat,
604 1451 789 1498 apparet
819 1445 952 1484 etiam
983 1445 1026 1483 in
1055 1443 1262 1492 aedificiis,
1296 1457 1395 1496 quae
1425 1442 1714 1482 fenestrarum

238 1521 525 1561 multitudine
543 1520 896 1572 distinguuntur;
915 1533 1013 1572 quae
1032 1518 1210 1571 quidem
1230 1518 1264 1557 si
1283 1523 1419 1557 ternae
1434 1522 1716 1570 quaternaeve

238 1595 393 1635 ordine
446 1594 641 1647 quodam
695 1599 960 1634 constructae
1015 1593 1185 1641 fuerint,
1239 1605 1403 1644 magna
1454 1605 1512 1631 ex
1564 1604 1713 1631 earum

236 1675 475 1723 prospectu
528 1669 811 1722 pulchritudo
864 1668 1175 1720 consequitur:
1226 1672 1380 1706 contra
1420 1679 1523 1705 vero
1575 1664 1716 1705 multa

237 1744 449 1792 confusio,
485 1758 535 1783 ac
573 1743 856 1796 perturbatio,
892 1742 926 1781 si
962 1741 1082 1781 nullo
1117 1741 1205 1780 sint
1238 1740 1351 1780 inter
1384 1753 1430 1779 se
1467 1739 1630 1788 ordine,
1666 1753 1717 1779 ac

237 1819 525 1872 proportione
557 1818 790 1857 distinctae.
854 1816 1058 1869 Apparet
1091 1815 1225 1854 etiam
1256 1815 1298 1853 in
1330 1814 1547 1854 columnis
1569 1813 1716 1853 basili-

237 1907 387 1934 carum
412 1907 461 1933 ac
485 1892 755 1945 templorum
780 1905 878 1944 quas
901 1891 1054 1930 ordine
1076 1889 1316 1938 collocatae,
1340 1888 1541 1941 quamvis
1564 1888 1714 1928 multae

236 1969 336 2016 sint,
362 1967 736 2021 pulchritudinem
760 1966 965 2014 efficiunt,
990 1978 1124 2018 quam
1151 1963 1347 2017 profecto
1371 1977 1459 2003 non
1482 1962 1713 2012 efficerent,

236 2043 321 2083 nisi
357 2049 512 2082 mutuo
543 2042 623 2082 sibi
659 2041 839 2094 paribus
875 2039 1115 2080 intervallis
1146 2039 1472 2091 responderent.
1538 2037 1715 2077 Planius

237 2118 373 2157 etiam
413 2117 604 2157 cernitur
642 2116 685 2155 in
725 2115 908 2164 Natura,
942 2121 985 2154 et
1020 2114 1198 2167 quidem
1238 2127 1292 2152 ne
1327 2112 1457 2165 longe
1494 2112 1715 2162 abeamus,

238 2192 282 2232 in
326 2192 522 2231 humano
565 2204 777 2243 corpore:
830 2191 874 2229 in
918 2203 1005 2242 quo
1057 2189 1267 2241 pleraque
1319 2187 1564 2227 necessaria
1615 2187 1717 2226 fecit

236 2273 396 2306 natura
440 2267 535 2319 ipsa
586 2266 781 2318 duplicia
828 2278 1042 2317 germana
1085 2270 1128 2303 et
1169 2262 1368 2315 gemella,
1412 2268 1460 2301 ut
1511 2261 1716 2301 observat

236 2339 498 2380 Plutarchus
534 2340 590 2379 de
624 2339 777 2379 Amor.
801 2339 918 2378 Frat.
989 2339 1162 2385 Manus,
1197 2337 1344 2390 pedes,
1380 2335 1540 2384 oculos,
1577 2349 1713 2384 aures,

234 2428 376 2462 nares,
405 2420 531 2453 tanto
567 2414 720 2452 ordine
755 2427 805 2452 ac
841 2412 1147 2464 descriptione,
1182 2417 1229 2450 ut
1266 2423 1365 2450 cum
1400 2410 1527 2450 binos
1564 2409 1714 2448 oculos

235 2487 398 2536 fecerit,
424 2488 486 2527 ita
516 2487 617 2526 fecit
648 2500 704 2526 ex
739 2500 878 2538 aequo,
904 2492 950 2525 ut
984 2485 1094 2525 alter
1126 2484 1311 2524 alterum
1346 2497 1433 2523 non
1467 2483 1712 2532 excederet,

235 2562 314 2601 sed
338 2575 490 2614 parem
514 2561 660 2600 locum
684 2561 924 2612 sedemque
951 2565 1162 2607 tenerent,
1183 2559 1376 2610 itemque
1398 2558 1502 2598 bina
1524 2557 1713 2606 brachia,

234 2637 341 2678 bina
363 2650 497 2683 crura,
522 2642 566 2675 et
599 2636 660 2675 ita
689 2635 804 2683 bina,
831 2641 877 2675 ut
910 2635 991 2675 sibi
1025 2640 1179 2674 mutuo
1210 2634 1253 2672 in
1286 2633 1374 2672 suis
1404 2632 1580 2673 sedibus
1609 2638 1713 2685 apte

235 2711 545 2763 respondeant.

328 2791 384 2825 20.
439 2784 514 2824 Ad
567 2783 882 2823 declarandam
940 2783 1187 2823 animorum
1246 2781 1614 2833 conjunctionem,
1668 2786 1711 2821 et

237 2859 507 2900 societatem.
594 2858 840 2911 Corporum
883 2859 1000 2898 enim
1044 2856 1277 2897 associatio
1320 2856 1577 2895 societatem
1619 2855 1711 2895 ani-

237 2945 410 2973 morum
435 2932 560 2973 facile
591 2933 746 2985 arguit,
772 2946 870 2985 quae
904 2934 1016 2973 inter
1046 2932 1273 2984 religiosos
1297 2944 1393 2970 esse
1414 2930 1555 2970 debet.
1620 2929 1710 2970 Ubi
