1903 3197
324 675 847 728 OPUSCULUM
907 677 1330 730 OCTAVUM.

96 824 171 860 DE
215 824 693 861 ANTEVER'I'ENIHS
734 825 1208 863 TENTATIONIBUS.
1284 828 1345 863 IN
1389 828 1563 866 REGU-

555 895 673 931 LAM
711 907 755 941 14
786 895 1092 933 SUMMARH.

95 1022 507 1062 “ANTEVER'rlimc
537 1029 710 1076 oportet
734 1025 1009 1072 tentationes,
1033 1024 1240 1064 abhibitis
1271 1038 1420 1064 earum
1453 1039 1558 1066 con-

96 1097 247 1145 trariis,
282 1096 384 1137 etc.'‘
449 1097 637 1150 Sumpta
679 1104 744 1137 est
787 1098 881 1138 haec
926 1099 1096 1151 Regula
1142 1113 1198 1138 ex
1244 1099 1394 1140 Const.
1439 1114 1477 1152 p.
1524 1110 1558 1151 3.

97 1184 129 1210 c.
160 1168 239 1224 [ξ
274 1182 334 1222 13,
364 1177 406 1211 et
443 1172 531 1211 duo
563 1172 783 1212 continet:
814 1173 1016 1224 primum,
1051 1174 1357 1213 necessitatem
1396 1173 1562 1214 indicat

97 1245 396 1284 antevertendi
435 1246 728 1292 tentationes2
767 1246 937 1294 deinde,
972 1247 1105 1286 tradit
1143 1248 1324 1287 modum
1364 1253 1560 1288 antever-

96 1318 245 1367 tendi;
279 1320 488 1371 supponit
520 1325 668 1359 autem
701 1321 967 1359 tentationes
1001 1321 1162 1360 nemini
1196 1321 1433 1370 defuturas,
1458 1334 1556 1361 cum

96 1391 203 1431 dicit
240 1394 507 1432 tentationes
546 1394 661 1446 ipsas
694 1394 1041 1434 antevertendas
1105 1395 1208 1435 Tria
1242 1395 1372 1447 igitur
1403 1401 1447 1435 et
1479 1409 1559 1436 nos

95 1480 302 1519 agemus:
353 1468 557 1520 prunum,
606 1468 796 1507 breviter
847 1468 1132 1508 ostendemus
1184 1483 1317 1521 quam
1370 1469 1413 1508 id
1461 1469 1557 1521 jure

95 1547 341 1594 supponat:
404 1542 575 1590 deinde,
619 1543 961 1587 necessitatem;
1024 1542 1215 1590 demum,
1255 1542 1556 1583 antevertendi

99 1615 280 1655 modum
314 1616 645 1668 explicabimus.

239 1822 265 1876 §t
300 1832 559 1871 1.——‹2U(„›A1‘)
592 1832 939 1863 TENTATIONEs
973 1833 1414 1864 ANT1‹1VI‘‹:RTI‹:Nr)AS.

185 1929 332 1981 Quam
371 1929 467 1980 jure
509 1929 640 1981 igitur
680 1936 901 1981 supponat
934 1931 1199 1969 tentationes
1241 1929 1402 1969 nemini
1435 1928 1555 1968 defu-

98 2009 229 2052 turas,
253 2015 414 2054 magna
440 2003 680 2042 admodum
711 2002 969 2055 probatione
992 2016 1079 2043 non
1102 2009 1227 2055 eget:
1260 2016 1374 2051 nam,
1398 2008 1557 2055 praeter

99 2090 224 2116 usum
255 2082 387 2128 atque
417 2077 784 2129 experimentum,
809 2077 1033 2129 Scriptura
1066 2078 1198 2116 etiam
1223 2077 1356 2117 Sacra
1379 2082 1422 2116 et
1444 2076 1560 2116 ratiov

98 2151 193 2203 ipsa
228 2150 270 2189 id
306 2155 455 2203 aperte
489 2155 713 2190 testantur.
779 2150 1002 2202 Scriptura
1040 2151 1155 2190 enim
1188 2151 1323 2190 vitam
1366 2149 1560 2189 hominis

97 2237 228 2276 super
268 2229 428 2263 terram
481 2224 586 2264 dicit
638 2238 732 2264 esse
784 2223 997 2273 militiam,
1040 2238 1127 2272 seu,
1172 2231 1219 2264 ut
1262 2223 1556 2276 Septuaginta

95 2303 280 2347 vertunt,
315 2298 615 2338 tentationem.
681 2297 882 2337 “Annon
917 2299 1104 2338 tentatio
1139 2303 1205 2338 est
1238 2297 1329 2338 vita
1364 2297 1554 2337 hominis

96 2387 225 2426 super
258 2372 475 2413 terram.‘'1
538 2372 597 2412 Et
633 2372 746 2412 Eccl.
774 2382 807 2411 2.
834 2378 984 2412 monet
1017 2372 1300 2412 accedentem
1334 2370 1390 2411 ad
1425 2371 1555 2411 servi-

96 2453 235 2488 tutem
270 2447 366 2495 Dei,
390 2447 586 2499 quisquis
621 2446 691 2486 ille
725 2447 790 2495 sit,
819 2460 1066 2500 praeparare
1097 2446 1291 2487 animam
1323 2445 1380 2486 ad
1412 2450 1554 2485 tenta-

94 2521 270 2561 tionem.
336 2522 394 2561 Et
432 2520 630 2561 Christus
668 2527 817 2561 monet
853 2520 1125 2573 vigilandum
1162 2526 1206 2560 et
1242 2519 1468 2567 orandum,
1501 2532 1554 2558 ne

96 2595 309 2635 intramus
341 2595 384 2634 in
413 2596 714 2635 tentationem.
769 2595 871 2634 Non
894 2595 1013 2647 quod
1037 2594 1137 2634 illuc
1163 2600 1361 2647 spectare
1393 2592 1554 2633 debeat

97 2668 235 2709 oratio
268 2675 427 2717 nostra,
450 2675 498 2709 ut
530 2669 648 2708 nulla
680 2669 859 2708 omnino
891 2669 947 2708 sit
979 2669 1177 2716 tentatio,
1199 2667 1282 2708 hoc
1315 2667 1430 2707 enim
1464 2665 1553 2704 fieri

98 2756 185 2783 non
222 2748 379 2795 potest.
418 2749 465 2782 ut
502 2743 713 2791 dicimus;
756 2743 832 2782 sed
871 2756 936 2789 ne,
972 2742 1016 2782 in
1053 2742 1342 2782 tentationem
1381 2739 1554 2792 penitus

99 2816 276 2864 inducti,
302 2817 338 2856 ei
363 2815 526 2856 scilicet
549 2817 884 2856 succumbamus
906 2822 1038 2868 atque
1060 2816 1294 2856 vincamur.

744 2913 753 2932 ¹
777 2915 852 2956 Job.
875 2922 903 2953 7.
