1903 3197
541 169 609 214 [γι
643 168 696 214 R
698 168 861 230 egulas
895 167 968 213 M
962 167 1154 213 odestz‘ce.
1491 167 1549 225 65
1560 177 1586 224 5,

117 315 235 354 saepe
277 302 474 355 legimus.
553 302 622 342 De
663 301 918 353 Augustino
960 300 1148 353 quidem,
1183 299 1447 339 vestimenta
1489 297 1583 349 ejus

116 382 159 416 et
181 377 480 417 calceamenta
512 391 591 416 nec
623 376 762 415 nitida
795 376 990 423 nimium,
1015 388 1095 414 nec
1127 373 1299 425 abjecta
1331 372 1578 426 plurimum.

117 452 187 492 De
211 451 255 492 B.
281 452 467 492 Nicolao
491 452 723 504 Episcopo,
748 456 791 490 et
816 449 1039 489 Bernardo
1069 454 1375 500 paupertatem
1399 447 1578 499 quidem

113 540 287 579 semper
318 527 368 566 iis
401 540 494 566 esse
526 526 770 578 probatam,
795 524 945 563 sordes
979 535 1221 574 nunquam.

204 601 416 654 Idemque
448 601 503 641 de
537 606 687 640 nostro
726 599 854 639 Patre
888 598 1064 650 Ignatio
1098 597 1321 636 memoriae
1354 597 1577 648 proditum

114 683 188 716 est.
259 675 377 728 Quin
415 676 496 728 ipsi
536 675 618 715 Dei
657 674 790 714 Matri
828 673 1075 719 honestum,
1110 678 1158 711 ut
1195 686 1274 725 par
1311 678 1413 717 erat,
1448 671 1581 710 fuisse

112 751 331 798 vestitum,
365 750 594 790 mollitiem
633 756 782 789 tamen
821 761 998 788 omnem
1037 747 1282 799 luxumque
1324 746 1581 798 fugientem,

115 826 263 865 scribit
296 826 612 871 Damascenus,
647 838 704 864 or.
735 836 764 863 1.
790 824 844 864 de
878 823 980 862 Nat.
1006 823 1117 862 Mar.

483 968 548 998 DE
581 967 949 999 COMPOSITIONE
981 965 1158 996 VESTIU
1166 965 1212 995 M.

204 1051 358 1091 Monet
397 1050 569 1103 Regula
606 1056 828 1103 praeterea,
863 1055 911 1089 ut
936 1055 1080 1089 vestes
1119 1047 1332 1100 religiosae
1369 1059 1468 1086 cum
1504 1046 1580 1085 de-

114 1126 258 1165 centia
291 1132 622 1178 componantur.
697 1125 747 1164 In
786 1138 873 1177 quo
911 1129 1133 1176 przecepto
1167 1123 1255 1162 duo
1288 1122 1578 1162 continentur.

116 1201 321 1247 Primum,
357 1207 403 1241 ut
445 1201 703 1253 compositae
746 1200 841 1240 sint.
927 1199 1110 1246 Deinde,
1145 1204 1193 1238 ut
1234 1198 1438 1251 religioso
1480 1210 1579 1237 cum

114 1275 274 1315 decoro
317 1282 649 1328 componantur.
725 1275 881 1314 Monet
923 1280 1082 1321 autem,
1117 1280 1165 1313 ut
1206 1279 1323 1325 aptae
1364 1272 1583 1324 composi—

115 1356 259 1402 taeque
291 1351 388 1397 sint,
412 1350 583 1390 duabus
615 1350 670 1390 de
701 1351 853 1389 causis,
925 1349 1147 1388 Primum:
1183 1349 1286 1401 quia
1317 1347 1580 1400 negligentis

116 1424 306 1465 hominis
338 1431 414 1471 est,
443 1431 487 1465 et
521 1425 779 1465 effoeminati
812 1438 966 1477 parum
1000 1430 1103 1476 apte
1128 1424 1392 1463 vestimenta
1422 1435 1583 1474 gerere,

115 1513 257 1552 neque
283 1514 334 1540 ea
365 1500 522 1539 decore
554 1506 738 1548 nectere,
772 1513 913 1552 neque
943 1499 1214 1551 adstringere
1246 1511 1345 1538 cum
1379 1503 1580 1550 oportet;

115 1575 190 1614 sed
225 1575 365 1615 sinere
396 1589 448 1614 ea
479 1574 620 1621 fluere,
645 1580 688 1614 et
710 1580 922 1626 tanquam
956 1587 1140 1614 onerosa
1172 1573 1382 1613 decidere.
1446 1572 1580 1625 Quod

115 1649 269 1689 vitium
308 1649 447 1701 carpit
484 1648 617 1688 Arist.
651 1648 674 1688 l.
715 1658 750 1700 7.
785 1647 870 1688 eth.
903 1663 934 1688 c.
970 1658 1006 1699 7.
1042 1654 1098 1688 to.
1146 1656 1179 1698 5.
1224 1648 1295 1687 ubi
1339 1647 1426 1687 ait:
1469 1646 1580 1687 “Ad

118 1723 347 1763 mollitiem
370 1723 596 1776 pertinere,
620 1723 654 1762 si
677 1723 773 1775 quis
796 1736 872 1775 per
903 1729 1064 1762 terram
1086 1723 1398 1762 vestimentum
1422 1721 1580 1771 trahat,

117 1812 171 1837 ne
194 1798 235 1837 in
259 1812 311 1837 eo
333 1797 530 1837 tollendo
552 1797 756 1837 laboret.”
804 1797 953 1850 Quare
981 1797 1177 1844 Basilius,
1201 1798 1257 1837 ad
1289 1797 1416 1849 Greg.
1441 1811 1504 1850 ep.
1536 1809 1551 1836 Ι
1574 1812 1582 1838 :

118 1876 137 1891 “
155 1872 363 1913 Cinctura
385 1886 490 1912 sane
519 1886 660 1924 neque
689 1872 885 1924 superior
914 1872 968 1911 sit
992 1872 1162 1920 lumbis,
1187 1878 1253 1911 est
1283 1872 1398 1911 enim
1430 1871 1583 1912 mulie-

116 1949 217 1988 bre:
250 1961 392 2000 neque
424 1947 576 1995 laxior,
611 1961 665 1986 ne
697 1947 846 1986 tunica
877 1946 1077 1987 diffluat:
1110 1947 1318 1999 ignavum
1352 1947 1468 1986 enim
1501 1953 1582 1994 est,

116 2029 158 2063 et
182 2021 348 2062 molle.''
411 2021 471 2062 Et
494 2022 814 2070 Bonaventura‚
839 2020 963 2074 SpeC.
990 2022 1107 2061 Disc.
1131 2035 1170 2073 p.
1197 2032 1231 2071 3.
1255 2034 1288 2061 e.
1308 2021 1332 2060 8
1352 2037 1359 2061 ;
1383 2020 1466 2062 “Si
1488 2035 1584 2061 ves-

116 2097 206 2143 tis,''
231 2097 383 2150 inquit,
409 2099 500 2137 “ex
523 2111 611 2136 una
638 2102 764 2149 parte
791 2095 1042 2136 notabiliter
1071 2096 1262 2148 pendere
1290 2097 1582 2148 permittatur,

116 2172 184 2212 vel
227 2172 270 2211 in
313 2171 407 2211 aliis
449 2171 713 2224 praeparatio
755 2171 906 2210 debita
943 2171 1184 2218 omittatur,
1220 2170 1480 2216 fatuitatem,
1513 2169 1583 2210 vel

117 2246 443 2299 negligentiam,
467 2244 534 2285 vel
557 2245 823 2297 hypocrisim
855 2244 1005 2297 sapit.”
1060 2244 1118 2284 Et
1141 2244 1273 2297 paulo
1296 2244 1406 2284 infra
1425 2260 1432 2284 :
1456 2243 1583 2284 “Alii

118 2321 294 2361 sinuoso
311 2325 490 2373 syrnate
511 2325 673 2359 terram
696 2325 885 2368 verrunt,
909 2325 951 2359 et
974 2318 1194 2359 lemniscis
1217 2318 1581 2372 dependentibus,

117 2395 206 2434 imo
239 2401 353 2435 retro
381 2394 752 2447 consequentibus
775 2394 937 2442 caudis,
962 2394 1005 2433 in
1029 2392 1361 2434 similitudinem
1384 2392 1582 2445 vulpium

117 2469 301 2522 vestigia
318 2483 397 2508 sua
414 2468 650 2516 obducunt,
668 2474 711 2508 et
728 2481 989 2521 quocunque
1009 2467 1292 2521 perrexerint,
1308 2468 1432 2520 quasi
1455 2467 1585 2507 turbo

115 2543 394 2596 tempestatis
427 2542 653 2595 pulverem
685 2543 946 2583 concitant.’'

206 2617 292 2670 Qui
326 2623 474 2657 autem
507 2623 701 2657 mentem
735 2630 859 2656 suam
892 2618 1119 2657 continent
1156 2617 1199 2655 in
1236 2615 1379 2656 officio
1416 2622 1507 2655 tam
1539 2617 1582 2655 in

117 2691 321 2739 vestibus,
345 2704 479 2743 quam
513 2691 555 2730 in
585 2691 680 2730 aliis
711 2691 839 2731 rebus
870 2691 1111 2744 disciplinae
1144 2704 1292 2730 curam
1326 2704 1413 2729 non
1447 2689 1585 2742 negli-

117 2771 237 2819 gunt.
297 2765 476 2814 Contra,
509 2778 608 2805 cum
641 2779 667 2804 a
699 2765 763 2804 sui
795 2765 996 2805 custodia
1028 2778 1151 2805 mens
1184 2764 1374 2804 solvitur.
1439 2764 1583 2804 Bona-

117 2847 313 2890 ventura,
343 2839 467 2880 ibid.:
491 2838 639 2880 “Cum
672 2840 853 2880 interius
875 2854 900 2880 a
922 2841 986 2880 sui
1009 2840 1208 2880 custodia
1237 2839 1418 2879 solvitur
1447 2852 1582 2887 mens,

120 2922 162 2956 et
197 2914 396 2956 membra
429 2914 532 2955 foris
565 2913 620 2955 ad
658 2927 834 2954 omnem
872 2921 1020 2955 actum
1057 2914 1303 2955 inordinate
1340 2920 1587 2964 moventur,
