1903 3197
209 167 287 213 De
307 166 514 213 ordinat.
537 180 643 226 quse
667 180 724 209 ax
744 163 971 224 cujusque
980 161 1251 223 prudentia
1263 160 1448 222 pendet.
1503 160 1600 218 487

135 297 503 351 concupiscentiae
541 295 700 335 illicere
727 294 903 334 valeant
936 295 1167 342 intuentes,
1190 298 1234 332 et
1269 291 1599 345 opportunitate

139 372 207 412 vel
245 372 382 424 copia,
425 369 624 422 quamvis
665 367 885 407 districtos
926 372 1060 418 atque
1103 366 1498 406 abstinentissimos
1539 364 1596 404 ad

137 446 205 486 sui
237 445 502 485 desiderium
534 454 796 496 provocare:
828 440 1101 492 sacrilegium
1131 439 1314 479 ducatur
1345 452 1431 478 non
1465 437 1598 478 modo

140 518 382 570 quicquam
405 531 463 557 ex
494 516 561 556 his
584 515 828 567 degustare,
851 526 1002 553 verum
1025 513 1157 552 etiam
1182 526 1315 552 manu
1338 512 1601 564 contingere,

143 590 310 644 absque
343 604 393 630 eo
426 589 544 642 quod
580 587 728 641 palam
762 587 927 627 cunctis
963 586 1005 625 in
1041 599 1276 625 commune
1308 585 1600 624 reficientibus

140 662 412 705 exhibetur.'’

232 738 291 777 Et
321 738 365 776 in
399 735 621 776 Pachomii
653 734 813 786 regulis
843 733 926 773 hoc
955 732 1164 785 scriptum
1188 729 1296 771 est:1
1330 730 1414 771 “Si
1447 730 1600 770 fratres

141 811 384 850 invenerint
424 810 505 849 sub
547 808 772 848 arboribus
814 820 946 860 poma
987 805 1206 855 cecidisse,
1241 805 1470 844 comedere
1513 817 1601 843 non

139 884 379 932 audebunt,
402 883 479 923 sed
513 883 690 922 inventa
726 882 771 921 in
805 881 989 921 transitu
1024 879 1156 932 juxta
1194 878 1360 918 radices
1398 877 1603 917 arborum

139 957 447 998 collocabunt:
480 957 572 1009 ipse
602 969 790 1008 quoque,
819 955 893 1007 qui
923 954 1090 994 caeteris
1125 951 1432 1005 colligentibus
1463 951 1607 991 distri-

142 1031 248 1080 buit,
272 1036 449 1084 gustare
471 1044 559 1070 non
581 1028 777 1083 poterit.''

231 1103 523 1144 Admirabilis
575 1104 618 1142 in
669 1103 753 1143 hoc
795 1101 1077 1142 continentiae
1129 1113 1287 1153 genere
1340 1099 1421 1139 fuit
1470 1098 1607 1150 Jonas

141 1177 338 1230 quidam,
363 1177 486 1230 cujus
517 1177 561 1216 in
595 1175 832 1216 Pachomio
862 1175 911 1215 fit
934 1175 1126 1215 mentio:
1158 1174 1243 1226 qui,
1268 1187 1367 1214 cum
1400 1179 1609 1226 praeesset

145 1251 398 1291 domesticis
439 1250 589 1299 hortis,
631 1263 748 1302 saepe
789 1248 1037 1301 hospitibus
1078 1261 1213 1300 poma
1251 1247 1474 1296 divideret,
1514 1247 1607 1299 ipse

143 1324 250 1364 nihil
293 1337 350 1363 ex
392 1323 443 1363 iis
485 1324 529 1362 in
571 1323 691 1362 omni
733 1323 824 1362 vita
861 1322 1065 1374 gustavit,
1104 1334 1272 1360 memor
1309 1320 1472 1360 scilicet
1509 1333 1608 1373 pro-

143 1397 343 1438 fessionis
385 1411 487 1445 suae,
532 1409 702 1436 memor
748 1395 960 1447 religiosae
1008 1395 1122 1442 vitae,
1166 1408 1264 1446 quae
1305 1406 1477 1434 crucem
1520 1406 1607 1433 non

142 1470 333 1520 delicias,
375 1469 547 1510 labores
593 1483 682 1508 non
723 1469 972 1520 voluptates
1024 1467 1311 1519 amplectitur.
1387 1466 1608 1518 Objicies:

144 1557 289 1585 nonne
322 1543 542 1584 interdum
572 1542 773 1591 charitas,
806 1547 882 1581 aut
912 1540 1272 1581 extraordinariae
1303 1539 1430 1579 samis
1460 1553 1608 1579 neces-

144 1619 252 1659 sitas
302 1618 469 1667 suadet,
512 1623 560 1657 ut
607 1615 954 1656 extraordinaria
1005 1627 1182 1667 quoque
1232 1619 1430 1654 sumatur
1480 1613 1610 1653 esca?

147 1692 441 1744 Respondeo:
475 1692 529 1730 de
571 1690 831 1730 necessitate
874 1688 996 1728 initio
1034 1688 1128 1740 jam
1171 1688 1337 1728 dictum
1379 1694 1456 1737 est,
1497 1700 1608 1740 prae-

150 1765 299 1805 sertim
326 1778 426 1804 cum
458 1777 583 1804 casus
616 1762 880 1802 infirmitatis
903 1762 1114 1811 inciderit,
1138 1767 1186 1801 ut
1218 1761 1279 1801 ait
1301 1759 1612 1813 Augustinus.2

152 1838 241 1879 Sed
279 1836 718 1878 animadvertendum
759 1842 835 1884 est,
869 1840 917 1874 ut
955 1835 1009 1874 de
1046 1840 1154 1887 potu
1192 1834 1456 1882 dicebamus,
1489 1847 1609 1887 saepe

149 1911 420 1952 necessitatis
471 1910 615 1963 specie
666 1922 745 1948 nos
795 1907 911 1948 falli:
964 1908 1077 1960 quia,
1130 1913 1179 1947 ut
1229 1906 1483 1960 Gregorius3
1533 1908 1606 1957 ait,

150 1986 354 2038 voluptas
386 1984 468 2024 sub
499 1983 759 2024 necessitate
790 1996 835 2022 se
876 1982 1040 2035 palliat,
1073 1988 1121 2022 ut
1151 1982 1227 2021 vix
1260 1995 1357 2022 eam
1389 1981 1608 2034 perfectus

146 2059 335 2112 quisque
385 2058 612 2097 discernat.
706 2056 901 2108 Ideoque
954 2054 1204 2095 Climacus4
1254 2055 1606 2108 gastrimargiam

146 2132 477 2173 simulationem
514 2130 678 2170 ventris
719 2128 924 2182 appellat,
964 2129 1066 2180 quia
1102 2141 1200 2168 cum
1242 2129 1426 2168 satiatus
1467 2128 1606 2178 suerit,

149 2207 344 2258 indigere
365 2219 411 2245 se
433 2204 621 2254 clamat;
656 2209 700 2243 et
720 2217 820 2243 cum
843 2203 1059 2243 distentus
1081 2209 1215 2255 atque
1236 2203 1470 2255 disruptus,
1493 2204 1608 2243 voci-

146 2280 310 2320 feratur
331 2279 526 2319 esuriem.
592 2278 656 2318 Ut
684 2275 948 2317 monachus⁵
970 2276 1150 2329 quidam
1172 2276 1290 2329 apud
1315 2276 1604 2326 Dorotheum,

147 2353 224 2406 qui
259 2353 329 2393 vel
366 2358 467 2405 post
504 2351 655 2404 epulas
691 2364 958 2400 communes,
990 2363 1037 2389 se
1072 2364 1245 2403 semper
1281 2350 1397 2390 fame
1427 2351 1606 2392 cruciari

147 2427 325 2467 dicebat
345 2439 354 2476 3
388 2439 593 2478 saepeque
614 2424 733 2477 quod
761 2424 874 2464 clam
897 2424 1146 2464 comederet
1168 2424 1402 2466 furabatur.
1464 2425 1608 2466 Audi-

149 2500 289 2540 endus
311 2500 443 2551 igitur
465 2497 622 2539 Nilus6
642 2505 719 2549 est,
742 2499 803 2538 ita
831 2512 910 2538 nos
939 2499 1181 2538 admonens
1199 2512 1207 2538 :
1241 2498 1343 2539 Noli
1365 2512 1522 2552 corpus
1544 2500 1603 2540 ob

142 2572 421 2613 debilitatem
445 2572 674 2624 querulum
707 2571 906 2621 misereri,
929 2577 1006 2612 aut
1036 2572 1232 2612 ciborum
1264 2573 1392 2625 copia
1422 2573 1605 2625 pingue-

144 2646 298 2687 facere.
378 2646 440 2685 Et
481 2643 833 2686 Bonaventura:⁷
879 2645 1058 2686 “Extra
1098 2646 1415 2695 communem,”
1453 2646 1606 2698 inquit,

142 2720 466 2761 “refectionem
503 2720 559 2760 ad
596 2720 918 2760 comedendum
956 2726 1000 2760 et
1041 2720 1280 2760 bibendum
1316 2720 1392 2759 vix
1430 2733 1504 2759 eos
1540 2719 1604 2759 in-

188 2825 200 2845 ³
218 2827 299 2867 Reg.
318 2834 370 2865 42.
432 2824 445 2843 ²
461 2826 531 2857 Ser.
550 2833 576 2857 1.
593 2826 635 2856 ad
650 2825 737 2857 fratr.
797 2824 810 2844 3
827 2827 868 2857 In
884 2826 1077 2863 Moralibus,
1097 2825 1116 2856 l.
1134 2833 1185 2865 30.
1203 2836 1229 2857 e.
1245 2825 1295 2856 28.
1357 2824 1371 2843 ‘²
1387 2825 1487 2857 Grad.
1508 2834 1557 2866 14.

288 2876 301 2896 ⁵
328 2878 399 2910 Ser.
424 2885 472 2909 11.
608 2875 622 2895 ⁶
645 2877 702 2908 Or.
723 2877 744 2908 1.
880 2876 893 2897 ⁷
916 2877 957 2908 In
980 2887 1066 2917 spec.
1087 2877 1166 2908 disc.
1186 2887 1218 2917 p.
1238 2885 1268 2908 2.
1288 2887 1320 2918 p.
1340 2876 1362 2907 1.
1382 2887 1408 2908 c.
1430 2884 1460 2908 2.
