1903 3197
434 160 514 206 De
545 160 840 221 Regionibus
862 161 1207 223 peragrandis.
1499 177 1523 224 5
1538 179 1554 210 1

180 294 254 334 Ex
306 293 373 333 his
414 293 548 346 igitur
598 293 786 346 perspici
839 298 997 345 potest,
1042 307 1175 345 quam
1217 294 1273 335 sit
1325 294 1562 337 Societatis

90 375 251 410 nostrae
292 367 515 421 proprium
553 367 724 407 diversa
761 366 857 407 loca
893 380 1139 420 peragrare,
1180 368 1254 408 ubi
1289 369 1433 422 majus
1472 370 1558 411 Dei

91 443 364 495 obsequium,
387 448 520 494 atque
553 441 768 481 auxilium
801 440 930 481 fuerit
961 441 1220 481 animarum.

177 516 385 569 Sequitur
430 514 627 564 alterum,
672 520 719 554 ut
767 515 873 567 quid
916 513 1080 554 fraudis
1123 515 1345 555 interdum
1387 516 1554 558 incidat

90 604 190 631 cum
228 589 284 630 ad
328 588 669 630 Constitutionis
706 588 881 641 praxim
915 589 1224 640 actionemque
1258 595 1440 630 ventum
1478 597 1557 641 est,

91 665 344 705 indicemus.

483 852 509 906 ξ
542 861 824 901 IL—QUOAD
858 860 1143 893 sECUNDUM.

174 970 358 1023 Triplex
382 975 529 1010 autem
551 968 668 1008 fraus
700 983 774 1008 seu
797 968 953 1008 vitium
987 968 1029 1008 in
1062 967 1191 1020 hujus
1216 968 1556 1010 Constitutionis

87 1059 167 1085 usu
205 1050 338 1097 atque
374 1043 502 1096 praxi
539 1048 687 1095 potest
723 1042 925 1083 incidere.
991 1043 1186 1082 Primum
1224 1043 1417 1095 quidem,
1453 1057 1554 1083 cum

87 1119 268 1171 languet
299 1117 481 1165 animus,
505 1116 736 1168 minusque
766 1122 831 1156 est
862 1116 1017 1156 alacris
1047 1122 1090 1156 et
1121 1122 1328 1169 prompta
1350 1116 1557 1158 voluntas

86 1193 142 1233 ad
199 1190 472 1245 peragranda
529 1190 698 1230 diversa
754 1189 860 1230 loca.
949 1189 1074 1231 Solet
1126 1203 1319 1241 namque
1370 1189 1553 1231 humani

85 1266 257 1319 generis
298 1264 447 1312 hostis,
486 1269 535 1304 ut
568 1269 695 1304 tanto
732 1264 977 1303 animarum
1015 1264 1222 1316 praesidio
1265 1277 1311 1303 se
1347 1270 1557 1317 opponat,

84 1345 307 1392 torporem
341 1337 563 1390 quendam
598 1337 723 1377 nobis
756 1337 922 1386 afferre,
945 1343 993 1377 ut
1025 1338 1175 1390 pigeat
1210 1337 1370 1390 pedem
1405 1337 1557 1379 efferre

84 1414 230 1462 domo,
266 1418 310 1452 et
343 1426 422 1465 pro
456 1412 701 1452 animarum
739 1411 881 1451 salute
914 1411 1191 1464 peregrinari.
1257 1410 1426 1463 Objicit
1460 1425 1555 1453 mo-

83 1488 232 1528 lestias
264 1487 481 1535 itinerum,
504 1485 712 1535 locorum,
736 1499 824 1538 quo
854 1485 1090 1538 pergimus,
1113 1485 1397 1538 asperitatem
1421 1492 1556 1539 atque

83 1560 287 1615 pericula,
338 1559 599 1600 tenuitatem
650 1559 819 1608 virium,
872 1559 1138 1599 valetudinis
1190 1558 1553 1609 imbecillitatem,

83 1637 273 1688 denique
313 1635 416 1675 vitae
467 1634 609 1674 omnis
661 1634 954 1674 incommoda.
1031 1633 1120 1674 Sed
1173 1633 1553 1685 quemadmodum

83 1709 303 1762 fugandus
354 1708 410 1748 sit
460 1707 531 1747 hic
582 1707 770 1760 spiritus,
816 1721 923 1747 mox
966 1706 1261 1747 ostendemus.
1344 1706 1553 1748 Alterum

81 1783 235 1823 vitium
286 1787 362 1831 est,
415 1795 514 1821 cum
567 1782 610 1820 in
662 1781 729 1821 his
781 1781 1209 1834 peregrinationibus
1261 1780 1553 1834 suscipiendis

84 1857 228 1896 minus
261 1861 327 1895 est
359 1860 476 1894 recta
520 1860 680 1894 nostrae
724 1855 884 1894 mentis
926 1855 1123 1894 intentio.
1199 1854 1389 1895 Satanas
1431 1855 1547 1895 enim

83 1943 183 1970 cum
230 1935 451 1981 torporem
506 1927 663 1968 animis
717 1927 876 1967 nostris
928 1927 1082 1967 afferre
1143 1941 1231 1967 non
1283 1933 1442 1980 potest,
1494 1941 1550 1969 ne

82 2003 347 2056 permolesta
399 2001 687 2055 suscipiamus
729 2002 896 2049 itinera,
942 2007 1136 2041 mentem
1180 2007 1296 2042 certe
1338 2008 1548 2053 nostram,

80 2076 302 2129 finemque
344 2076 470 2116 nobis
511 2076 786 2128 propositum
835 2082 1082 2128 pervertere
1124 2081 1259 2127 atque
1310 2075 1547 2117 immutare

80 2157 290 2200 conatur;
323 2156 370 2190 ut
397 2163 483 2189 non
513 2156 605 2190 tam
629 2150 876 2189 animarum
899 2163 1031 2189 causa
1054 2149 1320 2202 peregrinari
1345 2148 1547 2200 delectet,

80 2238 212 2278 quam
247 2229 323 2264 aut
364 2224 582 2264 libertatis
624 2237 785 2271 amore,
820 2230 896 2263 aut
939 2223 1180 2264 ambitione
1215 2222 1409 2275 quadam
1451 2236 1547 2265 sese

79 2298 330 2340 ostentandi
360 2304 403 2338 et
435 2311 598 2351 magna
630 2297 846 2351 patrandi,
871 2303 946 2337 aut
979 2297 1111 2337 etiam
1144 2298 1316 2337 curioso
1349 2297 1545 2350 quodam

80 2373 226 2413 studio
262 2372 430 2412 visendi
465 2385 532 2411 res
564 2385 710 2412 novas.
768 2371 1066 2424 Peregrinatio
1104 2371 1220 2411 enim
1259 2371 1439 2411 notitias
1469 2370 1548 2412 dat

79 2447 290 2500 gentium,
324 2460 460 2486 novas
493 2446 619 2486 nobis
652 2446 869 2485 montium
903 2445 1066 2485 formas
1099 2445 1304 2494 ostendit,
1336 2446 1547 2486 inusitata

80 2534 335 2573 camporum
368 2520 522 2573 spatia,
560 2526 603 2560 et
637 2520 819 2573 irriguas
857 2520 1123 2573 perennibus
1157 2520 1282 2572 aquis
1315 2519 1463 2569 valles,
1498 2525 1547 2560 ut

81 2594 250 2636 Seneca
281 2594 375 2635 ait.1
435 2595 636 2635 Tertium
666 2595 821 2634 vitium
855 2600 931 2643 est,
955 2608 1054 2635 cum
1088 2594 1130 2633 in
1162 2593 1229 2633 his
1262 2594 1544 2634 missionibus

79 2683 154 2710 seu
198 2670 302 2709 locis
345 2683 431 2722 quo
475 2670 690 2709 mittimur
731 2669 1055 2722 intepescimus‚
1094 2675 1137 2709 et
1173 2683 1198 2708 a
1234 2669 1540 2721 proximorum

75 2742 312 2795 quaerenda
343 2743 483 2783 salute
513 2743 615 2783 vitae
647 2743 777 2795 hujus
807 2743 1022 2783 illecebris
1053 2756 1299 2783 avocamur.
1378 2740 1542 2781 Studet

79 2818 196 2858 enim
224 2816 410 2870 vigilans
439 2817 723 2868 adversarius,
748 2818 927 2870 quando
958 2817 1179 2858 inflectere
1205 2830 1255 2856 ac
1281 2816 1544 2867 detorquere

709 2906 722 2925 ¹
747 2908 809 2949 Ep.
834 2916 903 2946 104.

252 2968 280 2998 E
313 2970 336 2998 2
