1903 3197
227 156 317 198 292
546 141 627 186 Dc
659 140 849 186 ratione
882 141 1074 187 vivendi
1107 141 1369 188 Socz'elalz'S.

222 273 428 320 actiones,
472 272 515 311 id
557 272 815 324 adjumento
851 273 1057 314 videlicet
1100 280 1176 321 est,
1215 279 1258 313 et
1295 273 1352 312 ad
1395 271 1689 312 revocandum

224 346 349 385 nobis
380 346 422 385 in
454 351 647 386 mentem
671 346 884 399 quidquid
916 361 994 399 per
1017 348 1134 387 diem
1158 347 1338 399 egimus,
1363 351 1406 385 et
1428 346 1484 386 ad
1514 346 1691 386 investi-

223 418 371 470 ganda
394 424 436 458 et
459 418 672 469 deflenda,
694 433 772 472 per
793 420 943 469 otium,
974 434 1072 472 quae
1099 420 1379 471 deliquimus.
1445 419 1578 458 Porro
1601 432 1689 459 non

224 491 378 531 eadem
412 492 468 532 ab
499 493 703 532 omnibus
735 494 799 532 sui
832 493 1084 533 excutiendi
1118 493 1314 545 exigitur
1344 492 1584 544 diligentia,
1613 492 1689 532 sed

224 578 303 618 pro
336 566 547 618 cujusque
578 580 782 619 processu
816 573 858 607 et
891 567 1013 620 quasi
1045 567 1185 619 gradu
1218 566 1397 605 lumInis
1429 579 1480 605 ac
1507 566 1688 606 virtutis.

225 639 409 679 Tirones
445 641 574 687 enim,
612 647 654 680 et
689 643 761 693 qui
795 655 909 681 nunc
942 642 1132 694 primum
1166 641 1284 680 viam
1325 639 1512 692 Spiritus
1549 639 1695 691 ingre-¹

224 713 413 763 (liuntur,
438 714 542 754 satis
571 713 735 754 habent
769 715 803 753 si
838 715 1049 755 crassiora
1080 714 1302 766 quaedam,
1333 726 1420 752 non
1454 712 1691 752 oscitanter

225 787 498 840 investigata,
523 788 762 840 deplorent.
827 788 1009 828 Perfecti
1033 794 1193 835 autem,
1218 792 1261 826 et
1284 787 1358 838 qui
1386 786 1484 838 plus
1513 785 1691 825 luminis

223 875 249 902 a
283 862 379 902 Deo
412 862 649 911 obtinuere,
676 862 968 901 minutissima
1000 875 1187 913 quaeque
1219 861 1474 913 perquirant
1501 866 1689 912 oportet,

224 935 411 987 ideoque
440 934 686 986 plusculum
717 935 900 974 sortasse
924 935 1013 980 otii,
1039 940 1085 973 ut
1108 947 1153 973 se
1175 940 1293 973 totos
1316 933 1551 985 dispiciant
1574 946 1690 972 scru-

224 1014 469 1060 tenturquc,
494 1008 755 1048 desiderant.
805 1007 1197 1059 Quemadmodum
1221 1006 1423 1046 videmus
1447 1008 1489 1045 in
1512 1007 1690 1054 artibus,

224 1081 266 1120 in
306 1081 473 1132 quibus
512 1081 585 1132 qui
628 1082 823 1120 rudiores
866 1080 1009 1120 adhuc
1052 1086 1165 1128 sunt,
1200 1094 1287 1120 non
1330 1079 1518 1120 multum
1562 1085 1692 1132 egent

222 1155 432 1207 temporis
455 1154 511 1194 ad
538 1169 616 1194 sua
639 1155 745 1194 vitia
776 1154 1090 1207 pernoscenda,
1114 1160 1161 1193 ut
1194 1154 1336 1193 infans
1359 1152 1692 1205 imbecillusque

223 1229 549 1280 grammaticus,
585 1228 656 1268 ubi
695 1229 967 1268 solcecismos
1003 1234 1046 1268 et
1079 1228 1280 1280 graviora
1314 1227 1520 1279 quaedam
1550 1232 1693 1267 errata

223 1303 453 1355 perspexit
495 1316 545 1342 ac
587 1303 829 1355 castigavit,
874 1302 992 1354 quod
1046 1315 1133 1342 non
1183 1315 1391 1353 magnam
1445 1300 1688 1340 admodum

224 1376 576 1428 disquisitionem
607 1376 838 1424 desiderat,
862 1375 1157 1428 conquiescit;
1191 1388 1270 1414 nec
1304 1387 1480 1414 necesse
1503 1379 1568 1413 est
1591 1387 1691 1414 eum

223 1449 267 1488 in
320 1450 668 1501 pel-vestigandis
720 1449 1031 1496 subtilioribus,
1075 1463 1174 1501 quae
1222 1449 1418 1488 nondum
1471 1448 1690 1500 perspicit,

225 1522 440 1562 insudare.
525 1521 598 1562 Sic
641 1528 684 1561 et
736 1523 778 1561 in
831 1522 1149 1574 cognoscendis
1193 1521 1551 1572 castigandisque
1602 1521 1691 1560 suis

227 1595 431 1638 moribus,
469 1609 553 1634 non
590 1609 765 1635 necesse
800 1597 880 1635 erit
916 1608 1276 1647 unumquemque
1314 1594 1478 1634 diutius
1514 1593 1690 1638 haerere,

227 1682 361 1720 quam
385 1668 478 1720 ejus
511 1669 703 1708 conditio
726 1675 769 1708 et
792 1669 914 1720 quasi
947 1668 1110 1721 gradus
1142 1667 1318 1720 spiritus
1350 1667 1552 1719 petiatur.
1617 1666 1690 1705 Ex

227 1755 314 1793 quo
357 1741 405 1781 fit
448 1748 495 1788 ut
547 1743 759 1783 memoria
800 1742 856 1781 ad
909 1742 1163 1781 recolendas
1215 1740 1495 1792 quotidianas
1549 1752 1691 1779 noxas

226 1815 446 1868 plerisque
488 1816 544 1855 sit
583 1816 704 1865 satiS,
748 1822 789 1856 et
831 1816 1052 1868 temporis.
1129 1815 1262 1854 Porro
1304 1813 1398 1853 haec
1442 1814 1506 1853 sui
1550 1812 1690 1853 discu-

226 1889 365 1929 tiendi
401 1890 512 1929 ratio
544 1902 621 1942 per
649 1889 949 1941 cogitationes,
967 1889 1110 1935 verba,
1135 1894 1268 1939 atque
1298 1901 1378 1937 res,
1401 1899 1488 1926 non
1521 1885 1577 1926 ab
1607 1898 1694 1925 uno

229 1963 358 2002 Patre
380 1969 530 2002 nostro
554 1963 730 2014 Ignatio
753 1963 915 2002 tradita
938 1969 1014 2011 est,
1030 1962 1105 2001 sed
1130 1975 1155 2001 a
1179 1961 1326 2000 multis
1346 1960 1479 2000 etiam
1505 1959 1692 2003 Sanctis.

226 2041 275 2076 ut
320 2036 494 2085 Basilio,
532 2036 862 2088 Chrysostomo,
899 2035 1123 2088 Gregorio,
1163 2035 1483 2082 Bonaventura‚
1518 2038 1561 2072 et
1599 2033 1694 2073 aliis

228 2111 283 2150 de
316 2109 474 2162 quibus
508 2123 587 2150 nos
619 2124 759 2162 supra.

318 2184 386 2224 De
410 2189 566 2235 quarto
591 2183 823 2224 Examinis
846 2183 1045 2223 membro
1068 2181 1117 2221 fit
1139 2181 1432 2233 interrogatio.
1485 2179 1693 2232 Quonam

228 2262 372 2311 pacto,
419 2269 516 2299 cum
577 2256 690 2296 levia
741 2256 828 2297 sint
879 2255 1041 2296 delicta
1091 2254 1189 2301 diei,
1238 2258 1411 2293 tantum
1465 2254 1695 2306 concipere

229 2330 426 2372 dolorem
465 2342 697 2385 possumus
739 2335 786 2368 ut
818 2328 951 2379 digne
982 2328 1156 2367 veniam
1195 2326 1500 2379 postulemus?
1575 2326 1693 2366 Nam

228 2405 380 2458 gravia
421 2417 498 2445 sua
535 2408 692 2459 sponte
731 2402 928 2445 dolorem
963 2401 1162 2450 afferunt,
1194 2406 1237 2444 et
1266 2400 1436 2442 veniam
1474 2400 1696 2453 postulare¹

229 2479 510 2533 compellunt.

320 2553 598 2606 Respondeo,
629 2555 665 2593 si
698 2553 995 2606 perpendatur
1026 2552 1237 2604 cujusque
1272 2565 1402 2591 noxae
1438 2549 1696 2590 deformitas

229 2628 297 2667 vel
339 2627 571 2667 levissimae
614 2628 657 2666 in
700 2633 937 2679 conspectu
977 2627 1074 2672 Dei,
1108 2638 1255 2665 coram
1294 2638 1382 2676 quo
1420 2636 1500 2663 nec
1541 2622 1696 2674 angeli,

230 2714 310 2741 nec
348 2701 447 2741 coeli
485 2700 567 2753 ipsi
601 2701 707 2740 satis
741 2701 836 2753 puri
875 2700 1117 2751 mundique
1153 2704 1265 2738 sunt.
1341 2694 1565 2748 Exemplo
1602 2707 1697 2734 esse

227 2780 375 2827 potest
407 2774 454 2815 B.
480 2773 719 2815 Catharina
753 2772 998 2812 Genuensis
1028 2785 1161 2824 quam
1184 2771 1252 2811 vel
1286 2769 1469 2809 minima
1500 2781 1630 2816 noxa,
1653 2767 1697 2806 in

228 2862 307 2892 Suo
344 2854 522 2904 pectore
559 2850 768 2902 inspecta,
799 2848 1048 2900 torquebat,
1083 2852 1131 2886 ut
1167 2846 1211 2886 in
1250 2845 1343 2899 ejus
1374 2844 1465 2885 vita
1502 2842 1700 2895 legimus.
