1903 3197
632 173 712 218 De
742 173 997 221 Examina
1448 179 1541 237 289

85 302 337 352 secundum,
376 309 424 343 ut
465 303 520 343 ad
562 304 705 356 ipsum
746 305 847 344 vitae
890 311 1049 345 nostrae
1090 319 1262 348 cursum
1308 309 1542 361 praesentia

85 389 184 415 cum
213 376 444 428 praeteritis
473 376 754 424 conferentes,
788 382 830 417 et
860 379 1165 430 nosmetipsos,
1196 385 1244 420 ut
1276 381 1435 421 Paulus
1467 382 1538 432 ait,

84 456 400 501 comparantes,
444 456 491 490 ut
542 449 836 501 intelligamus
887 457 1101 502 quantum
1153 453 1195 491 in
1246 454 1314 492 via
1356 454 1538 494 Domini

83 522 382 575 procedamus.
461 523 512 562 Id
554 522 672 574 quod
713 523 885 562 videtur
919 524 1107 564 voluisse
1150 525 1396 565 Bernardus
1437 540 1536 567 cum

85 595 227 635 dixit:
282 595 467 635 “Vitam
499 601 620 635 tuam
658 595 700 635 in
733 596 990 647 quotidiana
1021 597 1289 637 discussione
1321 599 1537 640 examina.

83 667 282 708 Attende
304 668 534 720 diligenter
551 674 762 720 quantum
785 669 996 721 proficias,
1012 669 1079 709 vel
1103 676 1316 722 quantum
1340 669 1538 722 deficias;

83 742 224 795 qualis
250 743 305 782 sis
338 743 380 781 in
403 742 606 790 moribus,
632 749 674 782 et
702 742 841 794 qualis
873 743 916 782 in
946 742 1200 792 affectibus3
1234 757 1365 796 quam
1388 743 1541 784 similis

83 816 140 855 sis
166 816 273 864 Deo,
289 815 357 855 vel
381 829 512 867 quam
536 815 768 865 dissimilis,
786 829 917 867 quam
945 830 1093 868 prope,
1107 816 1175 857 vel
1198 830 1330 868 quam
1353 816 1542 869 longe.'’¹

87 889 210 937 Haec,
253 889 443 941 inquam,
486 889 727 941 generatim
770 894 813 928 et
855 889 1051 929 universe
1092 890 1303 942 perpendi
1345 896 1542 942 possunt,

83 977 181 1003 cum
212 963 447 1015 singularia
479 962 638 1002 delicta
670 976 766 1014 quae
800 963 960 1016 lugeas,
983 962 1050 1002 vel
1081 963 1209 1012 nulla,
1226 963 1293 1003 vel
1322 977 1543 1016 perpauca

83 1043 194 1077 sunt.
272 1036 383 1089 Quae
426 1036 602 1089 quidem
645 1036 861 1077 examinis
899 1037 1009 1076 ratio
1050 1035 1167 1076 haud
1205 1036 1338 1076 dubie
1380 1050 1541 1090 magna

85 1109 276 1162 quadam
307 1110 495 1149 utilitate
518 1124 602 1150 non
635 1116 762 1150 caret.
828 1110 1094 1150 Faciendum
1119 1110 1250 1150 etiam
1278 1116 1343 1150 est
1372 1116 1418 1150 ut
1447 1110 1541 1151 illo-

85 1196 179 1221 rum
201 1182 416 1232 vitiorum,
447 1183 486 1222 in
520 1197 616 1235 quze
647 1183 903 1235 plerumque
932 1182 1121 1224 solemus
1151 1183 1350 1235 incidere,
1374 1184 1541 1225 radices

82 1254 374 1307 inspiciamus,
419 1261 466 1295 ut
507 1269 580 1296 eas
618 1257 887 1309 extirpemus
929 1263 972 1297 et
1009 1257 1256 1299 evellamus.
1339 1258 1542 1312 Denique

85 1327 224 1367 multo
246 1328 343 1380 plus
365 1329 575 1381 temporis
599 1329 641 1368 in
664 1330 938 1370 decernendo
960 1332 1282 1383 statuendoque
1310 1345 1539 1384 ponamus,

83 1414 162 1440 nec
194 1414 280 1440 non
315 1401 358 1440 in
391 1402 653 1455 indagandis
686 1403 938 1453 rationibuS,
973 1404 1348 1455 quemadmodum
1382 1406 1540 1446 nostris

82 1473 163 1526 ipsi
186 1475 369 1515 decretis
392 1482 524 1527 atque
546 1476 780 1528 propositis
803 1477 1166 1530 obtemperemus.
1231 1478 1542 1530 Inspiciamus-

80 1560 164 1599 que
199 1548 368 1600 vesperi
410 1549 633 1600 quomodo
676 1550 912 1598 matutinis,
957 1564 1084 1590 mane
1131 1556 1280 1591 autem
1313 1552 1538 1603 quomodo

81 1621 336 1672 vespertinis
378 1621 460 1660 illis
497 1621 682 1662 decretis
718 1623 981 1675 statutisque
1017 1623 1250 1676 paruimus.
1315 1623 1387 1665 Sic
1424 1624 1542 1676 quod

82 1693 236 1733 datum
268 1698 333 1733 est
364 1693 619 1734 discussioni
652 1696 862 1747 temporis
893 1696 1137 1748 perutiliter
1167 1697 1455 1737 traducemus.

169 1766 318 1806 Tertia
349 1767 642 1819 interrogatio.
726 1768 772 1808 Si
814 1782 892 1820 per
932 1768 1061 1809 horas
1103 1769 1307 1822 singulas,
1353 1784 1410 1810 ex
1453 1783 1540 1823 quo

82 1839 361 1888 surreximus,
395 1840 698 1891 investiganda
729 1845 830 1880 sunt
862 1840 968 1880 vitia
1000 1846 1131 1893 atque
1164 1848 1356 1894 peccata,
1384 1843 1428 1882 id
1461 1843 1542 1884 erit

82 1911 279 1951 maxima
311 1912 596 1952 aberrationis
628 1926 760 1952 causa
791 1914 927 1953 menti
965 1920 1155 1964 nostrae;
1188 1914 1312 1954 facile
1347 1916 1462 1955 enim
1496 1915 1540 1955 in

82 1983 348 2035 quotidianis
381 1985 684 2036 expendendis
720 1986 966 2026 actionibus
1000 2000 1123 2027 mens
1157 1988 1252 2039 ipsa
1288 1988 1331 2027 in
1364 1989 1542 2040 quibus-

81 2056 185 2096 dam
222 2057 392 2105 insistit,
429 2062 472 2096 et
504 2071 561 2096 ex
593 2071 680 2097 uno
714 2058 757 2097 in
793 2059 911 2098 aliud
947 2058 1091 2099 evolat
1124 2060 1304 2099 minime
1335 2061 1539 2109 sentiens,

80 2142 158 2181 per
179 2129 451 2169 occasionem
474 2135 566 2170 tam
588 2144 759 2182 vagam,
783 2131 1050 2172 lustrationis
1073 2132 1241 2172 divinae.
1291 2133 1541 2173 Interdum-

79 2214 165 2253 que
206 2216 293 2242 non
333 2203 454 2255 prius
496 2217 542 2243 se
584 2210 757 2244 revocat
798 2204 853 2244 ad
906 2204 1211 2257 investiganda
1253 2211 1297 2246 et
1338 2205 1542 2247 deflenda

80 2281 271 2327 peccata,
310 2289 443 2328 quam
480 2282 655 2329 tempus
692 2278 910 2317 examinis
946 2279 1003 2318 sit
1039 2278 1249 2331 elapsum,
1287 2279 1413 2320 nobis
1455 2293 1542 2321 non

80 2348 369 2389 sentientibus
391 2362 470 2389 nec
493 2349 951 2390 animadvertentibus.

169 2420 447 2473 Respondeo.
521 2422 704 2475 Triplex
756 2423 964 2463 adversus
1010 2424 1169 2464 mentis
1220 2423 1539 2466 aberrationem

81 2490 277 2532 adhiberi
299 2498 446 2545 potest
462 2495 715 2535 remedium.
760 2494 966 2544 Primum,
983 2501 1032 2536 ut
1049 2508 1212 2549 magno
1229 2497 1364 2537 animi
1387 2498 1541 2539 ardore

79 2564 312 2616 studioque
340 2565 544 2617 placandi
574 2567 671 2615 Dei,
695 2567 750 2607 ad
779 2572 1061 2619 peccatorum
1085 2580 1275 2608 examen
1296 2569 1540 2610 accedatur.

81 2635 129 2677 Si
152 2636 248 2688 quis
277 2637 391 2676 enim
421 2638 483 2678 ita
513 2639 706 2689 accedat,
729 2640 764 2680 is
787 2653 874 2680 non
897 2640 1022 2681 facile
1050 2654 1128 2693 per
1154 2641 1284 2694 hujus
1306 2642 1540 2694 investiga-

79 2707 214 2748 tionis
235 2710 510 2750 occasionem
533 2712 589 2752 ad
617 2712 787 2752 inutilia
810 2714 1014 2765 quaedam
1038 2720 1081 2754 et
1102 2728 1127 2754 a
1148 2714 1375 2767 proposito
1396 2713 1540 2755 aliena

80 2780 355 2822 aberraverit.
433 2782 565 2835 Quod
602 2785 637 2824 si
678 2786 856 2837 quando
899 2786 1079 2828 minime
1120 2787 1311 2827 sentiens
1351 2786 1535 2836 aberret,

680 2869 694 2914 ξ
718 2871 810 2907 Med.
837 2883 864 2906 c.
893 2879 923 2915 5.

252 2922 282 2952 T
