<?xml version="1.0" encoding="UTF-8"?>
<!DOCTYPE html PUBLIC "-//W3C//DTD XHTML 1.0 Transitional//EN"
    "http://www.w3.org/TR/xhtml1/DTD/xhtml1-transitional.dtd">
<html xmlns="http://www.w3.org/1999/xhtml" xml:lang="en" lang="en">
 <head>
  <title>
</title>
<meta http-equiv="Content-Type" content="text/html;charset=utf-8" />
  <meta name='ocr-system' content='tesseract 3.04.00' />
  <meta name='ocr-capabilities' content='ocr_page ocr_carea ocr_par ocr_line ocrx_word'/>
</head>
<body>
  <div class='ocr_page' id='page_1' title='image "./nicolaiorlandini00orla/nicolaiorlandini00orla_0220.png"; bbox 0 0 1903 3197; ppageno 0'>
   <div class='ocr_carea' id='block_1_1' title="bbox 281 147 1421 196">
    <p class='ocr_par' dir='ltr' id='par_1_1' title="bbox 281 147 1421 196">
     <span class='ocr_line' id='line_1_1' title="bbox 281 147 1421 196; baseline 0.004 -4"><span class='ocrx_word' id='word_1_1' title='bbox 281 161 374 193; x_wconf 87' lang='lat'>200</span> <span class='ocrx_word' id='word_1_2' title='bbox 600 147 680 193; x_wconf 78' lang='lat' dir='ltr'>De</span> <span class='ocrx_word' id='word_1_3' title='bbox 713 148 904 194; x_wconf 65' lang='lat' dir='ltr'>rasione</span> <span class='ocrx_word' id='word_1_4' title='bbox 937 148 1130 195; x_wconf 61' lang='lat' dir='ltr'>vivendi</span> <span class='ocrx_word' id='word_1_5' title='bbox 1163 149 1421 196; x_wconf 72' lang='lat' dir='ltr'>Socc&#39;etalz&#39;s.</span> 
     </span>
    </p>
   </div>
   <div class='ocr_carea' id='block_1_2' title="bbox 246 280 1752 2932">
    <p class='ocr_par' dir='ltr' id='par_1_2' title="bbox 262 280 1752 1363">
     <span class='ocr_line' id='line_1_2' title="bbox 273 280 1744 334; baseline 0.003 -15"><span class='ocrx_word' id='word_1_6' title='bbox 273 280 466 320; x_wconf 87' lang='lat' dir='ltr'>ardentis</span> <span class='ocrx_word' id='word_1_7' title='bbox 501 281 613 333; x_wconf 80' lang='lat' dir='ltr'>ignis</span> <span class='ocrx_word' id='word_1_8' title='bbox 650 281 744 333; x_wconf 90' lang='lat' dir='ltr'>ipse</span> <span class='ocrx_word' id='word_1_9' title='bbox 776 295 862 321; x_wconf 90' lang='lat' dir='ltr'>non</span> <span class='ocrx_word' id='word_1_10' title='bbox 903 282 1061 334; x_wconf 80' lang='lat' dir='ltr'>attigit,</span> <span class='ocrx_word' id='word_1_11' title='bbox 1095 282 1197 334; x_wconf 88' lang='lat' dir='ltr'>quia</span> <span class='ocrx_word' id='word_1_12' title='bbox 1230 282 1454 322; x_wconf 79' lang='lat' dir='ltr'>subtraxit</span> <span class='ocrx_word' id='word_1_13' title='bbox 1488 283 1609 322; x_wconf 88' lang='lat' dir='ltr'>Deus</span> <span class='ocrx_word' id='word_1_14' title='bbox 1642 297 1744 324; x_wconf 91' lang='lat' dir='ltr'>con-</span> 
     </span>
     <span class='ocr_line' id='line_1_3' title="bbox 272 355 1750 408; baseline 0.003 -15"><span class='ocrx_word' id='word_1_15' title='bbox 272 368 445 394; x_wconf 90' lang='lat' dir='ltr'>cursum</span> <span class='ocrx_word' id='word_1_16' title='bbox 488 368 615 394; x_wconf 90' lang='lat' dir='ltr'>suum</span> <span class='ocrx_word' id='word_1_17' title='bbox 660 355 961 403; x_wconf 77' lang='lat' dir='ltr'>universalem,</span> <span class='ocrx_word' id='word_1_18' title='bbox 1001 357 1093 395; x_wconf 84' lang='lat' dir='ltr'>sine</span> <span class='ocrx_word' id='word_1_19' title='bbox 1137 370 1224 408; x_wconf 87' lang='lat' dir='ltr'>quo</span> <span class='ocrx_word' id='word_1_20' title='bbox 1267 356 1379 408; x_wconf 82' lang='lat' dir='ltr'>ignis</span> <span class='ocrx_word' id='word_1_21' title='bbox 1431 356 1473 395; x_wconf 89' lang='lat' dir='ltr'>in</span> <span class='ocrx_word' id='word_1_22' title='bbox 1516 356 1613 396; x_wconf 91' lang='lat' dir='ltr'>illos</span> <span class='ocrx_word' id='word_1_23' title='bbox 1653 357 1750 397; x_wconf 61' lang='lat' dir='ltr'>vim»</span> 
     </span>
     <span class='ocr_line' id='line_1_4' title="bbox 272 427 1750 483; baseline 0.003 -17"><span class='ocrx_word' id='word_1_24' title='bbox 272 441 396 467; x_wconf 89' lang='lat' dir='ltr'>suam</span> <span class='ocrx_word' id='word_1_25' title='bbox 442 427 605 468; x_wconf 88' lang='lat' dir='ltr'>nullam</span> <span class='ocrx_word' id='word_1_26' title='bbox 648 428 813 469; x_wconf 86' lang='lat' dir='ltr'>habuit.</span> <span class='ocrx_word' id='word_1_27' title='bbox 900 431 1025 470; x_wconf 91' lang='lat' dir='ltr'>Idem</span> <span class='ocrx_word' id='word_1_28' title='bbox 1080 431 1120 469; x_wconf 91' lang='lat' dir='ltr'>in</span> <span class='ocrx_word' id='word_1_29' title='bbox 1165 429 1463 483; x_wconf 75' lang='lat' dir='ltr'>spiritualibus</span> <span class='ocrx_word' id='word_1_30' title='bbox 1505 431 1750 471; x_wconf 87' lang='lat' dir='ltr'>dicendum·</span> 
     </span>
     <span class='ocr_line' id='line_1_5' title="bbox 272 503 1741 557; baseline 0.003 -16"><span class='ocrx_word' id='word_1_31' title='bbox 272 507 348 547; x_wconf 85' lang='lat' dir='ltr'>est,</span> <span class='ocrx_word' id='word_1_32' title='bbox 383 508 424 542; x_wconf 90' lang='lat' dir='ltr'>et</span> <span class='ocrx_word' id='word_1_33' title='bbox 459 503 499 541; x_wconf 87' lang='lat' dir='ltr'>in</span> <span class='ocrx_word' id='word_1_34' title='bbox 531 504 850 543; x_wconf 87' lang='lat' dir='ltr'>tentationibus</span> <span class='ocrx_word' id='word_1_35' title='bbox 883 505 1141 557; x_wconf 75' lang='lat' dir='ltr'>superandis</span> <span class='ocrx_word' id='word_1_36' title='bbox 1175 510 1411 556; x_wconf 85' lang='lat' dir='ltr'>utrumque</span> <span class='ocrx_word' id='word_1_37' title='bbox 1444 518 1554 557; x_wconf 90' lang='lat' dir='ltr'>opus</span> <span class='ocrx_word' id='word_1_38' title='bbox 1587 510 1663 553; x_wconf 88' lang='lat' dir='ltr'>est,</span> <span class='ocrx_word' id='word_1_39' title='bbox 1698 512 1741 545; x_wconf 89' lang='lat' dir='ltr'>et</span> 
     </span>
     <span class='ocr_line' id='line_1_6' title="bbox 269 578 1741 632; baseline 0.001 -15"><span class='ocrx_word' id='word_1_40' title='bbox 269 579 523 630; x_wconf 65' lang='lat' dir='ltr'>prresidium</span> <span class='ocrx_word' id='word_1_41' title='bbox 559 585 602 619; x_wconf 92' lang='lat' dir='ltr'>et</span> <span class='ocrx_word' id='word_1_42' title='bbox 631 579 847 619; x_wconf 81' lang='lat' dir='ltr'>auxilium</span> <span class='ocrx_word' id='word_1_43' title='bbox 884 594 940 619; x_wconf 79' lang='lat' dir='ltr'>ex</span> <span class='ocrx_word' id='word_1_44' title='bbox 977 585 1101 632; x_wconf 88' lang='lat' dir='ltr'>parte</span> <span class='ocrx_word' id='word_1_45' title='bbox 1137 579 1233 626; x_wconf 82' lang='lat' dir='ltr'>Dei,</span> <span class='ocrx_word' id='word_1_46' title='bbox 1258 585 1299 618; x_wconf 89' lang='lat' dir='ltr'>et</span> <span class='ocrx_word' id='word_1_47' title='bbox 1329 579 1524 619; x_wconf 88' lang='lat' dir='ltr'>studium</span> <span class='ocrx_word' id='word_1_48' title='bbox 1561 593 1611 619; x_wconf 86' lang='lat' dir='ltr'>ac</span> <span class='ocrx_word' id='word_1_49' title='bbox 1645 578 1741 619; x_wconf 88' lang='lat' dir='ltr'>dili-</span> 
     </span>
     <span class='ocr_line' id='line_1_7' title="bbox 268 652 1752 706; baseline 0 -13"><span class='ocrx_word' id='word_1_50' title='bbox 268 654 418 704; x_wconf 81' lang='lat' dir='ltr'>gentia</span> <span class='ocrx_word' id='word_1_51' title='bbox 455 668 511 693; x_wconf 79' lang='lat' dir='ltr'>ex</span> <span class='ocrx_word' id='word_1_52' title='bbox 550 660 673 706; x_wconf 87' lang='lat' dir='ltr'>parte</span> <span class='ocrx_word' id='word_1_53' title='bbox 711 660 886 703; x_wconf 75' lang='lat' dir='ltr'>nostra:</span> <span class='ocrx_word' id='word_1_54' title='bbox 925 667 1111 705; x_wconf 87' lang='lat' dir='ltr'>quorum</span> <span class='ocrx_word' id='word_1_55' title='bbox 1147 653 1332 692; x_wconf 90' lang='lat' dir='ltr'>alterum</span> <span class='ocrx_word' id='word_1_56' title='bbox 1367 653 1401 691; x_wconf 86' lang='lat' dir='ltr'>si</span> <span class='ocrx_word' id='word_1_57' title='bbox 1440 653 1565 701; x_wconf 80' lang='lat' dir='ltr'>desit,</span> <span class='ocrx_word' id='word_1_58' title='bbox 1597 652 1752 693; x_wconf 87' lang='lat' dir='ltr'>nullus-</span> 
     </span>
     <span class='ocr_line' id='line_1_8' title="bbox 267 727 1752 773; baseline -0.001 -6"><span class='ocrx_word' id='word_1_59' title='bbox 267 733 334 767; x_wconf 84' lang='lat' dir='ltr'>est</span> <span class='ocrx_word' id='word_1_60' title='bbox 363 727 451 768; x_wconf 87' lang='lat' dir='ltr'>fere</span> <span class='ocrx_word' id='word_1_61' title='bbox 477 728 649 768; x_wconf 88' lang='lat' dir='ltr'>virtutis</span> <span class='ocrx_word' id='word_1_62' title='bbox 679 728 854 773; x_wconf 75' lang='lat' dir='ltr'>fructus,</span> <span class='ocrx_word' id='word_1_63' title='bbox 880 728 998 768; x_wconf 86' lang='lat' dir='ltr'>nulla</span> <span class='ocrx_word' id='word_1_64' title='bbox 1021 728 1201 767; x_wconf 83' lang='lat' dir='ltr'>victoria</span> <span class='ocrx_word' id='word_1_65' title='bbox 1233 728 1543 767; x_wconf 77' lang='lat' dir='ltr'>tentationum.</span> <span class='ocrx_word' id='word_1_66' title='bbox 1609 727 1752 767; x_wconf 88' lang='lat' dir='ltr'>Pater·</span> 
     </span>
     <span class='ocr_line' id='line_1_9' title="bbox 268 802 1750 856; baseline -0.001 -14"><span class='ocrx_word' id='word_1_67' title='bbox 268 803 400 855; x_wconf 79' lang='lat' dir='ltr'>igitur</span> <span class='ocrx_word' id='word_1_68' title='bbox 431 803 639 856; x_wconf 81' lang='lat' dir='ltr'>Ignatius,</span> <span class='ocrx_word' id='word_1_69' title='bbox 670 803 788 855; x_wconf 88' lang='lat' dir='ltr'>quod</span> <span class='ocrx_word' id='word_1_70' title='bbox 822 817 879 842; x_wconf 74' lang='lat' dir='ltr'>ex</span> <span class='ocrx_word' id='word_1_71' title='bbox 913 809 1035 855; x_wconf 88' lang='lat' dir='ltr'>parte</span> <span class='ocrx_word' id='word_1_72' title='bbox 1068 808 1215 842; x_wconf 86' lang='lat' dir='ltr'>nostra</span> <span class='ocrx_word' id='word_1_73' title='bbox 1248 816 1342 842; x_wconf 88' lang='lat' dir='ltr'>csse</span> <span class='ocrx_word' id='word_1_74' title='bbox 1374 802 1506 842; x_wconf 88' lang='lat' dir='ltr'>debet</span> <span class='ocrx_word' id='word_1_75' title='bbox 1540 803 1581 841; x_wconf 92' lang='lat' dir='ltr'>in</span> <span class='ocrx_word' id='word_1_76' title='bbox 1616 809 1750 842; x_wconf 30' lang='lat' dir='ltr'>ante-⁷</span> 
     </span>
     <span class='ocr_line' id='line_1_10' title="bbox 265 877 1750 929; baseline 0 -13"><span class='ocrx_word' id='word_1_77' title='bbox 265 877 485 917; x_wconf 88' lang='lat' dir='ltr'>vertendis</span> <span class='ocrx_word' id='word_1_78' title='bbox 529 877 846 917; x_wconf 87' lang='lat' dir='ltr'>tentationibus</span> <span class='ocrx_word' id='word_1_79' title='bbox 889 877 1104 924; x_wconf 85' lang='lat' dir='ltr'>tradidit;</span> <span class='ocrx_word' id='word_1_80' title='bbox 1157 877 1275 928; x_wconf 89' lang='lat' dir='ltr'>quod</span> <span class='ocrx_word' id='word_1_81' title='bbox 1319 882 1468 916; x_wconf 87' lang='lat' dir='ltr'>autem</span> <span class='ocrx_word' id='word_1_82' title='bbox 1512 891 1568 916; x_wconf 78' lang='lat' dir='ltr'>ex</span> <span class='ocrx_word' id='word_1_83' title='bbox 1611 883 1750 929; x_wconf 87' lang='lat' dir='ltr'>parte·</span> 
     </span>
     <span class='ocr_line' id='line_1_11' title="bbox 267 950 1747 1004; baseline 0 -14"><span class='ocrx_word' id='word_1_84' title='bbox 267 951 363 999; x_wconf 90' lang='lat' dir='ltr'>Dei,</span> <span class='ocrx_word' id='word_1_85' title='bbox 394 951 647 1004; x_wconf 81' lang='lat' dir='ltr'>praesidium</span> <span class='ocrx_word' id='word_1_86' title='bbox 681 950 845 990; x_wconf 86' lang='lat' dir='ltr'>scilicet</span> <span class='ocrx_word' id='word_1_87' title='bbox 872 951 990 1002; x_wconf 85' lang='lat' dir='ltr'>quod</span> <span class='ocrx_word' id='word_1_88' title='bbox 1024 950 1295 989; x_wconf 86' lang='lat' dir='ltr'>orationibus</span> <span class='ocrx_word' id='word_1_89' title='bbox 1328 950 1596 1002; x_wconf 86' lang='lat' dir='ltr'>imploratur,</span> <span class='ocrx_word' id='word_1_90' title='bbox 1621 956 1747 990; x_wconf 85' lang='lat' dir='ltr'>tam--</span> 
     </span>
     <span class='ocr_line' id='line_1_12' title="bbox 264 1023 1751 1078; baseline -0.003 -13"><span class='ocrx_word' id='word_1_91' title='bbox 264 1040 349 1078; x_wconf 86' lang='lat' dir='ltr'>que</span> <span class='ocrx_word' id='word_1_92' title='bbox 403 1025 445 1064; x_wconf 84' lang='lat' dir='ltr'>id</span> <span class='ocrx_word' id='word_1_93' title='bbox 498 1025 742 1064; x_wconf 85' lang='lat' dir='ltr'>necessario</span> <span class='ocrx_word' id='word_1_94' title='bbox 795 1029 1072 1076; x_wconf 75' lang='lat' dir='ltr'>supponeret.</span> <span class='ocrx_word' id='word_1_95' title='bbox 1125 1023 1362 1076; x_wconf 63' lang='lat' dir='ltr'>praeterivit</span> <span class='ocrx_word' id='word_1_96' title='bbox 1390 1038 1397 1066; x_wconf 85' lang='grc'>;</span> <span class='ocrx_word' id='word_1_97' title='bbox 1461 1037 1547 1062; x_wconf 86' lang='grc'>11011</span> <span class='ocrx_word' id='word_1_98' title='bbox 1602 1024 1751 1064; x_wconf 85' lang='lat' dir='ltr'>modo.</span> 
     </span>
     <span class='ocr_line' id='line_1_13' title="bbox 263 1098 1749 1150; baseline -0.001 -11"><span class='ocrx_word' id='word_1_99' title='bbox 263 1113 498 1139; x_wconf 85' lang='lat' dir='ltr'>commune</span> <span class='ocrx_word' id='word_1_100' title='bbox 536 1098 643 1138; x_wconf 88' lang='lat' dir='ltr'>illud</span> <span class='ocrx_word' id='word_1_101' title='bbox 677 1098 835 1138; x_wconf 70' lang='lat' dir='ltr'>divinze</span> <span class='ocrx_word' id='word_1_102' title='bbox 869 1099 1022 1150; x_wconf 59' lang='lat' dir='ltr'>gratiae</span> <span class='ocrx_word' id='word_1_103' title='bbox 1066 1098 1330 1150; x_wconf 77' lang='lat' dir='ltr'>praesidium,</span> <span class='ocrx_word' id='word_1_104' title='bbox 1370 1098 1488 1150; x_wconf 88' lang='lat' dir='ltr'>quod</span> <span class='ocrx_word' id='word_1_105' title='bbox 1527 1098 1749 1138; x_wconf 77' lang='lat' dir='ltr'>omnibus-2</span> 
     </span>
     <span class='ocr_line' id='line_1_14' title="bbox 266 1172 1750 1225; baseline 0 -12"><span class='ocrx_word' id='word_1_106' title='bbox 266 1173 348 1213; x_wconf 88' lang='lat' dir='ltr'>Dei</span> <span class='ocrx_word' id='word_1_107' title='bbox 382 1173 513 1213; x_wconf 82' lang='lat' dir='ltr'>datur</span> <span class='ocrx_word' id='word_1_108' title='bbox 550 1174 712 1218; x_wconf 83' lang='lat' dir='ltr'>amicis,</span> <span class='ocrx_word' id='word_1_109' title='bbox 751 1187 901 1212; x_wconf 79' lang='lat' dir='ltr'>verum</span> <span class='ocrx_word' id='word_1_110' title='bbox 946 1172 1078 1212; x_wconf 86' lang='lat' dir='ltr'>etiam</span> <span class='ocrx_word' id='word_1_111' title='bbox 1117 1172 1386 1225; x_wconf 67' lang='lat' dir='ltr'>praecipuum</span> <span class='ocrx_word' id='word_1_112' title='bbox 1420 1172 1646 1223; x_wconf 75' lang='lat' dir='ltr'>quoddam</span> <span class='ocrx_word' id='word_1_113' title='bbox 1684 1186 1750 1213; x_wconf 50' lang='lat' dir='ltr'>ac‘</span> 
     </span>
     <span class='ocr_line' id='line_1_15' title="bbox 262 1246 1750 1301; baseline 0 -14"><span class='ocrx_word' id='word_1_114' title='bbox 262 1248 536 1301; x_wconf 77' lang='lat' dir='ltr'>particulare,</span> <span class='ocrx_word' id='word_1_115' title='bbox 576 1248 694 1300; x_wconf 88' lang='lat' dir='ltr'>quod</span> <span class='ocrx_word' id='word_1_116' title='bbox 742 1248 796 1287; x_wconf 87' lang='lat' dir='ltr'>ad</span> <span class='ocrx_word' id='word_1_117' title='bbox 850 1246 1162 1299; x_wconf 53' lang='lat' dir='ltr'>praecavendas</span> <span class='ocrx_word' id='word_1_118' title='bbox 1203 1247 1423 1298; x_wconf 82' lang='lat' dir='ltr'>graviores</span> <span class='ocrx_word' id='word_1_119' title='bbox 1466 1247 1750 1287; x_wconf 85' lang='lat' dir='ltr'>tentationes-</span> 
     </span>
     <span class='ocr_line' id='line_1_16' title="bbox 264 1323 667 1363; baseline -0.002 -1"><span class='ocrx_word' id='word_1_120' title='bbox 264 1323 556 1363; x_wconf 81' lang='lat' dir='ltr'>necessarium</span> <span class='ocrx_word' id='word_1_121' title='bbox 592 1328 667 1362; x_wconf 89' lang='lat' dir='ltr'>est.</span> 
     </span>
    </p>

    <p class='ocr_par' dir='ltr' id='par_1_3' title="bbox 246 1395 1749 2932">
     <span class='ocr_line' id='line_1_17' title="bbox 351 1395 1733 1449; baseline 0 -13"><span class='ocrx_word' id='word_1_122' title='bbox 351 1396 621 1449; x_wconf 84' lang='lat' dir='ltr'>Respondeo</span> <span class='ocrx_word' id='word_1_123' title='bbox 656 1396 860 1443; x_wconf 87' lang='lat' dir='ltr'>secundo,</span> <span class='ocrx_word' id='word_1_124' title='bbox 897 1403 942 1435; x_wconf 91' lang='lat' dir='ltr'>ut</span> <span class='ocrx_word' id='word_1_125' title='bbox 978 1396 1018 1434; x_wconf 90' lang='lat' dir='ltr'>in</span> <span class='ocrx_word' id='word_1_126' title='bbox 1057 1396 1261 1448; x_wconf 77' lang='lat' dir='ltr'>proxima</span> <span class='ocrx_word' id='word_1_127' title='bbox 1296 1395 1556 1447; x_wconf 87' lang='lat' dir='ltr'>objectione,</span> <span class='ocrx_word' id='word_1_128' title='bbox 1591 1401 1733 1436; x_wconf 86' lang='lat' dir='ltr'>tenta-</span> 
     </span>
     <span class='ocr_line' id='line_1_18' title="bbox 259 1469 1733 1522; baseline -0.001 -12"><span class='ocrx_word' id='word_1_129' title='bbox 259 1472 412 1514; x_wconf 83' lang='lat' dir='ltr'>tiones.</span> <span class='ocrx_word' id='word_1_130' title='bbox 458 1471 617 1522; x_wconf 84' lang='lat' dir='ltr'>quibus</span> <span class='ocrx_word' id='word_1_131' title='bbox 660 1470 766 1509; x_wconf 85' lang='lat' dir='ltr'>dum</span> <span class='ocrx_word' id='word_1_132' title='bbox 810 1471 997 1509; x_wconf 77' lang='lat' dir='ltr'>vivimus</span> <span class='ocrx_word' id='word_1_133' title='bbox 1053 1483 1318 1515; x_wconf 77' lang='lat' dir='ltr'>exercemur,</span> <span class='ocrx_word' id='word_1_134' title='bbox 1365 1469 1536 1508; x_wconf 87' lang='lat' dir='ltr'>duobus</span> <span class='ocrx_word' id='word_1_135' title='bbox 1589 1469 1733 1509; x_wconf 89' lang='lat' dir='ltr'>modis</span> 
     </span>
     <span class='ocr_line' id='line_1_19' title="bbox 260 1543 1742 1596; baseline -0.001 -12"><span class='ocrx_word' id='word_1_136' title='bbox 260 1544 525 1585; x_wconf 80' lang='lat' dir='ltr'>considerari</span> <span class='ocrx_word' id='word_1_137' title='bbox 560 1559 700 1596; x_wconf 84' lang='lat' dir='ltr'>posse.</span> <span class='ocrx_word' id='word_1_138' title='bbox 763 1543 845 1583; x_wconf 90' lang='lat' dir='ltr'>Vel</span> <span class='ocrx_word' id='word_1_139' title='bbox 886 1550 931 1583; x_wconf 88' lang='lat' dir='ltr'>ut</span> <span class='ocrx_word' id='word_1_140' title='bbox 969 1544 1167 1583; x_wconf 88' lang='lat' dir='ltr'>oriuntur</span> <span class='ocrx_word' id='word_1_141' title='bbox 1203 1558 1260 1583; x_wconf 78' lang='lat' dir='ltr'>ex</span> <span class='ocrx_word' id='word_1_142' title='bbox 1299 1543 1424 1582; x_wconf 92' lang='lat' dir='ltr'>nobis</span> <span class='ocrx_word' id='word_1_143' title='bbox 1463 1549 1505 1583; x_wconf 93' lang='lat' dir='ltr'>et</span> <span class='ocrx_word' id='word_1_144' title='bbox 1541 1543 1742 1583; x_wconf 70' lang='lat' dir='ltr'>radiceme</span> 
     </span>
     <span class='ocr_line' id='line_1_20' title="bbox 260 1617 1734 1670; baseline -0.002 -11"><span class='ocrx_word' id='word_1_145' title='bbox 260 1619 428 1659; x_wconf 79' lang='lat' dir='ltr'>habent</span> <span class='ocrx_word' id='word_1_146' title='bbox 472 1619 514 1658; x_wconf 91' lang='lat' dir='ltr'>in</span> <span class='ocrx_word' id='word_1_147' title='bbox 558 1619 716 1658; x_wconf 91' lang='lat' dir='ltr'>nostris</span> <span class='ocrx_word' id='word_1_148' title='bbox 760 1618 1088 1670; x_wconf 81' lang='lat' dir='ltr'>cupiditatibus,</span> <span class='ocrx_word' id='word_1_149' title='bbox 1134 1617 1455 1666; x_wconf 83' lang='lat' dir='ltr'>affectionibus,</span> <span class='ocrx_word' id='word_1_150' title='bbox 1500 1618 1734 1670; x_wconf 80' lang='lat' dir='ltr'>pravisque</span> 
     </span>
     <span class='ocr_line' id='line_1_21' title="bbox 260 1691 1734 1745; baseline -0.002 -12"><span class='ocrx_word' id='word_1_151' title='bbox 260 1694 393 1733; x_wconf 86' lang='lat' dir='ltr'>animi</span> <span class='ocrx_word' id='word_1_152' title='bbox 449 1692 831 1745; x_wconf 83' lang='lat' dir='ltr'>propensionibus,</span> <span class='ocrx_word' id='word_1_153' title='bbox 876 1698 923 1732; x_wconf 91' lang='lat' dir='ltr'>ut</span> <span class='ocrx_word' id='word_1_154' title='bbox 977 1706 1106 1744; x_wconf 75' lang='lat' dir='ltr'>supra</span> <span class='ocrx_word' id='word_1_155' title='bbox 1160 1691 1521 1744; x_wconf 75' lang='lat' dir='ltr'>significavinms:</span> <span class='ocrx_word' id='word_1_156' title='bbox 1565 1691 1632 1731; x_wconf 87' lang='lat' dir='ltr'>vel</span> <span class='ocrx_word' id='word_1_157' title='bbox 1685 1697 1734 1731; x_wconf 87' lang='lat' dir='ltr'>ut</span> 
     </span>
     <span class='ocr_line' id='line_1_22' title="bbox 260 1765 1749 1813; baseline -0.003 -5"><span class='ocrx_word' id='word_1_158' title='bbox 260 1774 403 1808; x_wconf 88' lang='lat' dir='ltr'>ortum</span> <span class='ocrx_word' id='word_1_159' title='bbox 441 1766 606 1806; x_wconf 87' lang='lat' dir='ltr'>habent</span> <span class='ocrx_word' id='word_1_160' title='bbox 639 1781 696 1806; x_wconf 74' lang='lat' dir='ltr'>ex</span> <span class='ocrx_word' id='word_1_161' title='bbox 727 1772 893 1811; x_wconf 78' lang='lat' dir='ltr'>satana,</span> <span class='ocrx_word' id='word_1_162' title='bbox 926 1772 967 1806; x_wconf 91' lang='lat' dir='ltr'>et</span> <span class='ocrx_word' id='word_1_163' title='bbox 1002 1767 1058 1806; x_wconf 83' lang='lat' dir='ltr'>ab</span> <span class='ocrx_word' id='word_1_164' title='bbox 1094 1780 1156 1813; x_wconf 87' lang='lat' dir='ltr'>eo,</span> <span class='ocrx_word' id='word_1_165' title='bbox 1192 1765 1348 1805; x_wconf 84' lang='lat' dir='ltr'>mediis</span> <span class='ocrx_word' id='word_1_166' title='bbox 1379 1771 1529 1805; x_wconf 84' lang='lat' dir='ltr'>tamen</span> <span class='ocrx_word' id='word_1_167' title='bbox 1564 1772 1749 1805; x_wconf 79' lang='lat' dir='ltr'>naturae</span> 
     </span>
     <span class='ocr_line' id='line_1_23' title="bbox 261 1839 1730 1891; baseline -0.002 -10"><span class='ocrx_word' id='word_1_168' title='bbox 261 1848 420 1881; x_wconf 74' lang='lat' dir='ltr'>nostrae</span> <span class='ocrx_word' id='word_1_169' title='bbox 446 1840 818 1885; x_wconf 77' lang='lat' dir='ltr'>inclinationibus,</span> <span class='ocrx_word' id='word_1_170' title='bbox 838 1846 1181 1880; x_wconf 82' lang='lat' dir='ltr'>commoventur.</span> <span class='ocrx_word' id='word_1_171' title='bbox 1219 1839 1347 1879; x_wconf 86' lang='lat' dir='ltr'>Pater</span> <span class='ocrx_word' id='word_1_172' title='bbox 1370 1839 1500 1891; x_wconf 82' lang='lat' dir='ltr'>igitur</span> <span class='ocrx_word' id='word_1_173' title='bbox 1520 1840 1730 1891; x_wconf 79' lang='lat' dir='ltr'>Ignatius,</span> 
     </span>
     <span class='ocr_line' id='line_1_24' title="bbox 262 1913 1731 1969; baseline -0.001 -14"><span class='ocrx_word' id='word_1_174' title='bbox 262 1916 470 1969; x_wconf 81' lang='lat' dir='ltr'>quoniam</span> <span class='ocrx_word' id='word_1_175' title='bbox 505 1915 648 1967; x_wconf 89' lang='lat' dir='ltr'>priore</span> <span class='ocrx_word' id='word_1_176' title='bbox 681 1915 815 1954; x_wconf 84' lang='lat' dir='ltr'>modo</span> <span class='ocrx_word' id='word_1_177' title='bbox 838 1914 1105 1954; x_wconf 84' lang='lat' dir='ltr'>tentationes</span> <span class='ocrx_word' id='word_1_178' title='bbox 1137 1914 1440 1958; x_wconf 81' lang='lat' dir='ltr'>consideravit,</span> <span class='ocrx_word' id='word_1_179' title='bbox 1464 1919 1507 1953; x_wconf 91' lang='lat' dir='ltr'>et</span> <span class='ocrx_word' id='word_1_180' title='bbox 1539 1913 1731 1954; x_wconf 89' lang='lat' dir='ltr'>remedia</span> 
     </span>
     <span class='ocr_line' id='line_1_25' title="bbox 258 1988 1731 2042; baseline -0.001 -13"><span class='ocrx_word' id='word_1_181' title='bbox 258 1989 510 2030; x_wconf 79' lang='lat' dir='ltr'>adhibenda</span> <span class='ocrx_word' id='word_1_182' title='bbox 548 1989 731 2042; x_wconf 78' lang='lat' dir='ltr'>putavit,</span> <span class='ocrx_word' id='word_1_183' title='bbox 760 2003 858 2041; x_wconf 69' lang='lat' dir='ltr'>quze</span> <span class='ocrx_word' id='word_1_184' title='bbox 905 1988 1142 2028; x_wconf 87' lang='lat' dir='ltr'>illiusmodi</span> <span class='ocrx_word' id='word_1_185' title='bbox 1180 1988 1497 2028; x_wconf 83' lang='lat' dir='ltr'>tentationibus</span> <span class='ocrx_word' id='word_1_186' title='bbox 1535 1988 1731 2028; x_wconf 80' lang='lat' dir='ltr'>maxime</span> 
     </span>
     <span class='ocr_line' id='line_1_26' title="bbox 260 2063 1728 2111; baseline -0.001 -7"><span class='ocrx_word' id='word_1_187' title='bbox 260 2063 600 2104; x_wconf 77' lang='lat' dir='ltr'>accommodata</span> <span class='ocrx_word' id='word_1_188' title='bbox 632 2063 908 2111; x_wconf 80' lang='lat' dir='ltr'>videbantur,</span> <span class='ocrx_word' id='word_1_189' title='bbox 933 2069 979 2102; x_wconf 90' lang='lat' dir='ltr'>ut</span> <span class='ocrx_word' id='word_1_190' title='bbox 1012 2069 1077 2102; x_wconf 84' lang='lat' dir='ltr'>est</span> <span class='ocrx_word' id='word_1_191' title='bbox 1110 2063 1426 2102; x_wconf 88' lang='lat' dir='ltr'>contrariorum</span> <span class='ocrx_word' id='word_1_192' title='bbox 1460 2063 1728 2103; x_wconf 82' lang='lat' dir='ltr'>exercitatio.</span> 
     </span>
     <span class='ocr_line' id='line_1_27' title="bbox 259 2137 1728 2191; baseline 0 -13"><span class='ocrx_word' id='word_1_193' title='bbox 259 2139 377 2191; x_wconf 91' lang='lat' dir='ltr'>Quid</span> <span class='ocrx_word' id='word_1_194' title='bbox 423 2138 537 2177; x_wconf 87' lang='lat' dir='ltr'>enim</span> <span class='ocrx_word' id='word_1_195' title='bbox 583 2138 724 2188; x_wconf 77' lang='lat' dir='ltr'>magis</span> <span class='ocrx_word' id='word_1_196' title='bbox 767 2137 981 2189; x_wconf 73' lang='lat' dir='ltr'>superbize</span> <span class='ocrx_word' id='word_1_197' title='bbox 1017 2137 1081 2176; x_wconf 66' lang='lat' dir='ltr'>vel</span> <span class='ocrx_word' id='word_1_198' title='bbox 1125 2137 1405 2176; x_wconf 61' lang='lat' dir='ltr'>coenodoxiae</span> <span class='ocrx_word' id='word_1_199' title='bbox 1438 2137 1728 2178; x_wconf 88' lang='lat' dir='ltr'>tentationem</span> 
     </span>
     <span class='ocr_line' id='line_1_28' title="bbox 258 2209 1728 2262; baseline 0 -10"><span class='ocrx_word' id='word_1_200' title='bbox 258 2213 477 2258; x_wconf 89' lang='lat' dir='ltr'>obtundit,</span> <span class='ocrx_word' id='word_1_201' title='bbox 524 2224 655 2262; x_wconf 83' lang='lat' dir='ltr'>quam</span> <span class='ocrx_word' id='word_1_202' title='bbox 710 2209 971 2250; x_wconf 85' lang='lat' dir='ltr'>humilitatis</span> <span class='ocrx_word' id='word_1_203' title='bbox 1024 2217 1066 2250; x_wconf 90' lang='lat' dir='ltr'>et</span> <span class='ocrx_word' id='word_1_204' title='bbox 1120 2211 1387 2250; x_wconf 82' lang='lat' dir='ltr'>dimissionis</span> <span class='ocrx_word' id='word_1_205' title='bbox 1439 2211 1728 2252; x_wconf 80' lang='lat' dir='ltr'>exercitatio?</span> 
     </span>
     <span class='ocr_line' id='line_1_29' title="bbox 258 2284 1726 2339; baseline 0.001 -14"><span class='ocrx_word' id='word_1_206' title='bbox 258 2286 378 2338; x_wconf 87' lang='lat' dir='ltr'>Quid</span> <span class='ocrx_word' id='word_1_207' title='bbox 424 2285 563 2337; x_wconf 76' lang='lat' dir='ltr'>magis</span> <span class='ocrx_word' id='word_1_208' title='bbox 608 2284 800 2324; x_wconf 80' lang='lat' dir='ltr'>libidinis</span> <span class='ocrx_word' id='word_1_209' title='bbox 843 2286 1136 2325; x_wconf 86' lang='lat' dir='ltr'>tentationem</span> <span class='ocrx_word' id='word_1_210' title='bbox 1180 2292 1297 2325; x_wconf 85' lang='lat' dir='ltr'>arcet</span> <span class='ocrx_word' id='word_1_211' title='bbox 1339 2292 1473 2337; x_wconf 76' lang='lat' dir='ltr'>atque</span> <span class='ocrx_word' id='word_1_212' title='bbox 1509 2285 1726 2339; x_wconf 80' lang='lat' dir='ltr'>profligat,</span> 
     </span>
     <span class='ocr_line' id='line_1_30' title="bbox 258 2359 1743 2412; baseline 0 -13"><span class='ocrx_word' id='word_1_213' title='bbox 258 2373 391 2412; x_wconf 87' lang='lat' dir='ltr'>quam</span> <span class='ocrx_word' id='word_1_214' title='bbox 445 2359 621 2398; x_wconf 79' lang='lat' dir='ltr'>assidua</span> <span class='ocrx_word' id='word_1_215' title='bbox 675 2360 738 2398; x_wconf 84' lang='lat' dir='ltr'>sui</span> <span class='ocrx_word' id='word_1_216' title='bbox 794 2360 987 2412; x_wconf 88' lang='lat' dir='ltr'>corporis</span> <span class='ocrx_word' id='word_1_217' title='bbox 1034 2360 1267 2412; x_wconf 77' lang='lat' dir='ltr'>castigatio</span> <span class='ocrx_word' id='word_1_218' title='bbox 1316 2373 1366 2399; x_wconf 80' lang='lat' dir='ltr'>ac</span> <span class='ocrx_word' id='word_1_219' title='bbox 1410 2359 1688 2400; x_wconf 84' lang='lat' dir='ltr'>mortificatio</span> <span class='ocrx_word' id='word_1_220' title='bbox 1713 2361 1743 2400; x_wconf 83' lang='lat'>?.·</span> 
     </span>
     <span class='ocr_line' id='line_1_31' title="bbox 257 2432 1726 2487; baseline 0.001 -13"><span class='ocrx_word' id='word_1_221' title='bbox 257 2434 375 2487; x_wconf 88' lang='lat' dir='ltr'>Quid</span> <span class='ocrx_word' id='word_1_222' title='bbox 428 2439 580 2472; x_wconf 88' lang='lat' dir='ltr'>contra</span> <span class='ocrx_word' id='word_1_223' title='bbox 643 2432 758 2485; x_wconf 73' lang='lat' dir='ltr'>gulae</span> <span class='ocrx_word' id='word_1_224' title='bbox 811 2433 1105 2473; x_wconf 86' lang='lat' dir='ltr'>tentationem</span> <span class='ocrx_word' id='word_1_225' title='bbox 1151 2433 1369 2474; x_wconf 85' lang='lat' dir='ltr'>efficacius</span> <span class='ocrx_word' id='word_1_226' title='bbox 1422 2447 1515 2473; x_wconf 88' lang='lat' dir='ltr'>esse</span> <span class='ocrx_word' id='word_1_227' title='bbox 1566 2440 1726 2486; x_wconf 86' lang='lat' dir='ltr'>potest,</span> 
     </span>
     <span class='ocr_line' id='line_1_32' title="bbox 257 2507 1736 2562; baseline 0.001 -14"><span class='ocrx_word' id='word_1_228' title='bbox 257 2522 390 2562; x_wconf 87' lang='lat' dir='ltr'>quam</span> <span class='ocrx_word' id='word_1_229' title='bbox 422 2507 575 2560; x_wconf 84' lang='lat' dir='ltr'>jejunii</span> <span class='ocrx_word' id='word_1_230' title='bbox 611 2514 654 2547; x_wconf 86' lang='lat' dir='ltr'>et</span> <span class='ocrx_word' id='word_1_231' title='bbox 691 2507 970 2547; x_wconf 71' lang='lat' dir='ltr'>abstinentiae</span> <span class='ocrx_word' id='word_1_232' title='bbox 1006 2507 1207 2548; x_wconf 85' lang='lat' dir='ltr'>frenum?</span> <span class='ocrx_word' id='word_1_233' title='bbox 1272 2509 1475 2560; x_wconf 87' lang='lat' dir='ltr'>Denique</span> <span class='ocrx_word' id='word_1_234' title='bbox 1512 2509 1736 2562; x_wconf 34' lang='lat' dir='ltr'>quidquid*</span> 
     </span>
     <span class='ocr_line' id='line_1_33' title="bbox 257 2581 1726 2635; baseline 0 -12"><span class='ocrx_word' id='word_1_235' title='bbox 257 2598 313 2623; x_wconf 78' lang='lat' dir='ltr'>ex</span> <span class='ocrx_word' id='word_1_236' title='bbox 350 2582 477 2622; x_wconf 89' lang='lat' dir='ltr'>nobis</span> <span class='ocrx_word' id='word_1_237' title='bbox 511 2581 648 2621; x_wconf 87' lang='lat' dir='ltr'>oritur</span> <span class='ocrx_word' id='word_1_238' title='bbox 680 2583 948 2629; x_wconf 86' lang='lat' dir='ltr'>tentationis,</span> <span class='ocrx_word' id='word_1_239' title='bbox 975 2583 1017 2622; x_wconf 91' lang='lat' dir='ltr'>id</span> <span class='ocrx_word' id='word_1_240' title='bbox 1055 2596 1229 2635; x_wconf 88' lang='lat' dir='ltr'>prorsus</span> <span class='ocrx_word' id='word_1_241' title='bbox 1261 2582 1401 2622; x_wconf 76' lang='lat' dir='ltr'>elevat</span> <span class='ocrx_word' id='word_1_242' title='bbox 1435 2589 1477 2623; x_wconf 88' lang='lat' dir='ltr'>et</span> <span class='ocrx_word' id='word_1_243' title='bbox 1512 2589 1726 2624; x_wconf 78' lang='lat' dir='ltr'>extenuat</span> 
     </span>
     <span class='ocr_line' id='line_1_34' title="bbox 254 2655 1737 2710; baseline -0.001 -12"><span class='ocrx_word' id='word_1_244' title='bbox 254 2664 298 2698; x_wconf 88' lang='lat' dir='ltr'>et</span> <span class='ocrx_word' id='word_1_245' title='bbox 320 2671 437 2710; x_wconf 63' lang='lat' dir='ltr'>saepe</span> <span class='ocrx_word' id='word_1_246' title='bbox 460 2657 515 2696; x_wconf 85' lang='lat' dir='ltr'>ad</span> <span class='ocrx_word' id='word_1_247' title='bbox 550 2655 734 2695; x_wconf 89' lang='lat' dir='ltr'>nihilum</span> <span class='ocrx_word' id='word_1_248' title='bbox 760 2657 919 2709; x_wconf 78' lang='lat' dir='ltr'>redigit</span> <span class='ocrx_word' id='word_1_249' title='bbox 947 2658 1262 2697; x_wconf 88' lang='lat' dir='ltr'>contrariarum</span> <span class='ocrx_word' id='word_1_250' title='bbox 1285 2657 1495 2697; x_wconf 61' lang='lat' dir='ltr'>virtutum</span> <span class='ocrx_word' id='word_1_251' title='bbox 1528 2658 1737 2698; x_wconf 70' lang='lat' dir='ltr'>studiumr</span> 
     </span>
     <span class='ocr_line' id='line_1_35' title="bbox 246 2730 1730 2785; baseline -0.001 -12"><span class='ocrx_word' id='word_1_252' title='bbox 246 2739 381 2785; x_wconf 83' lang='lat' dir='ltr'>atque</span> <span class='ocrx_word' id='word_1_253' title='bbox 422 2730 692 2770; x_wconf 77' lang='lat' dir='ltr'>exercitatio.</span> <span class='ocrx_word' id='word_1_254' title='bbox 757 2730 997 2783; x_wconf 73' lang='lat' dir='ltr'>Scripturae</span> <span class='ocrx_word' id='word_1_255' title='bbox 1027 2745 1140 2777; x_wconf 90' lang='lat' dir='ltr'>vero,</span> <span class='ocrx_word' id='word_1_256' title='bbox 1172 2745 1270 2771; x_wconf 89' lang='lat' dir='ltr'>cum</span> <span class='ocrx_word' id='word_1_257' title='bbox 1304 2733 1571 2771; x_wconf 89' lang='lat' dir='ltr'>tentationes</span> <span class='ocrx_word' id='word_1_258' title='bbox 1601 2738 1730 2772; x_wconf 32' lang='lat' dir='ltr'>ante-⁴</span> 
     </span>
     <span class='ocr_line' id='line_1_36' title="bbox 253 2804 1739 2858; baseline -0.001 -12"><span class='ocrx_word' id='word_1_259' title='bbox 253 2812 421 2846; x_wconf 86' lang='lat' dir='ltr'>vertere</span> <span class='ocrx_word' id='word_1_260' title='bbox 445 2805 656 2845; x_wconf 86' lang='lat' dir='ltr'>orationis</span> <span class='ocrx_word' id='word_1_261' title='bbox 687 2804 894 2857; x_wconf 77' lang='lat' dir='ltr'>praesidio</span> <span class='ocrx_word' id='word_1_262' title='bbox 919 2819 996 2844; x_wconf 82' lang='lat' dir='ltr'>nos</span> <span class='ocrx_word' id='word_1_263' title='bbox 1022 2804 1191 2856; x_wconf 89' lang='lat' dir='ltr'>jubent,</span> <span class='ocrx_word' id='word_1_264' title='bbox 1215 2805 1455 2858; x_wconf 83' lang='lat' dir='ltr'>posteriorc</span> <span class='ocrx_word' id='word_1_265' title='bbox 1478 2805 1565 2845; x_wconf 88' lang='lat' dir='ltr'>fere</span> <span class='ocrx_word' id='word_1_266' title='bbox 1588 2807 1739 2846; x_wconf 71' lang='lat' dir='ltr'>modo-¹</span> 
     </span>
     <span class='ocr_line' id='line_1_37' title="bbox 253 2879 1738 2932; baseline 0 -11"><span class='ocrx_word' id='word_1_267' title='bbox 253 2880 552 2921; x_wconf 88' lang='lat' dir='ltr'>tentationum</span> <span class='ocrx_word' id='word_1_268' title='bbox 577 2892 738 2918; x_wconf 87' lang='lat' dir='ltr'>nomen</span> <span class='ocrx_word' id='word_1_269' title='bbox 763 2879 995 2931; x_wconf 87' lang='lat' dir='ltr'>accipiunt,</span> <span class='ocrx_word' id='word_1_270' title='bbox 1021 2885 1067 2918; x_wconf 87' lang='lat' dir='ltr'>ut</span> <span class='ocrx_word' id='word_1_271' title='bbox 1100 2885 1211 2927; x_wconf 75' lang='lat' dir='ltr'>sunt,</span> <span class='ocrx_word' id='word_1_272' title='bbox 1238 2879 1428 2932; x_wconf 79' lang='lat' dir='ltr'>inquam,</span> <span class='ocrx_word' id='word_1_273' title='bbox 1452 2893 1508 2919; x_wconf 76' lang='lat' dir='ltr'>ex</span> <span class='ocrx_word' id='word_1_274' title='bbox 1532 2880 1738 2930; x_wconf 59' lang='lat' dir='ltr'>diabolo„</span> 
     </span>
    </p>
   </div>
  </div>
 </body>
</html>
