1903 3197
314 164 394 210 De
426 162 770 208 ministrorum
808 177 923 221 elga
959 164 1156 221 agrolos
1191 174 1320 204 cura.
1463 170 1484 215 5
1497 171 1555 215 33

90 303 259 349 gereret
295 301 571 348 aegrotorum,
606 293 741 332 nimio
780 292 1056 331 ministrandi
1091 291 1239 331 labore
1282 289 1431 330 statim
1470 288 1551 328 sibi

81 382 307 417 -somnum,
332 382 429 409 cum
454 369 533 408 iret
556 367 765 414 cubitum,
789 365 994 405 advenire
1025 365 1200 404 solitum
1221 379 1228 404 :
1262 364 1304 403 id
1337 362 1554 415 significat

90 442 183 483 Ser.
205 454 258 493 4:
293 443 388 482 “Et
425 439 640 488 so1nnus,''
680 439 833 491 inquit,
874 442 999 490 “prae
1038 438 1186 478 labore
1223 437 1357 477 nimio
1399 436 1553 476 diurno

86 515 180 569 jam
212 515 484 556 advenerat.''

182 601 215 640 3.
251 589 509 629 Necessaria
531 593 596 627 est
618 588 751 626 etiam
779 586 991 638 patientia
1014 585 1055 623 in
1079 584 1266 623 ferendis
1289 583 1553 635 quibusdam

81 664 222 716 raegris
251 662 576 711 difficilioribus,
601 661 674 712 qui
698 673 852 712 parum
876 672 921 698 se
944 658 1153 698 ministris
1185 657 1399 696 exhibent
1430 656 1555 695 obse-

93 742 303 789 quentes3
357 736 521 788 quippe
572 734 645 785 qui
699 746 871 786 semper
921 737 1247 783 conqueruntur
1298 736 1342 770 et
1393 729 1555 777 dolent,

92 811 286 863 asperius
319 809 567 861 loquuntur,
592 814 635 847 et
666 807 965 846 conviciantur
997 805 1228 845 interdum.
1293 804 1417 843 Facit
1439 803 1555 843 enim

83 883 134 923 id
158 883 297 923 morbi
320 883 395 931 vis,
419 883 530 922 sicut
563 887 606 921 et
639 886 840 920 senectus
873 881 915 919 in
947 880 1148 919 senibus:
1183 880 1369 931 ideoque
1402 880 1554 930 {egroti

84 956 196 997 nihil
229 957 285 996 ab
317 956 497 995 infirmis
530 955 706 995 senibus
728 953 795 994 vel
828 953 972 1006 pueris
1002 952 1290 993 imbecillibus
1323 953 1556 1004 differunt3

77 1044 141 1070 ac
177 1035 409 1083 propterea
446 1028 612 1068 serendi
655 1034 765 1067 sunt.
831 1027 903 1068 Sic
947 1027 1062 1066 enim
1100 1027 1341 1079 praescribit
1384 1027 1426 1066 in
1468 1028 1558 1066 suis

92 1103 250 1156 regulis
286 1100 600 1142 Benedictus:1
646 1100 941 1149 “Patieliter,’'
984 1101 1135 1152 inquit,
1169 1100 1408 1152 “portandi
1443 1106 1556 1147 sunt,

90 1179 192 1230 quia
224 1178 280 1217 de
309 1177 471 1217 talibus
508 1176 725 1228 copiosior
762 1188 927 1214 merces
965 1173 1238 1226 acquiritur.”
1303 1174 1361 1214 Et
1398 1174 1453 1214 de
1488 1173 1556 1213 his

89 1249 338 1291 Isidorus:2
370 1250 494 1302 “Qui
533 1249 625 1289 sani
661 1248 796 1297 sunt‚'’
835 1248 987 1300 inquit,
1024 1249 1151 1287 “sani
1187 1248 1350 1287 debent
1385 1261 1479 1287 esse
1513 1255 1557 1287 et

91 1331 264 1364 mente:
296 1329 339 1364 et
373 1324 472 1363 ideo
506 1323 712 1362 convenit
748 1321 864 1361 sanis
900 1321 1093 1360 infirmos
1129 1327 1314 1374 portare,
1339 1327 1382 1361 et
1417 1321 1556 1373 magis

91 1411 224 1451 quam
247 1398 303 1437 ab
326 1397 506 1436 infirmis
530 1394 728 1448 portari.''

180 1471 403 1524 Exemplo
438 1484 532 1510 csse
565 1476 711 1522 potest
746 1468 960 1520 Eulogius
998 1468 1341 1515 Alexandrinus,
1377 1470 1432 1508 de
1469 1481 1557 1520 quo

92 1545 291 1586 scribitur
333 1546 375 1584 in
417 1545 506 1584 vita
549 1544 594 1584 B.
630 1543 843 1591 Antonii;
886 1543 959 1595 qui
998 1556 1096 1582 cum
1131 1548 1345 1595 aegrotum
1382 1542 1557 1595 publice

90 1620 347 1673 expositum
377 1618 624 1671 aspexisset
653 1617 773 1669 lepra
803 1622 1072 1669 coopertum,
1098 1617 1392 1669 membrisque
1419 1617 1559 1656 omni-

93 1694 174 1733 bus
197 1693 284 1732 fere
306 1692 521 1740 mutilum,
546 1704 735 1742 eumque
758 1690 842 1729 Dei
865 1703 996 1730 causa
1019 1690 1259 1730 curandum
1286 1691 1558 1743 suscepisset,

93 1772 499 1820 perseverassetque
542 1766 584 1804 in
626 1778 678 1804 eo
720 1763 896 1816 pietatis
948 1763 1091 1803 officio
1142 1764 1392 1816 quindecim
1440 1765 1558 1816 ipsos

83 1854 244 1888 annos,
279 1840 335 1879 ad
374 1845 635 1886 extremum,
669 1850 769 1876 cum
806 1836 946 1876 furere
981 1842 1114 1889 atque
1152 1838 1339 1877 insanire
1376 1839 1418 1877 in
1456 1851 1555 1878 eum

94 1915 299 1967 coepisset
350 1918 552 1965 aegrotus,
605 1910 1015 1962 intolerabilemque
1066 1924 1112 1950 se
1163 1910 1375 1960 redderet,
1424 1912 1557 1951 taedio

92 1988 231 2028 sessus
263 2000 471 2040 reponere
503 1999 604 2025 eum
637 1985 752 2024 unde
783 1989 1030 2036 sumpserat
1061 1984 1281 2037 cogitavit,
1316 1998 1433 2037 aegro
1462 1985 1556 2038 jani

93 2063 190 2115 ipso
227 2062 475 2114 importune
514 2059 555 2098 id
594 2059 832 2111 flagitante.
897 2057 986 2098 Sed
1023 2058 1339 2098 consulendum
1382 2059 1462 2098 sibi
1506 2073 1557 2100 ea

77 2137 150 2176 *de
191 2149 236 2175 re
277 2135 395 2188 prius
436 2133 608 2186 putavit
644 2131 904 2179 Antonium,
942 2131 1065 2183 cujus
1107 2132 1150 2170 id
1192 2133 1402 2184 temporis
1438 2133 1557 2173 fama

93 2215 188 2251 toto
210 2215 420 2249 terrarum
443 2207 687 2259 vagabatur
708 2206 822 2246 orbe.
888 2205 969 2245 Cui
992 2205 1216 2245 Antonius
1238 2207 1380 2258 gravis
1406 2213 1558 2247 auctor

96 2284 189 2334 fuit,
211 2297 266 2323 ne
294 2295 425 2335 quem
454 2294 533 2334 pro
562 2280 735 2320 Christo
765 2279 1003 2319 fovendum
1032 2279 1304 2332 suscepisset,
1329 2280 1422 2332 ejus
1443 2281 1558 2321 inso—

82 2358 228 2398 lentia
261 2363 393 2409 atque
428 2354 703 2395 intolerantia
737 2353 825 2393 ullo
860 2354 993 2393 modo
1027 2353 1269 2404 desereret3
1315 2355 1405 2394 fore
1439 2355 1557 2394 enim

80 2438 142 2472 ut
173 2432 209 2471 si
240 2444 340 2471 eum
374 2431 466 2483 ipse
497 2430 725 2476 desereret,
749 2441 826 2480 per
855 2427 991 2467 alium
1023 2427 1144 2466 illurn
1176 2428 1296 2468 Deus
1329 2429 1555 2469 meliorem

82 2506 191 2559 ,ipso
233 2504 464 2556 colligeret.
549 2502 720 2554 Quibus
760 2501 903 2541 verbis
945 2501 1163 2542 intellexit
1206 2502 1420 2555 Eulogius
1460 2517 1555 2555 per-

94 2579 322 2620 ferendum
354 2577 435 2617 sibi
468 2590 561 2616 esse
593 2589 730 2628 usque
762 2576 818 2615 ad
851 2581 1101 2615 extremum
1132 2576 1344 2628 spiritum,
1368 2577 1555 2616 toleran-

76 2652 289 2704 dumque
321 2650 679 2690 molestissimum
712 2648 833 2688 illurn
862 2662 913 2689 ac
941 2649 1245 2689 difficillimum
1272 2663 1450 2702 aegrum,
1474 2650 1554 2690 nisi

92 2726 339 2766 mercedem
357 2724 449 2776 jam
472 2737 608 2776 prope
629 2729 801 2776 partam
824 2723 1022 2763 funditus
1044 2724 1250 2763 amissam
1274 2723 1414 2764 vellet.

178 2800 388 2852 Legimus
440 2798 572 2838 etiam
624 2798 667 2837 in
718 2798 817 2838 vitis
870 2798 1060 2846 Patrum,
1105 2798 1290 2837 Beatum
1336 2787 1553 2850 Joannem

271 2895 283 2914 ¹
309 2897 391 2938 Cap.
412 2895 462 2936 36.
605 2894 621 2912 2
643 2896 745 2936 Apud
772 2896 942 2937 Smaragd.
966 2896 997 2926 in
1024 2896 1105 2936 Reg.
1128 2896 1249 2928 Bened.
1273 2907 1298 2928 c.
1322 2897 1371 2936 36.

1886 246 1891 251 ,
1874 142 1890 211 :iet-n
1876 81 1888 111 ε-«ι
