1903 3197
276 181 301 225 3
311 181 372 226 50
597 167 679 212 De
711 167 901 214 rafz'one
934 168 1127 215 vivendi
1159 169 1419 218 societatis.

356 298 525 351 Quinta
557 313 657 351 quae
694 314 752 339 ex
785 300 1034 342 humilitate
1066 302 1202 342 oritur
1231 303 1368 343 virtus
1399 304 1455 344 ad
1489 306 1734 347 custodiam

269 375 483 414 castitatis
519 375 771 427 necessaria
796 382 872 424 est,
909 389 995 416 non
1030 390 1124 417 esse
1160 377 1398 430 proclivem
1433 379 1489 418 ad
1527 380 1736 421 condem-

266 449 436 488 nandos
454 448 807 501 judicandosque
833 451 1073 502 proximos,
1097 452 1172 491 sed
1196 451 1342 503 potius
1364 451 1518 492 alienae
1542 456 1735 507 compati

266 522 521 570 infirmitati,
556 523 590 562 si
625 524 803 575 quando
843 524 887 564 hi
930 524 1162 576 labuntur;
1210 526 1271 565 sic
1309 526 1426 566 enim
1460 528 1737 569 miserebitur

266 597 402 636 nostri
441 597 602 636 Divina
633 598 875 638 clementia.
941 598 1088 651 Quare
1127 599 1349 640 Climacus
1386 614 1485 640 cum
1524 601 1618 642 aliis
1650 603 1736 644 alia

266 670 320 710 de
357 685 489 711 causa
526 670 674 724 lapsus
708 673 901 725 corporis
938 672 1029 712 fieri
1067 674 1254 714 doceret.
1319 675 1407 713 “In
1450 675 1536 724 iis,’'
1580 677 1734 729 inquit,

267 745 377 797 “qui
408 744 536 784 rudes
569 745 834 795 imbuuntur,
858 746 1006 799 lapsus
1029 748 1221 800 corporiS
1251 762 1308 788 ex
1339 748 1504 788 deliciis
1535 751 1733 791 maxime

265 818 355 858 fieri
389 818 510 867 solet,
542 819 584 857 in
618 819 912 859 mediocribus
941 834 1044 859 vero
1077 834 1134 860 ex
1168 820 1358 862 elatione
1389 823 1534 863 animi.
1600 824 1733 865 Porro

263 892 308 931 in
345 892 422 939 his,
453 893 526 944 qui
564 892 620 931 ad
662 892 976 944 perfectionem
1019 894 1198 946 propius
1235 895 1461 945 accedunt,
1498 896 1639 937 solum
1676 913 1733 939 ex

263 967 633 1006 condemnatione
666 972 1012 1019 contemptuque
1044 969 1237 1020 proximi
1272 969 1496 1022 superbo.''
1561 972 1736 1014 Scimus

263 1046 412 1080 autem
437 1053 493 1078 ex
520 1039 731 1079 Cassiano
754 1053 900 1079 senem
927 1040 1061 1089 illum,
1086 1041 1159 1093 qui
1183 1041 1510 1084 adolescentem
1542 1044 1734 1087 libidinis

262 1112 431 1153 facibus
461 1113 785 1153 inflammatum
820 1115 959 1154 acrius
982 1114 1303 1168 objurgaverat,
1328 1130 1538 1158 conversa
1567 1118 1609 1157 in
1633 1133 1733 1160 eum

262 1187 457 1227 libidinis
509 1193 786 1240 tempestate,
824 1189 1048 1241 Apollinis
1101 1190 1275 1230 abbatis
1326 1192 1539 1243 precibus,
1594 1193 1735 1234 furere

261 1266 395 1313 atque
427 1268 614 1301 aestuare
647 1262 864 1314 coepisset,
891 1262 1074 1315 jamque
1107 1264 1162 1303 ad
1201 1264 1470 1316 explendam
1504 1265 1733 1307 libidinem

260 1336 532 1383 cucurrisset,
578 1336 660 1374 nisi
705 1335 822 1375 idem
867 1337 1004 1376 abbas
1046 1337 1221 1377 obviam
1270 1337 1423 1387 factus,
1466 1353 1734 1393 causamque

260 1409 416 1449 furoris
469 1409 715 1449 sciscitatus
756 1410 812 1449 ab
865 1424 917 1449 eo
972 1411 1067 1463 ipso
1112 1411 1327 1460 daemone,
1371 1414 1445 1465 qui
1498 1427 1597 1453 eum
1640 1420 1733 1454 tam

259 1483 465 1523 ardenter
516 1484 745 1533 invaserat,
789 1484 995 1524 edoctum
1040 1491 1173 1537 atque
1217 1487 1436 1526 eruditum
1480 1502 1538 1527 ex
1580 1488 1734 1529 alienis

260 1557 587 1597 infirmitatibus
620 1558 813 1610 compati
847 1558 1084 1599 liberasset.

348 1631 433 1671 His
476 1632 608 1684 igitur
649 1631 912 1672 humilitatis
959 1632 1058 1672 filiis
1106 1635 1422 1674 occurrendum
1466 1642 1531 1675 cst
1572 1637 1730 1689 angelo

258 1712 438 1754 satanae,
472 1719 572 1745 cum
612 1719 691 1745 nos
726 1706 866 1745 carnis
904 1707 1083 1747 stimulo
1126 1707 1382 1761 colaphizat.
1463 1709 1535 1749 Ex
1575 1710 1734 1762 quibus

257 1785 443 1832 apparet
484 1793 636 1819 verum
680 1794 775 1819 esse
814 1781 931 1833 quod
971 1781 1163 1821 affirmat
1201 1782 1247 1822 B.
1284 1782 1548 1835 Gregorius:
1602 1782 1731 1836 “Qui

257 1859 410 1894 contra
463 1853 798 1894 fornicationem
860 1868 1057 1908 pugnare
1108 1855 1274 1905 volunt,
1327 1871 1402 1897 eos
1454 1871 1541 1897 non
1603 1872 1733 1911 posse

254 1928 438 1977 vincere,
458 1928 492 1967 si
516 1941 604 1967 non
628 1929 797 1967 caeteris
820 1928 1056 1969 virtutibus
1080 1929 1396 1971 muniuntu1·.''1
1430 1930 1564 1983 Quod
1588 1933 1732 1985 ipsum

257 2003 400 2054 magis
423 2002 556 2042 etiam
580 2015 637 2041 ex
660 2002 837 2054 reliquis
860 2003 1074 2043 castitatis
1099 2004 1378 2056 adjumentis,
1404 2019 1502 2057 quae
1526 2007 1733 2058 proxime

257 2076 526 2129 subjicimus,
572 2076 849 2129 intelligetur.
916 2076 1046 2118 Certe
1090 2077 1353 2118 Cassianus:
1402 2078 1515 2119 “Ad
1554 2079 1732 2131 integri-

255 2150 431 2199 tatem,''
472 2150 622 2202 inquit,
663 2151 860 2190 “mentis
897 2157 940 2191 et
978 2152 1170 2204 corporis
1208 2153 1553 2193 conservandam
1592 2154 1729 2194 absti-

256 2225 407 2264 nentia
430 2224 627 2264 ciborum
652 2224 745 2264 sola
768 2238 854 2264 non
878 2225 1047 2273 sufficit,
1073 2226 1153 2265 nisi
1177 2225 1336 2266 fuerint
1358 2232 1528 2266 caeterae
1552 2241 1731 2280 quoque

254 2297 439 2337 virtutes
491 2297 649 2337 animae
694 2297 1004 2350 conjugatae.''2
1085 2299 1312 2352 Idemque,
1355 2300 1510 2340 docet:
1555 2301 1733 2341 “Nullo

255 2371 390 2411 modo
432 2371 834 2424 concupiscentiam
877 2373 1020 2412 cordis
1062 2373 1276 2425 extingui,
1316 2374 1397 2414 nisi
1440 2375 1590 2415 omnia
1622 2376 1729 2416 vitia

254 2446 420 2498 pariter
452 2444 790 2498 extirpentur.”3

341 2518 560 2571 Quartum
595 2525 661 2559 est
693 2520 825 2572 igitur
854 2521 1126 2574 praecipuum
1164 2522 1379 2562 castitatis
1418 2522 1725 2575 adjumentum

251 2593 444 2646 corporis
474 2593 706 2646 castigatio
738 2608 789 2634 ac
819 2595 1067 2635 maceratio.
1134 2595 1246 2635 Haec
1278 2602 1427 2636 autem
1460 2597 1726 2649 quintuplex

251 2672 329 2716 est,
373 2680 459 2707 una
508 2674 574 2707 est
615 2681 694 2720 per
734 2668 1046 2709 abstinentiam
1097 2669 1182 2709 cibi
1229 2675 1272 2709 et
1313 2676 1456 2723 potus,
1490 2671 1726 2711 subtractis

251 2740 368 2780 enim
412 2741 603 2782 libidinis
646 2741 865 2782 alimentis
915 2742 1051 2783 libido
1094 2743 1190 2796 ipsa
1227 2743 1448 2793 minuitur,
1488 2750 1530 2784 et
1568 2744 1724 2784 iisdem

249 2816 390 2855 auctis
429 2816 586 2856 eadem
623 2823 818 2869 augetur.
883 2817 954 2857 Ita
990 2823 1140 2858 autem
1180 2817 1402 2858 Climacus
1440 2819 1510 2858 De
1548 2819 1724 2871 quiete:

295 2903 306 2922 ¹
332 2906 373 2936 In
394 2914 418 2938 1.
440 2907 520 2948 Reg.
540 2907 560 2939 l.
579 2907 607 2940 6.
628 2918 653 2939 c.
677 2916 702 2939 1.
775 2906 787 2925 ‘³
812 2908 865 2939 De
891 2908 1029 2940 Coenob.
1052 2908 1161 2940 Instit.
1179 2908 1199 2940 l.
1219 2915 1247 2949 5.
1265 2919 1291 2940 c.
1312 2917 1357 2940 10.
1432 2907 1445 2928 ³
1471 2908 1557 2940 Ibid.
1579 2918 1605 2940 c.
1629 2916 1675 2939 11.
