1903 3197
401 182 481 227 De
512 198 558 227 se
593 183 790 228 z‘fevz‘ccm
829 184 1193 244 nemzifeslando.
1445 189 1527 232 161

66 316 286 355 rationem
310 315 453 362 tradit,
479 328 575 354 cum
601 328 652 354 ea
674 328 772 366 quae
797 322 1036 366 sequuntur
1065 317 1291 370 adjungit:
1325 322 1347 337 “
1366 318 1530 358 Debito

74 402 172 428 cum
204 402 350 428 amore
393 394 435 427 et
470 388 681 427 charitate
713 389 767 427 ad
805 388 1015 440 majorem
1060 391 1234 441 spiritus
1272 391 1528 442 profectum,

70 463 174 502 etc.”
239 463 356 514 Ergo
391 463 536 514 quoad
575 462 889 511 difficultatem,
925 463 1006 502 tria
1041 469 1141 502 sunt
1176 478 1272 515 quae
1308 465 1525 504 difficilem

71 537 184 577 hanc
215 537 409 589 regulam
440 536 635 576 reddunt.
702 536 907 585 Primum,
931 537 1032 588 quia
1055 536 1186 588 vulgo
1219 537 1408 577 infamiae
1433 539 1529 579 loco

67 611 244 651 ducitur
274 610 440 650 deferre
470 610 735 661 quempiam,
768 609 1059 662 exploratoris
1093 611 1206 649 enim
1243 617 1285 649 et
1318 611 1526 650 emissarii

69 684 112 723 id
146 684 363 736 plerisque
394 683 590 731 videtur;
635 697 732 734 qum
772 684 949 735 quidem
983 684 1143 736 opinio,
1178 684 1279 723 mali
1314 684 1527 723 daemonis

69 758 265 810 profecto
288 757 449 796 invidia
472 764 603 809 atque
627 772 768 805 suasu,
798 758 914 810 apud
946 758 1156 810 plurimos
1179 759 1251 810 qui
1285 759 1527 798 secundum

68 832 268 884 spiritum
301 845 387 871 non
421 831 662 880 ambulant,
697 833 964 872 inveteravit.
1045 832 1309 880 Secundum,
1338 834 1438 885 quia
1472 834 1527 872 ad

68 906 285 958 privatam
318 906 510 957 quietem
548 906 763 958 pertinere
802 907 996 958 plerique
1035 912 1193 959 putant
1231 920 1308 946 Sua
1340 913 1526 954 tantum,

69 992 156 1019 non
188 979 329 1019 aliena
361 993 536 1028 curare;
583 980 822 1031 przesertim
866 980 968 1032 quia
1011 994 1098 1020 non
1141 981 1299 1020 desunt
1336 980 1418 1028 alii,
1454 982 1526 1033 qui

67 1053 111 1092 id
150 1054 339 1093 muneris
375 1053 496 1092 obire
534 1060 707 1105 queant.
771 1054 981 1102 Tertium,
1017 1055 1118 1106 quia
1155 1054 1350 1107 plerique
1393 1057 1526 1094 etiam

67 1128 167 1168 odia
209 1127 434 1167 hominum
475 1127 770 1177 reformidant,
806 1134 1096 1180 metuuntque
1128 1142 1181 1168 ne
1219 1129 1270 1168 iis
1308 1143 1417 1181 quos
1455 1131 1528 1169 de-

65 1201 208 1241 ferunt
243 1215 330 1241 non
365 1202 470 1240 satis
504 1201 736 1253 placeant:
770 1209 1002 1254 propterea
1035 1203 1151 1254 quod
1187 1217 1243 1242 ex
1275 1202 1528 1256 hujusmodi

65 1274 358 1314 delationibus
391 1275 553 1313 crebrae
588 1275 834 1314 animorum
874 1276 1170 1321 alienationes
1207 1283 1250 1316 et
1282 1277 1528 1317 simultates

61 1349 268 1387 existant.
326 1347 437 1386 Haec
460 1361 549 1386 rem
574 1347 793 1387 difficilem
818 1350 1017 1397 reddunt,
1042 1363 1091 1389 ac
1114 1356 1348 1402 propterea
1371 1364 1528 1403 paran-

60 1422 144 1462 dus
167 1428 232 1462 est
254 1422 435 1462 animus.

152 1497 239 1537 Sed
274 1502 425 1536 contra
463 1495 541 1535 has
579 1503 664 1535 tres
702 1496 993 1543 difficultates,
1029 1498 1111 1537 tria
1145 1511 1289 1537 rursus
1322 1497 1376 1537 ad
1416 1498 1527 1537 indi-

60 1572 226 1611 candos
268 1576 311 1610 et
359 1569 620 1609 deferendos
672 1569 824 1610 fratres
877 1571 1118 1624 impellunt.
1204 1572 1319 1612 Nam
1373 1579 1525 1612 contra

62 1644 253 1684 infamiae
306 1651 471 1684 metum
524 1644 664 1684 honor
705 1652 747 1684 et
794 1645 912 1685 zelus
967 1646 1050 1685 Dei
1103 1645 1247 1686 valere
1289 1646 1432 1695 debet,
1479 1654 1526 1687 ut

62 1719 330 1760 Constitutio
373 1719 467 1770 ipsa
509 1718 735 1770 significat,
769 1733 866 1759 cum
913 1720 955 1758 in
998 1726 1199 1760 extremo
1231 1721 1362 1760 dicit:
1413 1720 1525 1760 “Ad

63 1792 274 1844 majorem
318 1792 400 1831 Dei
445 1790 663 1843 gloriam.’'
749 1791 835 1843 Qui
879 1793 995 1832 enim
1036 1793 1119 1833 Dei
1158 1793 1296 1846 gloria
1339 1793 1524 1843 ducitur,

61 1881 186 1906 suam
239 1865 516 1918 parvipendit
568 1865 804 1914 infamiam,
850 1867 882 1905 si
937 1880 1024 1918 qua
1076 1874 1225 1906 tamen
1278 1868 1519 1907 incurritur.

62 1940 132 1980 Ac
164 1946 394 1992 propterea
429 1952 558 1978 omne
594 1938 813 1984 delictum,
847 1940 965 1991 quod
1001 1947 1154 1980 contra
1186 1940 1397 1980 honorem
1438 1941 1522 1981 Dei

61 2015 127 2061 sit,
168 2014 417 2066 Praepositis
460 2013 650 2052 indicare
688 2026 774 2052 non
812 2013 994 2053 dubitat.
1060 2012 1147 2065 Qui
1190 2014 1369 2066 quidem
1408 2015 1525 2055 zelus

59 2090 224 2141 absque
262 2087 462 2127 mercede
500 2100 586 2126 non
625 2093 690 2126 est
727 2088 844 2139 apud
890 2087 1046 2135 Deum,
1080 2088 1152 2140 qui
1194 2088 1378 2128 Phinees
1417 2089 1521 2129 olim

58 2168 319 2216 perpetuum
362 2161 653 2200 sacerdotium
692 2161 825 2210 dedit,
863 2162 966 2213 quia
1009 2161 1175 2202 zelatus
1208 2168 1274 2202 est
1311 2176 1389 2215 pro
1425 2163 1523 2203 Deo

55 2235 165 2277 Suo.1
228 2237 360 2276 Porro
406 2235 572 2287 quaevis
619 2235 790 2282 delicta,
839 2236 1081 2288 praesertim
1129 2250 1228 2289 quae
1282 2237 1521 2277 indicanda

60 2311 309 2363 Praepositis
350 2309 563 2355 videntur,
609 2308 771 2348 Divino
817 2309 1035 2349 adversari
1078 2310 1232 2350 honori
1276 2324 1408 2350 nemo
1456 2317 1524 2351 est

55 2385 130 2437 qui
183 2384 359 2424 nesciat.
444 2382 576 2435 Quod
630 2396 728 2421 cum
793 2383 957 2435 ubique
1007 2398 1156 2424 verum
1211 2390 1286 2432 est,
1331 2390 1425 2424 tum
1479 2385 1523 2424 in

57 2458 289 2511 Religione
345 2456 484 2496 multo
537 2457 712 2505 verius;
778 2457 891 2509 quia,
947 2464 992 2497 ut
1056 2458 1117 2497 ait
1182 2458 1518 2499 Bonaventura:

55 2532 205 2572 “Cum
239 2546 295 2571 ex
327 2530 493 2571 familia
524 2530 606 2570 Dei
636 2530 782 2578 simus,
807 2531 918 2570 sicut
950 2531 1265 2584 paterfamilias
1296 2546 1353 2572 ex
1386 2532 1518 2572 disci-

55 2605 174 2658 plina
225 2604 401 2644 familiae
454 2619 543 2644 suae
595 2604 844 2653 honoratur,
886 2606 953 2645 vel
997 2620 1053 2645 ex
1101 2605 1194 2658 ejus
1246 2606 1517 2659 negligentia

56 2679 365 2728 inhonoratum
399 2679 459 2718 ita
494 2692 573 2718 nos
611 2678 823 2731 quidquid
860 2679 1042 2719 facimus
1077 2680 1189 2719 inter
1220 2680 1433 2727 homines,
1474 2680 1517 2718 id

56 2752 388 2805 quodammodo
431 2753 648 2792 redundat
690 2752 758 2792 vel
806 2753 847 2791 in
891 2752 1065 2793 laudem
1120 2753 1311 2801 Domini,
1353 2752 1420 2792 vel
1474 2753 1516 2791 in

56 2825 422 2880 contemptum.’'2
483 2826 636 2879 Atque
659 2826 740 2867 hoc
764 2828 869 2867 satis
892 2827 1194 2867 difficultatem
1219 2826 1337 2865 illam
1362 2825 1515 2875 elevat,

270 2914 279 2933 ¹
309 2916 410 2947 Num.
432 2922 483 2956 25.
714 2915 726 2933 ²
751 2916 803 2947 De
829 2915 962 2946 Insorm.
986 2916 1072 2946 Nor.
1094 2926 1124 2956 p.
1151 2923 1176 2945 1.
1198 2925 1224 2945 c.
1245 2914 1297 2954 38.

230 2977 258 3007 L
