1903 3197
469 153 548 199 De
580 168 676 198 non
711 150 920 213 elzg‘endo
954 151 1135 206 7zzedz'co‚
1162 156 1237 198 cle.
1497 163 1558 208 50
1563 164 1589 209 3

123 291 363 339 suggerunt
394 290 608 337 tanquam
640 297 744 333 sua;
777 289 1031 336 coguntque
1061 297 1146 332 eos,
1169 288 1246 323 aut
1274 297 1373 336 quae
1406 283 1585 323 minime

122 359 284 400 vellent
325 358 510 398 subditis
551 357 639 396 suis
675 357 731 395 de
768 356 1037 396 medicorum
1078 357 1295 396 sententia
1332 357 1583 405 concedere,

126 446 180 472 ne
221 445 295 471 eos
336 431 512 471 tristitia
554 429 756 477 afficiant,
790 435 866 469 aut
909 442 1094 469 moerore
1141 429 1311 470 afficere
1353 430 1434 469 nisi
1483 441 1584 469 con-

125 505 296 546 cedant.
374 504 476 544 Non
528 504 643 543 enim
692 502 840 542 omnia
888 502 1092 542 omnibus
1141 509 1244 543 sunt
1292 502 1584 552 concedenda,

125 579 325 632 quamvis
369 578 568 617 videatur
614 575 825 616 nonnulla
876 589 971 616 esse
1019 576 1281 626 necessitas;
1328 577 1430 628 quia
1473 577 1586 616 Prae-

124 652 278 705 positis
314 650 589 691 subditorum
625 649 742 689 salus
779 648 1014 702 spiritualis
1050 649 1271 701 antiquior
1307 650 1439 689 debet
1481 662 1585 697 esse,

124 739 256 778 quam
289 721 489 776 corporis.
555 722 619 763 Ut
650 722 868 774 significat
894 722 1080 763 Basilius
1111 723 1154 762 in
1188 722 1347 774 regulis
1380 721 1584 761 breviori-

124 797 254 847 bus31
286 798 359 837 ubi
390 797 561 837 disertis
582 796 725 836 verbis
756 797 954 849 praecipit
986 810 1079 836 esse
1111 796 1366 845 curandum,
1391 809 1444 834 ne
1477 795 1582 834 dum

123 872 398 912 subditorum
441 871 609 923 corpori
658 871 821 910 mederi
866 870 1079 918 volumus,
1119 870 1266 910 anima
1312 869 1584 922 negligatur:

123 946 346 998 satiusque
388 958 482 984 esse
523 957 636 992 eum,
675 945 748 996 qui
791 957 915 984 suani
958 944 1092 996 ipsius
1130 944 1323 983 animam
1366 943 1587 995 negligere

122 1018 484 1072 deprehendatur,
523 1018 567 1057 in
602 1017 825 1057 doloribus
858 1018 1051 1070 corporis
1085 1017 1339 1070 relinquere,
1379 1030 1509 1068 quam
1548 1016 1585 1056 ei

122 1093 392 1132 curationem
428 1090 645 1130 adhibere.
710 1090 924 1143 Idemque
961 1091 1005 1130 in
1044 1091 1185 1130 Instit.
1251 1090 1453 1130 Monach.
1486 1103 1518 1129 c.
1550 1100 1585 1140 3.

123 1179 222 1206 cum
274 1166 329 1205 de
381 1165 557 1216 aegrotis
607 1163 811 1216 loquitur,
854 1165 914 1204 sic
965 1165 1056 1204 ait:
1109 1163 1335 1216 “Oportet
1378 1177 1463 1212 eos,
1514 1164 1588 1216 qui

121 1245 326 1291 praesunt,
369 1251 516 1277 curam
558 1250 719 1289 gerere,
757 1251 811 1276 ne
852 1238 914 1287 iis,
956 1238 1116 1290 quibus
1159 1238 1442 1285 ministratur,
1478 1236 1588 1276 tales

120 1313 219 1361 sint,
253 1312 326 1364 qui
363 1311 480 1350 carni
516 1310 773 1362 indulgeant
807 1316 850 1350 et
883 1310 1058 1350 ventri.''
1135 1311 1193 1350 Et
1226 1311 1272 1351 B.
1297 1310 1588 1362 Augustinus,

119 1397 219 1424 cum
261 1385 317 1423 de
359 1384 532 1423 lavacro
574 1383 857 1423 concedendo
905 1383 1087 1423 infirmis
1139 1383 1341 1436 loquitur,
1389 1390 1589 1436 tempore

121 1458 391 1498 necessitatis
432 1457 493 1497 ait
538 1470 631 1497 esse
669 1455 1025 1497 concedendum:
1065 1457 1135 1496 “si
1168 1463 1315 1496 autem
1355 1457 1448 1509 ipse
1484 1456 1590 1496 velit

121 1531 330 1580 infirmus,
361 1537 405 1571 et
434 1531 544 1571 forte
574 1544 661 1570 non
691 1530 884 1583 expedit,
914 1543 1005 1570 suae
1031 1530 1260 1583 cupiditati
1292 1544 1379 1570 non
1412 1529 1590 1570 obedia-

122 1603 251 1646 tur.''2
331 1605 578 1645 Bernardus
625 1605 758 1644 etiam
810 1603 866 1643 ad
919 1603 1093 1643 Fratres
1136 1604 1190 1643 de
1234 1603 1276 1644 S.
1300 1603 1542 1644 Anastasio
1560 1601 1592 1644 ;3

123 1678 424 1731 “Compatior
458 1678 609 1730 utique
643 1683 687 1717 et
719 1677 907 1717 multum
941 1678 1187 1730 compatior
1220 1677 1463 1718 infirmitati
1498 1691 1592 1718 cor-

123 1765 311 1805 porum:
359 1752 435 1791 sed
477 1751 676 1790 timenda
717 1751 857 1790 multo
895 1751 1045 1803 magis,
1084 1751 1362 1803 ampliusque
1395 1751 1591 1792 cavenda

124 1825 356 1866 infirmitas
408 1824 688 1865 animarum.''
763 1824 930 1864 Verum
983 1823 1039 1863 ad
1099 1824 1230 1876 hujus
1282 1824 1390 1876 legis
1444 1824 1589 1865 obser-

123 1900 320 1939 vantiam
364 1898 469 1937 nihil
511 1911 637 1950 :eque
672 1896 798 1945 valet,
836 1903 885 1937 ut
926 1896 1112 1949 abjicere
1154 1897 1335 1937 nimiam
1385 1898 1450 1937 sui
1498 1911 1589 1938 cor-

125 1973 241 2025 poris
278 1985 440 2021 curam‚
478 1977 526 2011 ut
564 1971 657 2023 jam
696 1970 918 2021 diximus;
965 1970 1169 2023 virosque
1204 1976 1379 2011 sanctos
1417 1971 1589 2021 imitari,

126 2046 201 2099 qui
230 2047 319 2086 suis
350 2045 616 2097 contemptis
646 2044 898 2097 corporibus
930 2043 985 2083 de
1017 2057 1167 2084 eorum
1200 2045 1424 2084 curatione
1455 2045 1588 2085 etiam

121 2128 221 2161 tum
262 2133 362 2159 cum
406 2124 634 2171 aegrotant,
673 2131 760 2157 non
804 2131 1071 2170 magnopere
1117 2118 1328 2167 laborant,
1365 2119 1442 2158 sed
1489 2132 1588 2171 spes

124 2206 225 2234 suas
260 2192 431 2233 malunt
465 2192 508 2231 in
543 2191 725 2231 Domini
756 2191 928 2240 virtute,
952 2203 1085 2242 quam
1117 2191 1160 2230 in
1193 2192 1462 2231 medicorum
1495 2197 1588 2232 arte

123 2279 359 2319 reponere;
411 2266 474 2305 ita
515 2271 563 2305 ut
599 2265 780 2317 quidam
827 2264 959 2304 etiam
1004 2265 1299 2304 existimarint
1344 2278 1390 2305 se
1436 2271 1589 2305 contra

123 2353 272 2381 veram
295 2340 550 2392 religionem
573 2345 811 2390 contraque
837 2337 969 2378 fidem
1000 2338 1141 2378 facere
1173 2340 1207 2378 si
1240 2339 1435 2379 medicos
1467 2338 1589 2378 adhi-

124 2414 288 2455 berent.
373 2413 502 2454 Certe
540 2413 586 2453 B.
619 2412 838 2452 Macarius
875 2412 936 2452 ita
972 2412 1121 2452 scribit
1160 2412 1290 2465 (hom.
1328 2412 1432 2464 48):
1475 2411 1588 2452 “Ad

124 2486 463 2527 demulcendum
530 2487 864 2538 sanandumque
929 2499 1085 2539 corpus
1150 2485 1402 2526 hominibus
1460 2485 1590 2538 hujus

128 2560 279 2600 mundi
322 2560 444 2600 Deus
479 2561 734 2613 cunctisque
775 2560 998 2600 extraneis
1042 2559 1226 2600 contulit
1267 2559 1505 2612 pharmaca
1547 2565 1590 2599 et

124 2633 358 2674 herbarum
397 2634 649 2682 medicinas,
685 2634 844 2685 quibus
881 2634 1013 2674 etiam
1056 2633 1118 2673 uti
1160 2633 1358 2686 permisit
1398 2646 1472 2672 eos
1514 2631 1589 2684 qui

125 2707 322 2748 nondum
346 2707 389 2746 in
412 2708 616 2747 omnibus
641 2707 738 2747 Deo
761 2708 926 2760 seipsos
948 2707 1125 2747 credere
1147 2705 1364 2759 possunt.”
1419 2704 1590 2757 Quibus

123 2780 267 2821 verbis
310 2780 529 2832 significat
568 2781 610 2822 S.
643 2781 773 2821 Pater
808 2781 1047 2821 medicinas
1084 2778 1330 2832 corporales
1372 2792 1460 2818 non
1496 2784 1588 2818 tam

205 2860 207 2862 ³
240 2868 253 2887 ²
279 2870 361 2910 Reg.
388 2877 457 2909 140.
594 2868 608 2888 2
630 2870 672 2900 In
696 2870 778 2910 Reg.
804 2877 876 2909 140.
1011 2867 1025 2887 3
1049 2869 1111 2910 Ep.
1134 2876 1206 2909 321.
1227 2873 1272 2899 to.
1293 2877 1321 2899 2.
1343 2878 1375 2909 p.
1400 2876 1469 2899 120.
