1903 3197
477 158 555 204 De
587 158 843 206 delatione&
878 161 1171 222 dffcultate.
1470 175 1553 222 151

97 297 337 346 expertem,
380 297 455 333 aut
500 292 634 332 talem
687 292 866 332 omnino
907 293 1043 333 videri
1095 308 1141 334 se
1182 294 1294 336 velit.
1378 295 1560 348 Quinto,

96 367 286 420 denique
321 366 438 407 valet
476 366 608 406 etiam
646 366 774 419 primi
818 367 1068 407 meminisse
1104 369 1318 420 promissi,
1351 383 1439 422 quo
1481 383 1560 410 nos

96 441 221 480 initio
268 439 586 492 spopondimus
634 439 725 479 fore
772 446 1015 489 contentOS,
1052 444 1140 480 “ut
1183 455 1336 481 omnes
1384 456 1558 492 errores,

97 513 305 562 defectus,
329 519 372 553 et
401 527 466 553 res
489 527 772 566 quaecunque,
798 527 896 566 quae
929 514 972 553 in
1002 514 1128 554 nobis
1158 520 1323 554 notatae
1347 521 1390 555 et
1412 516 1560 556 obser-

96 593 209 627 vatae
234 587 402 636 fuerint,
428 586 735 639 Superioribus
759 586 1095 627 manifestentur
1113 602 1120 637 ;
1138 587 1157 600 ‘'
1191 601 1343 628 omnes
1370 589 1485 628 enim
1516 589 1559 629 in

97 661 193 713 ipso
215 674 342 713 paene
366 659 598 701 Societatis
634 660 851 700 vestibulo
884 661 926 700 id
962 660 1217 713 interrogati
1251 662 1560 714 promittimus.

98 733 218 786 Ergo
237 734 270 773 si
293 745 408 772 nunc
425 732 626 785 displicet
642 733 760 785 quod
780 739 910 773 antea
928 733 1142 786 placebat,
1161 741 1346 787 apparet
1363 735 1560 788 profecto

96 807 327 859 pristinum
359 806 465 846 illud
499 806 777 859 perfectionis
811 807 1004 847 studium
1033 808 1341 861 progrediente
1363 814 1562 862 tempore

97 881 327 929 refrixisse,
371 880 490 933 quod
533 880 776 933 disciplinae
828 882 1116 922 diuturnitate
1168 883 1307 922 acrius
1350 883 1563 924 debuerat

97 954 369 995 inflammari.
436 954 537 994 Hoc
569 960 717 995 autem
751 956 909 995 nostris
943 969 1041 996 cum
1076 955 1233 996 animis
1267 963 1480 1010 reputare,
1513 964 1557 998 et

96 1028 483 1080 flagrantissimum
508 1027 614 1067 illud
638 1029 860 1068 initiorum
891 1029 1084 1069 studium
1117 1030 1330 1070 memoria
1353 1037 1560 1084 repetere,

97 1101 333 1154 plurimum
377 1100 572 1154 profecto
615 1102 732 1142 valet
773 1104 829 1142 ad
873 1103 1131 1143 excitandas
1179 1110 1350 1144 nostras
1393 1105 1563 1145 animas

97 1176 409 1224 se1nisomnes;
443 1176 555 1227 quia,
581 1182 627 1216 ut
660 1176 720 1216 ait
755 1176 986 1223 Climacus,
1016 1177 1222 1217 “Anima
1255 1192 1353 1230 quae
1385 1178 1564 1218 viriliter

96 1263 293 1301 pugnare
335 1249 528 1301 coeperit,
567 1262 826 1302 rursumque
868 1250 1096 1291 debilitata
1138 1252 1326 1301 cesserit,
1369 1253 1562 1305 antiquae

94 1323 266 1362 virtutis
318 1329 361 1362 et
412 1322 544 1362 studii
598 1324 819 1371 memoria,
868 1324 991 1376 quasi
1046 1325 1239 1377 quodam
1291 1325 1471 1365 stimulo
1519 1331 1562 1366 et

95 1395 281 1448 flagello,
319 1395 580 1444 vulneratur,
625 1402 758 1448 atque
800 1411 856 1436 ex
899 1397 982 1438 hoc
1025 1411 1343 1451 nonnunquam
1386 1398 1560 1451 plurimi

95 1469 327 1522 pristinum
360 1470 554 1522 vigorem
589 1476 854 1523 receperunt,
882 1471 1135 1524 pri0resque
1167 1485 1334 1525 pennas
1367 1485 1563 1526 resump-

94 1542 278 1583 serunt.''
294 1542 308 1565 ¹

181 1616 332 1656 Tertia
348 1617 484 1657 oritur
506 1617 739 1658 difficultas
758 1632 814 1658 ex
837 1625 962 1671 parte
985 1633 1134 1659 eorum
1154 1621 1227 1672 qui
1251 1633 1332 1661 nos
1349 1619 1561 1670 deferunt,

92 1691 231 1731 tribus
261 1691 348 1731 fere
375 1692 635 1732 nominibus.
687 1693 893 1741 Primum,
918 1694 1021 1745 quia
1043 1694 1170 1746 prodi
1194 1695 1250 1735 ab
1274 1695 1322 1734 iis
1345 1696 1561 1748 quodam-

96 1764 229 1804 modo
252 1778 331 1804 nos
354 1770 572 1817 putamuS,
588 1765 693 1805 dum
712 1772 864 1806 contra
887 1766 1019 1806 fidem
1044 1774 1087 1808 et
1105 1768 1344 1808 amicitiam
1369 1769 1562 1809 indicare

93 1851 173 1878 nos
207 1838 513 1891 Superioribus
536 1838 717 1887 malunt,
742 1846 785 1879 et
808 1841 1141 1892 quodammodo
1164 1842 1402 1891 traducere,
1426 1856 1576 1895 quam-

95 1926 172 1965 per
202 1926 248 1952 se
280 1913 397 1965 ipsos
430 1926 616 1953 monere.
677 1913 867 1954 Videtur
896 1915 1010 1954 enim
1041 1917 1181 1968 genus
1213 1916 1438 1968 quoddam
1461 1930 1561 1969 pro-

95 1985 271 2026 ditionis
315 1992 358 2026 et
399 1986 574 2035 fraudis,
619 2000 717 2027 cum
761 1988 817 2027 ab
859 2001 910 2027 eo
953 1988 1021 2028 cui
1064 2002 1143 2029 nos
1186 1989 1476 2030 credebamus
1518 1996 1562 2031 et

95 2065 243 2100 nostra
285 2060 672 2100 committebamus
713 2074 884 2109 arcana,
928 2061 1122 2102 delectos
1164 2076 1245 2103 nos
1287 2069 1466 2116 repente
1508 2077 1560 2104 ac

90 2133 337 2187 patefactos
388 2134 634 2187 aspicimus.
719 2135 889 2176 Idcirco
942 2135 1126 2176 dicitur:
1181 2139 1201 2156 “
1221 2135 1308 2189 Qui
1362 2136 1561 2179 ambulat

89 2207 398 2258 fraudulenter,
432 2209 594 2249 revelat
625 2222 812 2259 arcana;
845 2209 919 2262 qui
954 2216 1103 2250 autem
1138 2210 1281 2250 fidelis
1315 2217 1380 2252 est
1412 2211 1559 2261 animi,

90 2281 204 2322 celat
240 2282 369 2322 amici
407 2281 753 2323 commissum2''2
816 2283 928 2323 Haec
962 2283 1168 2324 videlicet
1204 2297 1337 2325 causa
1374 2291 1440 2326 est
1484 2299 1561 2326 cur

88 2361 182 2395 tam
220 2355 452 2409 diligenter
487 2357 800 2410 investigemus
837 2358 987 2397 animo
1024 2356 1282 2407 delatorem,
1317 2372 1479 2412 nempe
1510 2365 1560 2401 ut

89 2428 148 2469 ab
174 2443 226 2469 eo
258 2429 301 2469 in
332 2435 569 2483 posterum,
594 2431 667 2484 qui
700 2445 780 2471 nos
809 2430 1015 2484 prodidit,
1042 2445 1306 2483 caveamus;
1338 2431 1558 2486 simulque

89 2503 278 2554 gratiam
315 2503 354 2543 ei
392 2503 585 2556 aliquam
623 2504 871 2553 referamus,
908 2505 942 2545 si
978 2504 1157 2558 quando
1195 2505 1360 2547 incidat
1396 2520 1556 2560 oppor-

89 2575 281 2626 tunitas,
319 2576 520 2630 displicet
555 2578 686 2630 igitur
717 2579 760 2618 in
790 2578 997 2628 delatore,
1024 2579 1228 2632 primum,
1251 2579 1371 2633 quod
1399 2593 1555 2633 parum

92 2648 219 2689 nobis
240 2648 395 2700 fiderit,
418 2650 709 2705 malueritque
738 2666 818 2693 nos
841 2652 1010 2694 deferre
1031 2666 1165 2706 quam
1198 2653 1292 2707 ipse
1314 2667 1394 2695 nos
1416 2654 1557 2694 amice

92 2735 280 2764 monere.
351 2723 529 2774 Verum,
573 2725 679 2766 nihil
721 2733 787 2768 est
829 2727 949 2781 quod
989 2727 1073 2769 hoc
1115 2728 1293 2769 nomine
1334 2727 1460 2768 nobis
1501 2726 1559 2768 sit

92 2795 279 2837 molesta
300 2796 474 2849 delatio,
498 2797 711 2841 debemus
740 2801 856 2843 enim
887 2802 1035 2856 potius
1058 2801 1176 2854 apud
1206 2814 1285 2842 nos
1314 2801 1432 2855 ipsos
1454 2812 1554 2841 eum

482 2887 494 2907 ²
519 2888 620 2922 Grad.
644 2898 671 2923 1.
954 2889 968 2909 ²
992 2892 1090 2923 Prov.
1114 2898 1164 2922 11.
