1903 3197
460 163 538 208 De
569 161 814 207 moderata
849 162 1060 222 corporis
1094 177 1223 207 cura.
1476 174 1533 218 41
1546 174 1571 218 3

112 297 168 337 de
203 310 305 336 vera
339 295 616 348 virginitate:
655 292 933 344 “Corporis,'’
967 293 1117 344 inquit,
1152 294 1290 331 “cura
1326 291 1570 331 necessario

112 370 315 410 habenda
366 374 442 417 est,
486 381 573 408 non
624 366 758 420 ipsius
809 365 961 417 gratia,
1003 365 1080 404 sed
1132 372 1180 405 ut
1231 365 1406 405 servitio
1457 364 1571 404 illius

114 443 403 496 philosophiae
444 442 602 491 studio,
636 440 826 480 coelestis
867 439 1042 486 scilicet,
1079 438 1141 478 uti
1173 439 1400 491 possimus.
1481 439 1569 478 Im-

113 517 322 570 possibile
344 522 410 556 est
426 516 553 564 enim,
569 514 648 554 nisi
671 512 932 553 famulatum
955 513 1146 564 corporis
1169 511 1224 551 ad
1248 511 1572 564 philosophiam

114 590 494 643 obtemperantem
527 588 779 635 habeamus,
812 585 881 626 vel
913 585 1069 625 divinis
1098 584 1359 624 lectionibus
1391 597 1571 637 operam

113 664 230 712 dare,
280 662 347 703 vel
399 667 545 702 mente
596 661 639 700 in
690 673 870 712 corpore
921 672 1036 711 aegre
1089 658 1337 710 languente,
1386 658 1571 698 orationi

114 737 424 777 convenienter
473 735 680 774 insistere.
763 732 973 785 Quisquis
1015 731 1108 784 ejus
1159 731 1290 783 igitur
1341 731 1399 770 rei
1443 744 1576 771 causa

115 810 413 851 valetudinem
445 814 601 857 tuetur,
624 799 702 847 sua
733 807 864 847 laude
896 806 1055 858 dignus
1088 804 1188 845 est.”

203 884 362 933 Tertia,
387 883 490 935 quia
512 882 659 921 Divini
692 881 826 920 etiam
859 878 1058 931 obsequii
1089 884 1155 918 est
1188 883 1235 918 ut
1266 891 1345 918 nos
1378 878 1421 917 in
1454 877 1574 917 omni

114 958 321 1011 palaestra
370 958 580 997 virtutum
638 967 932 1001 exerceamus,
986 953 1273 1004 alacriterque
1330 964 1576 1004 pugnemus

116 1032 325 1073 adversus
352 1031 457 1071 vitia
486 1035 530 1069 et
562 1030 767 1069 adversus
808 1027 1024 1080 spiritales
1065 1026 1225 1074 hostes,
1257 1027 1330 1079 qui
1373 1039 1452 1065 nos
1484 1026 1577 1065 dies

116 1120 169 1147 ac
210 1111 361 1146 noctes
403 1116 659 1157 oppugnare
700 1115 787 1142 non
829 1101 1043 1141 desinunt.
1107 1099 1172 1140 At
1214 1100 1287 1152 qui
1328 1099 1580 1140 valetudine

119 1180 291 1219 infirma
328 1184 404 1227 est,
437 1191 523 1217 non
562 1177 695 1216 modo
723 1176 933 1215 virtutum
971 1173 1258 1226 acquisitione
1294 1173 1497 1226 privatur,
1531 1178 1581 1212 ut

120 1254 237 1293 idem
275 1251 459 1292 Basilius
496 1251 568 1299 ait,
603 1249 679 1290 sed
717 1249 849 1289 etiam
892 1254 1038 1300 partas
1075 1248 1249 1295 sensim,
1285 1247 1391 1287 dum
1429 1247 1583 1295 nescit,

119 1327 316 1367 amittit:
392 1324 553 1377 “Quia
615 1337 692 1376 per
754 1321 1104 1374 impedimenta,”
1168 1322 1320 1373 inquit,
1379 1321 1582 1360 “infirmi

120 1401 312 1452 corporis
364 1411 570 1451 pugnare,
621 1410 753 1449 seque
806 1397 861 1435 ad
914 1409 1034 1435 sacra
1087 1395 1326 1434 certamina
1377 1407 1583 1434 exercere

120 1472 373 1513 desuescit.'’
437 1471 569 1524 Quod
622 1470 852 1510 confirmat
905 1468 1092 1509 Sanctus
1146 1467 1381 1508 Diadocus
1451 1467 1584 1506 “Nec

123 1546 275 1595 enim,'’
300 1547 451 1599 inquit,
477 1544 685 1584 “infirmo
717 1556 899 1596 corpore
931 1542 1063 1581 debet
1095 1555 1189 1581 esse
1221 1541 1294 1593 qui
1326 1546 1475 1589 certat,
1506 1540 1583 1580 sed

121 1623 184 1662 ita
234 1621 371 1670 firmo,
414 1625 463 1659 ut
504 1618 762 1658 sustinendo
804 1615 1031 1656 certamini
1083 1629 1162 1667 par
1203 1628 1297 1654 esse
1345 1615 1493 1667 possit,
1538 1620 1586 1653 ut

123 1696 269 1735 anima
330 1694 462 1734 etiam
526 1691 749 1732 laboribus
808 1690 1000 1742 corporis
1051 1689 1361 1728 convenienter
1410 1687 1585 1740 purgari

125 1766 316 1821 queat.”1
380 1767 480 1806 Hoc
502 1766 632 1805 docet
654 1778 769 1813 usus,
792 1770 925 1815 atque
948 1763 1312 1814 experimentum.
1372 1760 1587 1800 Videmus

125 1842 242 1882 enim
275 1840 626 1886 valetudinarios,
663 1845 706 1878 et
740 1837 814 1889 qui
852 1837 1004 1876 morbo
1041 1836 1282 1888 praesertim
1320 1834 1589 1874 diuturniore

127 1915 391 1961 laborarunt,
411 1926 485 1952 eos
509 1925 627 1964 saepe
650 1924 736 1950 non
759 1923 913 1963 parum
937 1910 991 1948 de
1008 1909 1168 1948 virtute
1189 1921 1240 1947 ac
1262 1908 1414 1960 spiritu
1438 1907 1591 1959 deper-

129 1989 304 2036 didisse,
340 2001 499 2039 nempe
537 1985 782 2025 intermisso
823 1984 994 2023 virtutis
1031 1983 1188 2031 studio,
1221 1995 1318 2034 quae
1361 1987 1409 2021 ut
1449 1981 1590 2033 parari

131 2063 224 2103 sine
266 2062 441 2102 assidua
478 2060 793 2099 exercitatione
830 2071 916 2097 non
959 2062 1115 2109 potest,
1150 2057 1210 2096 ita
1252 2068 1305 2094 ne
1347 2055 1591 2095 conservari

121 2137 313 2189 quidem.

218 2210 397 2262 Quarta,
420 2209 523 2261 quia
555 2207 765 2246 Divinum
799 2205 931 2244 etiam
963 2203 1223 2255 obsequium
1257 2202 1396 2254 exigit
1422 2208 1470 2241 ut
1502 2215 1589 2241 non

128 2289 325 2324 nostram
363 2283 497 2322 modo
534 2280 721 2320 salutem
763 2293 812 2319 ac
853 2277 1166 2330 perfectionem
1203 2289 1462 2328 quaeramus,
1501 2276 1590 2324 sed,

129 2363 178 2397 ut
221 2356 419 2410 praecipit
458 2354 749 2395 Constitutio:
794 2352 1038 2404 “Impense
1070 2351 1203 2390 etiam
1236 2350 1278 2389 in
1311 2349 1496 2389 salutem
1539 2363 1589 2388 ac

129 2431 444 2483 perfectionem
466 2429 770 2482 proximorum
793 2423 1133 2465 incumbamus.”
1196 2423 1299 2462 Non
1321 2424 1437 2462 enim
1464 2423 1590 2462 nobis

129 2510 304 2543 tantum
347 2504 436 2543 nati
478 2515 639 2551 sumus,
676 2500 754 2540 sed
799 2506 919 2540 ortus
962 2497 1108 2547 nostri,
1146 2504 1192 2537 ut
1234 2496 1409 2536 dicebat
1451 2496 1588 2542 Plato,

133 2583 303 2631 partem
355 2577 437 2616 sibi
483 2576 677 2615 vindicat
726 2574 880 2626 patria,
931 2577 1145 2625 parentes
1196 2570 1459 2623 propinqui;
1512 2582 1590 2608 nos

130 2656 278 2691 autem
301 2650 509 2699 dicamus,
532 2648 723 2701 proximi
756 2647 918 2699 quique
945 2652 988 2685 et
1020 2658 1150 2685 omne
1180 2658 1318 2697 genus
1349 2643 1590 2689 hominum,

132 2736 317 2776 quorum
360 2722 489 2763 saluti
536 2728 578 2761 et
619 2721 855 2761 commodo
896 2719 1055 2759 servire
1107 2719 1180 2770 qui
1231 2729 1463 2770 possumus
1509 2715 1590 2754 nisi

128 2797 213 2850 ipsi
264 2801 381 2837 recte
421 2795 655 2844 valeamus,
697 2794 776 2834 sed
825 2793 971 2847 potius
1018 2805 1164 2832 servos
1212 2790 1346 2831 nostri
1397 2788 1589 2841 corporis

640 2883 654 2902 1
677 2885 731 2916 De
755 2883 840 2916 Pers.
862 2884 947 2925 Spir.
969 2893 996 2915 c.
1016 2881 1068 2923 48.
