1903 3197
227 171 277 217 vi
832 171 1008 233 Prcesa
1014 173 1090 218 tz'o.

229 304 563 368 cognitionem
623 321 893 368 earumque
958 306 1357 353 observationem
1424 305 1698 369 urgendam

229 387 351 434 alios
399 388 643 435 cohortari
692 400 952 451 oporteat:
1008 390 1171 437 caeteri
1219 401 1385 436 autem
1435 389 1698 436 Societatis

230 472 456 519 homines
532 471 755 536 diligenti
827 472 1003 520 horum
1074 473 1422 535 opusculorum
1486 472 1698 520 lectione

231 556 460 604 noverint
484 557 603 619 quid
637 557 963 619 perfectionis,
992 558 1110 620 quid
1145 558 1418 604 sanctitatis
1448 558 1700 620 requirant

232 639 625 688 Constitutiones
651 652 843 688 nostrae.
883 642 1168 688 “Homines
1188 642 1375 688 mundo
1400 639 1698 698 crucifixos,’'

228 725 423 787 scripsit
472 724 587 772 olim
636 725 685 771 in
735 725 1024 787 praefatione
1073 726 1244 788 primae
1288 725 1517 773 editionis
1567 726 1697 773 Con-

229 808 540 856 stitutionum
581 810 630 856 P.
656 810 871 871 Jacobus
920 810 1130 871 Laynez,
1166 809 1258 866 vel,
1297 820 1351 855 ut
1392 809 1471 857 alii
1509 820 1696 872 putant,

233 892 282 939 P.
318 893 494 939 Petrus
528 893 872 947 Ribadeneira,
907 900 997 940 “et
1031 893 1211 956 quibus
1245 894 1457 941 mundus
1493 894 1601 957 ipse
1636 894 1701 941 sit

229 976 489 1023 crucifixus
546 977 663 1023 vitae
724 987 904 1024 nostrze
965 978 1088 1024 ratio
1148 995 1238 1024 nos
1287 995 1395 1024 esse
1454 977 1698 1040 postulat3

229 1059 467 1116 homines,
530 1061 743 1123 inquam,
808 1077 977 1117 novos,
1028 1061 1112 1123 qui
1173 1061 1272 1107 suis
1332 1078 1386 1107 se
1443 1061 1699 1108 affectibus

228 1144 467 1200 exuerint,
508 1154 561 1190 ut
606 1143 858 1190 Christum
898 1145 1184 1201 induerent;
1240 1145 1332 1192 sibi
1375 1155 1608 1201 mortuos,
1646 1156 1701 1192 ut

222 1228 430 1291 justitiae
456 1227 716 1274 viverent:
755 1228 852 1290 qui,
881 1238 933 1274 ut
960 1228 1008 1275 S.
1035 1228 1214 1276 Paulus
1245 1230 1323 1285 ait,
1353 1229 1401 1275 in
1435 1229 1697 1287 laboribus,

228 1312 277 1357 in
321 1310 514 1374 vigiliis,
561 1311 609 1357 in
652 1311 866 1374 jejuniiS,
913 1312 960 1357 in
1010 1312 1245 1369 castitate,
1298 1313 1344 1359 in
1393 1313 1608 1369 scientia,
1649 1314 1700 1360 in

228 1395 616 1458 longanimitate,
667 1395 716 1441 in
765 1395 1022 1452 suavitate,
1075 1397 1122 1442 in
1173 1397 1358 1458 Spiritu
1409 1397 1604 1455 Sancto,
1650 1398 1699 1443 in

228 1479 466 1526 charitate
526 1496 625 1526 non
696 1478 819 1536 ficta,
873 1479 919 1525 in
980 1480 1134 1527 verbo
1193 1481 1427 1536 veritatis,
1484 1498 1537 1528 se
1600 1481 1698 1528 Dei

228 1563 480 1610 ministros
505 1562 800 1619 exhibeant;
838 1574 887 1610 et
921 1581 1009 1626 per
1041 1581 1176 1611 arma
1208 1565 1425 1627 justitiae,
1452 1582 1481 1612 a
1510 1565 1699 1612 dextris

229 1659 278 1695 et
326 1665 355 1695 a
403 1647 622 1703 sinistris,
672 1664 761 1710 per
818 1647 1025 1710 gloriam
1081 1659 1130 1695 et
1189 1649 1559 1712 ignobilitatem,
1609 1667 1699 1712 per

231 1733 483 1779 infamiam
532 1742 582 1778 et
628 1732 810 1778 bonam
860 1733 1054 1788 famam,
1087 1750 1174 1795 per
1209 1751 1447 1796 prospera
1483 1734 1699 1797 denique

231 1827 281 1864 et
318 1817 540 1872 adversa,
579 1816 772 1879 magnis
810 1816 1065 1863 itineribus
1101 1817 1164 1864 ad
1199 1817 1451 1865 coelestem
1489 1819 1698 1880 patriam

230 1912 279 1947 et
338 1900 432 1963 ipsi
492 1900 807 1956 contendant,
869 1912 918 1947 et
987 1900 1109 1948 alios
1169 1902 1330 1957 etiam,
1388 1919 1700 1965 quacumque

229 1995 439 2047 possunt
481 2002 576 2047 ope
618 1985 895 2047 studioque,
937 1985 1244 2048 compellant,
1290 1987 1554 2034 maximam
1601 1988 1696 2034 Dei

227 2068 435 2132 gloriam
473 2085 670 2130 semper
706 2068 995 2116 intuentes.”

333 2153 461 2200 Sunt
498 2152 603 2199 haec
637 2152 858 2214 profecto
891 2170 1084 2200 summa
1120 2164 1169 2200 et
1203 2154 1450 2216 praecipua
1479 2155 1696 2201 Instituti

229 2237 383 2284 nostri
411 2237 597 2299 capita;
636 2253 748 2299 quae
786 2237 832 2282 in
872 2237 928 2283 iis
954 2237 1213 2298 opusculis,
1241 2255 1352 2299 quae
1386 2238 1536 2285 modo
1564 2239 1697 2301 typis

230 2321 427 2368 edenda
469 2338 707 2376 curamus,
759 2338 939 2384 magna
980 2338 1041 2368 ex
1081 2333 1219 2383 parte
1256 2322 1411 2368 fusius
1459 2333 1509 2369 et
1556 2340 1697 2370 enuc-

227 2405 404 2452 leatius
430 2404 745 2467 explicantur.
813 2404 963 2465 Quod
990 2417 1154 2452 autem
1181 2423 1278 2452 non
1298 2406 1479 2453 fuerint
1504 2416 1696 2453 tantum

228 2490 277 2535 in
327 2489 578 2536 codicibus
627 2500 677 2535 et
728 2488 880 2535 Bullis
945 2489 1235 2536 Pontificum
1285 2490 1542 2552 descripta,
1592 2491 1693 2548 sed,

227 2573 363 2635 quod
411 2572 605 2635 plurimi
655 2573 867 2629 interest,
914 2573 961 2619 in
1011 2590 1152 2619 usum
1196 2584 1245 2620 et
1287 2574 1694 2621 consuetudinem

227 2657 453 2713 deducta,
492 2667 736 2704 testantur
776 2667 849 2704 tot
890 2657 980 2703 viri
1030 2657 1288 2704 sanctitate
1335 2657 1566 2720 insignes,
1610 2658 1696 2720 qui

228 2742 407 2803 quovis
466 2752 690 2804 ternpore
750 2741 797 2787 in
864 2741 1112 2788 Societate
1183 2741 1460 2797 floruerunt,
1523 2752 1573 2788 et
1630 2742 1696 2789 ad

228 2842 477 2872 summum
517 2825 811 2872 Christianae
859 2842 915 2872 ac
952 2824 1194 2888 religiosae
1241 2825 1556 2887 perfectionis
1592 2825 1693 2887 api-

230 2924 335 2955 cem
370 2927 432 2957 ex
469 2910 660 2973 integra
690 2909 906 2956 Instituti
938 2909 1297 2965 observatione,
1329 2909 1440 2956 Deo
1472 2910 1692 2973 juvante,
