1903 3197
572 146 640 193 In
675 146 894 209 Regulas
928 145 1192 192 Modesz‘z'ae
1522 148 1583 191 66
1590 160 1616 205 3

148 281 388 335 aliquando
422 286 569 320 tacere
602 280 732 333 culpa
765 293 853 320 non
887 285 1013 329 esset,
1051 279 1270 332 Propheta
1304 292 1391 319 non
1424 279 1615 319 diceret:

151 355 234 396 Vae
257 355 374 405 mihi,
399 355 502 407 quia
523 353 676 394 tacui.''
741 354 868 394 Isaiae
890 354 927 394 6.

238 429 436 470 Vitanda
487 434 554 469 est
614 428 747 480 igitur
812 428 948 468 nimia
996 428 1271 468 taciturnitas
1322 434 1510 481 quatuor
1561 429 1616 469 de

149 505 319 544 causis:
357 509 409 543 10.
434 501 551 556 Quia
579 516 697 554 saepe
729 508 855 554 urget
887 502 1095 554 loquendi
1128 503 1391 553 necessitas;
1424 516 1526 542 nam
1559 503 1616 542 ad

153 579 463 618 necessitatem
485 590 629 616 sermo
652 576 779 616 nobis
801 590 827 616 a
849 576 948 616 Deo
970 577 1099 616 datus
1122 583 1197 618 est.

243 658 297 691 20.
334 651 450 704 Quia
491 664 608 703 saepe
651 650 807 690 suadet
848 650 1067 690 charitas:
1114 664 1229 700 nam,
1271 664 1372 690 cum
1414 665 1492 703 per
1533 665 1618 691 ser-

152 739 330 766 monem
354 731 555 765 mutuum
578 724 902 776 conjungantur
923 725 1069 774 animi,
1092 724 1266 764 sublato
1288 725 1371 764 hoc
1393 725 1618 765 charitatis

149 798 429 847 adminiculo,
471 798 723 850 conjunctio
765 799 860 851 ipsa
901 798 1178 851 charitasque
1228 799 1391 852 pariter
1438 798 1615 839 tollitur.

151 873 370 927 Quocirca
402 886 564 925 magna
596 873 931 925 reprehensione
959 874 1080 926 digni
1111 879 1223 922 sunt,
1251 874 1325 926 qui
1352 873 1463 913 inter
1485 872 1618 913 collo-

150 948 351 987 cutiones
402 946 739 1000 pomeridianas,
782 961 881 999 quae
924 960 1012 987 non
1054 946 1196 987 solum
1243 947 1300 987 ad
1351 946 1618 987 relaxandos

152 1023 335 1071 animos,
354 1035 505 1061 verum
528 1022 662 1061 etiam
685 1021 741 1061 ad
764 1021 999 1061 fovendam
1023 1027 1223 1061 mutuam
1245 1021 1492 1061 animorum
1515 1035 1619 1061 con-

148 1095 424 1149 junctionem
463 1096 674 1135 institutae
712 1101 824 1145 sunt,
862 1095 1084 1135 silentium
1117 1095 1410 1135 arctissimum
1441 1101 1619 1136 tenent:

151 1184 232 1211 nec
268 1171 386 1210 enim
422 1169 541 1210 aliud
575 1176 876 1222 assequuntur,
911 1170 991 1209 nisi
1026 1176 1074 1209 ut
1108 1170 1254 1209 caeteri
1286 1170 1404 1222 ipsos
1433 1169 1616 1222 fugiant,

152 1250 287 1297 atque
322 1244 505 1284 oderint.
582 1242 730 1295 Quare
766 1244 998 1292 Climacus,
1024 1243 1154 1284 Grad.
1177 1255 1230 1294 4:
1265 1242 1441 1292 “Noli,’'
1465 1245 1619 1296 inquit,

151 1324 313 1372 praeter
344 1318 559 1358 rationem
593 1317 729 1367 silere,
753 1331 806 1357 ne
836 1332 894 1358 ex
923 1318 986 1357 tui
1018 1317 1178 1357 silentii
1209 1318 1492 1370 improbitate
1523 1317 1620 1358 aliis

150 1393 426 1442 turbationis,
465 1397 508 1432 et
550 1392 853 1432 amaritudinis
895 1398 1048 1432 auctor
1088 1392 1182 1433 siS.'’
1265 1392 1336 1433 Gr.
1379 1392 1435 1432 de
1477 1391 1618 1433 Obed.

152 1481 194 1520 P·
217 1476 243 1518 7
249 1477 284 1517 3·

240 1546 296 1592 30.
329 1540 527 1580 Vitanda
555 1545 621 1580 est
654 1540 929 1580 taciturnitas
965 1540 1111 1588 nimia,
1145 1554 1199 1580 ne
1229 1539 1470 1592 singulares
1498 1541 1618 1581 vide-

151 1629 288 1666 amur,
343 1615 466 1668 cujus
523 1615 582 1655 rei
634 1615 891 1667 exemplum
951 1615 1168 1655 habemus
1221 1615 1264 1654 in
1317 1615 1486 1655 actibus
1540 1614 1618 1655 Sti.

153 1690 386 1739 Francisci‚
425 1690 498 1742 qui
541 1690 661 1729 fratri
704 1690 879 1729 cuidam
922 1690 1119 1729 maxime
1155 1690 1374 1729 taciturno
1410 1689 1621 1742 praedixit

154 1764 500 1805 infelicissimum
523 1765 704 1804 exitum.
771 1764 891 1815 Lege
918 1764 961 1803 in
987 1764 1111 1816 Spec.
1135 1764 1453 1817 exemplorum.
1520 1765 1621 1806 Hoc

154 1840 272 1880 enim
306 1839 487 1892 perinde
520 1844 597 1887 est,
624 1851 675 1878 ac
709 1839 752 1877 in
785 1844 902 1878 coetu
935 1839 1160 1878 communi
1188 1838 1299 1878 velle
1333 1838 1428 1878 aliis
1462 1839 1621 1879 sancti-

155 1927 276 1954 orem
299 1913 447 1961 videri,
471 1918 515 1952 et
536 1912 580 1951 in
602 1912 824 1964 loquendo
848 1912 1172 1952 modestiorem.

240 1994 298 2039 40.
332 1987 529 2027 Vitanda
561 1993 627 2026 est
658 1987 791 2026 etiam
824 1986 880 2026 ad
914 1986 1148 2026 utilitatem
1180 1987 1271 2026 sive
1304 1987 1496 2039 corporis
1530 1987 1621 2027 sive

154 2063 301 2103 animi.
363 2061 569 2115 Corporis
592 2060 781 2113 quidem,
799 2061 902 2113 quia
923 2060 1143 2112 colloquia
1163 2060 1348 2100 honesta
1370 2061 1621 2101 exhilarant

154 2137 381 2178 hominem
408 2135 742 2188 jucundumque
770 2135 970 2185 reddunt,
994 2136 1112 2187 quod
1134 2135 1190 2174 ad
1220 2135 1430 2175 tuendam
1453 2135 1620 2177 valetu-

155 2212 306 2253 dinem
328 2211 446 2252 valet
468 2210 716 2263 plurimum.

244 2285 320 2326 Ad
354 2285 590 2325 utilitatem
613 2298 715 2324 vero
739 2285 985 2324 animorum
1006 2297 1015 2333 ;
1048 2289 1095 2323 ut
1117 2297 1217 2323 cum
1240 2283 1521 2335 corrigendus
1543 2290 1621 2325 aut

156 2360 465 2409 cohortandus,
500 2366 576 2400 aut
611 2359 917 2399 admonendus
953 2364 1019 2398 est
1053 2357 1193 2407 frater,
1228 2359 1471 2411 praesertim
1507 2360 1541 2399 si
1574 2360 1619 2400 id

157 2435 350 2475 muneris
391 2436 447 2475 ad
489 2448 569 2474 nos
610 2439 790 2486 spectat.
854 2433 1100 2485 Gregorius,
1143 2432 1167 2471 1.
1204 2441 1240 2483 7.
1278 2446 1383 2472 mor.
1422 2447 1454 2472 c.
1495 2433 1622 2474 ult0.:

158 2509 462 2562 “Plerumque
503 2509 631 2548 nimis
672 2508 830 2557 taciti‚”
874 2508 1025 2560 inquit,
1069 2507 1214 2546 “dum
1256 2507 1461 2559 quaedam
1504 2507 1622 2548 mala

158 2584 404 2637 respiciunt,
443 2589 487 2624 et
523 2589 673 2623 tamen
715 2583 758 2622 in
796 2582 969 2622 silentio
1011 2582 1206 2634 linguam
1248 2588 1455 2634 premunt
1496 2583 1621 2634 quasi

158 2658 403 2710 conspectis
444 2657 695 2697 vulneribus
727 2670 854 2696 usum
896 2656 1199 2696 medicaminis
1241 2655 1534 2706 subt1·ahunt;
1577 2662 1622 2697 et

157 2745 210 2773 eo
242 2732 396 2771 mortis
427 2737 626 2771 auctores
658 2730 780 2780 fiunt,
814 2744 901 2783 quo
933 2730 1049 2770 virus
1080 2729 1199 2782 quod
1230 2735 1435 2782 poterant
1469 2730 1624 2782 ejicere

162 2806 394 2859 loquendo,
427 2803 695 2845 noluerunt.''

248 2880 407 2920 Dices:
441 2878 508 2919 At
540 2878 761 2932 Propheta
792 2878 898 2918 dicit
929 2892 974 2918 se
1006 2892 1032 2918 a
1063 2878 1189 2918 bonis
1222 2877 1398 2918 siluisse.
