1903 3197
215 211 298 258 viii
820 213 1076 275 Praefatz'o.

222 344 409 392 nullum
444 347 728 395 muneribus
754 348 1072 395 constitutum
1098 346 1512 407 emolumentum3
1551 349 1683 398 nulla

219 430 470 478 contentio
514 448 624 493 quae
661 432 811 479 totius
854 432 1055 480 Ordinis
1088 432 1336 479 vinculum
1372 432 1452 481 vel
1494 432 1682 482 laxaret

217 513 297 561 vel
346 514 667 571 dissolveret;
722 515 854 563 nulla
899 517 1115 572 ambitio,
1158 516 1257 564 imo
1293 534 1412 564 vero
1461 518 1680 565 omnium

217 598 366 645 animi
416 599 477 646 ab
526 600 754 647 omnibus
806 601 1109 663 praefecturis
1167 600 1514 659 abhorrentes;
1575 619 1679 650 ora-

216 682 364 729 tionis
413 683 629 730 studium
677 701 734 730 ac
780 684 976 746 pietatis
1020 701 1270 746 nunquam
1319 685 1678 743 intermissum;

217 777 266 813 et
299 767 338 813 si
373 784 485 829 quae
519 778 632 814 sunt
663 767 769 823 alia,
796 785 908 830 quae
934 768 1207 815 enumerari
1237 779 1475 831 oporteat,
1502 770 1681 832 quibus

216 861 348 898 recte
382 852 617 899 institutae
651 851 937 899 sodalitates
971 852 1344 910 constituuntur,
1373 864 1521 916 atque
1555 855 1682 901 inter

217 952 270 982 se
297 936 592 998 quibusdam
619 937 757 998 quasi
783 936 1029 984 adstrictae
1054 936 1261 984 vinculis
1287 937 1653 986 continentur.”l

318 1021 427 1082 jam
464 1037 584 1067 vero
626 1020 732 1067 haec
780 1021 945 1068 omnia
993 1020 1177 1067 debent
1217 1021 1434 1068 animum
1476 1023 1679 1086 erigere,

218 1120 406 1166 nosque
466 1121 637 1150 omnes
691 1103 753 1150 ad
812 1104 1054 1166 majorum
1115 1115 1392 1152 nostrorum
1448 1107 1682 1154 sectanda

217 1188 428 1251 vestigia
477 1205 536 1234 eo
584 1187 928 1234 vehementius
976 1188 1187 1245 incitare,
1239 1206 1337 1252 quo
1384 1189 1541 1236 acrius
1588 1190 1682 1237 hoc

217 1282 440 1333 tempore
480 1271 861 1335 profligatissimi
910 1271 1160 1335 religionis
1197 1283 1246 1319 et
1282 1272 1428 1320 Sedis
1466 1273 1683 1336 Aposto-

217 1354 322 1401 licze
349 1355 516 1402 hostes
543 1355 590 1401 in
619 1354 923 1402 Catholicam
952 1354 1225 1403 Ecclesiam
1252 1366 1301 1403 et
1326 1356 1374 1402 in
1400 1357 1681 1405 universam

219 1439 519 1486 Societatem
554 1439 672 1501 Jesu
698 1438 800 1485 fere
825 1439 1007 1501 ubique
1042 1439 1264 1503 gentium
1302 1440 1676 1488 debacchantur.

222 1524 418 1571 Eodem
458 1523 607 1570 modo
644 1540 743 1585 quo
780 1523 1099 1570 sanctissimae
1139 1523 1389 1587 religionis
1432 1525 1680 1588 dogmata,

218 1607 366 1672 leges,
406 1608 614 1662 decreta,
654 1608 981 1664 caeremonias,
1021 1608 1297 1665 ministros;
1347 1609 1494 1656 etiam
1542 1610 1683 1656 Insti-

219 1703 380 1739 tutum
441 1703 674 1748 nostrum,
720 1693 1104 1749 constitutiones,
1149 1691 1355 1756 regulas,
1401 1693 1682 1750 ministeria,

220 1788 269 1823 et
308 1777 439 1839 ipsos
477 1777 738 1824 Societatis
775 1776 1011 1832 homines,
1051 1794 1149 1839 qua
1184 1794 1318 1832 voce,
1359 1794 1457 1839 qua
1492 1777 1686 1840 scriptis

222 1872 271 1908 et
331 1860 537 1923 publicis
596 1862 743 1908 etiam
803 1861 975 1908 edictis
1039 1861 1372 1923 proscindunt,
1434 1861 1683 1920 damnant,

222 1946 457 2007 omnique
506 1944 801 1992 contumelia
847 1945 1074 1993 afficiunt.
1152 1945 1287 2006 Quid
1326 1956 1491 1993 autem
1538 1945 1685 2009 glori-

224 2029 357 2076 osius
401 2030 542 2076 nobis
578 2030 799 2077 accidere
835 2040 1012 2092 potest,
1051 2031 1134 2092 qui
1185 2030 1366 2077 Christi
1416 2030 1687 2077 imitatores

223 2114 395 2165 effecti,
435 2131 581 2176 quam
625 2125 678 2160 ut
715 2113 929 2176 aliquam
973 2132 1082 2161 cum
1124 2113 1207 2161 illo
1254 2125 1444 2176 partem
1488 2115 1535 2160 in
1574 2132 1684 2177 pas—

221 2198 360 2245 sione
387 2198 655 2245 habeamus
677 2198 695 2244 ?
739 2198 791 2245 Si
819 2199 1042 2245 homines
1068 2199 1214 2261 hujus
1239 2198 1403 2245 saeculi
1432 2198 1684 2245 Christum

223 2283 465 2344 persecuti
503 2293 628 2337 sunt,
668 2293 717 2330 et
760 2300 848 2329 nos
891 2293 1276 2345 persequentur;
1318 2283 1433 2345 quia
1469 2300 1567 2329 non
1610 2293 1686 2329 est

224 2366 491 2429 discipulus
540 2384 688 2429 supra
735 2368 1033 2430 magistrum.
1136 2366 1470 2413 Inhaereamus
1517 2367 1684 2429 itaque

222 2450 415 2514 legibus
476 2451 807 2513 institutisque
867 2451 1077 2507 nostris;
1148 2461 1197 2497 et
1255 2461 1385 2497 recte
1443 2451 1684 2497 factorum

224 2535 521 2582 conscientia
570 2535 717 2582 erecti
766 2546 932 2582 nostra
982 2535 1262 2598 gradiamur
1316 2534 1397 2581 via
1443 2533 1681 2591 laetantes,

225 2619 457 2681 quoniam
495 2619 606 2665 ideo
632 2618 767 2681 digni
805 2619 957 2666 habiti
991 2636 1158 2665 sumus
1184 2617 1529 2665 contumeliam
1564 2619 1678 2681 pati.

327 2702 428 2749 Sed
465 2713 518 2749 ut
553 2703 615 2749 ad
652 2702 897 2765 opuscula,
925 2702 1055 2749 unde
1091 2702 1297 2765 digressi
1333 2719 1514 2758 sumus,
1549 2701 1686 2749 rede—

225 2804 396 2840 amus;
447 2786 553 2833 haec
601 2797 715 2833 sunt
756 2803 960 2834 numero
1002 2786 1385 2848 quatuordecim,
1426 2796 1476 2833 et
1516 2786 1684 2849 praeci-

225 2888 348 2933 puas
374 2871 640 2932 respiciunt
672 2870 1091 2917 Constitutionum
1115 2887 1171 2917 ac
1201 2869 1478 2932 regularum
1506 2879 1680 2932 partes.

570 2978 581 2997 1
606 2980 645 3009 In
669 2979 792 3020 praesat.
815 2979 956 3021 quadam
980 2990 1055 3010 mss.
1076 2979 1177 3020 ejusd.
1199 2979 1349 3010 auctoris.
