1903 3197
264 185 359 230 240
583 168 664 214 De
695 168 885 214 ratione
917 167 1109 214 vivendi
1143 167 1400 214 Socz'elatz's.

258 308 396 355 atque
437 300 638 341 utilitatis
679 299 933 348 admittunt,
978 304 1143 352 quanto
1186 299 1330 338 minus
1371 298 1466 347 hoc,
1511 299 1629 351 quod
1674 299 1726 338 εἰη

262 375 389 416 unius
421 374 557 427 patris
591 372 804 414 charitate
837 373 1079 413 fundatur?
1142 372 1262 424 Ergo
1297 372 1352 412 ad
1386 371 1471 412 hoc
1500 371 1726 412 fidelitatis

260 462 402 502 genus
443 461 524 488 nos
564 453 713 488 noster
754 448 882 487 Pater
922 447 1131 495 hortatur,
1175 460 1275 486 cum
1317 446 1444 498 jubet
1496 446 1594 485 Deo
1645 458 1725 486 nos

263 522 423 563 servire
474 528 518 562 et
568 521 742 574 placere
793 522 1030 561 dumtaxat
1080 526 1259 573 propter
1301 520 1394 571 ejus
1436 519 1726 568 charitatem;

264 596 440 646 scilicet,
479 602 707 648 tamquam
750 595 902 635 fideles
944 595 1061 634 Patri
1094 594 1398 633 amantissimo
1435 598 1568 644 atque
1602 597 1729 644 opta-

262 670 444 719 tissimo,
482 670 556 721 qui
588 675 773 721 paterna
810 681 913 720 erga
950 681 996 707 se
1032 673 1205 707 tantum
1243 667 1457 706 charitate
1495 665 1724 705 ducuntur.

265 744 326 784 Et
361 748 456 783 tum
493 742 673 782 demum
710 741 1000 781 rectissimum
1039 754 1113 781 cor
1149 746 1346 779 nostrum
1385 739 1477 787 erit,
1516 743 1559 777 et
1596 737 1726 777 fidele

263 830 411 857 coram
454 816 564 865 Deo,
600 815 712 855 sicut
753 815 809 855 de
850 813 1079 854 Abraham
1123 813 1309 853 dicitur:
1359 812 1611 852 “Invenisti
1654 824 1729 851 cor

265 890 359 942 ejus
407 888 536 929 fidele
584 901 730 928 coram
783 886 894 936 te,”l
937 900 1096 939 nempe
1147 893 1376 938 tamquam
1427 885 1514 934 filii,
1557 885 1630 937 qui
1683 884 1727 923 in

263 964 392 1003 rebus
429 962 632 1002 omnibus
668 961 844 1000 studeat
880 959 1052 1012 placere
1093 960 1217 1011 patri.
1298 959 1429 998 Hanc
1465 959 1726 998 fidelitatem

264 1037 310 1077 B.
337 1035 594 1075 Franciscus
630 1034 825 1087 optabat,
864 1046 964 1072 cum
1002 1032 1205 1072 dicebat:
1251 1033 1498 1071 “Peccator
1531 1031 1729 1083 jejunare

262 1115 422 1162 potest,
465 1122 598 1156 orare,
642 1107 862 1160 plangere,
913 1119 1177 1158 carnemque
1229 1105 1451 1158 propriam
1505 1110 1727 1155 mactare;

263 1182 347 1222 hoc
388 1182 530 1222 solum
574 1195 661 1220 non
703 1187 861 1233 potest,
899 1180 1095 1219 Domino
1137 1193 1216 1219 suo
1259 1192 1354 1218 6556
1395 1176 1602 1218 fidelis.'’‘2
1675 1177 1728 1216 In

263 1256 347 1296 hoc
390 1256 539 1307 itaque
581 1254 871 1307 gloriandum,
915 1254 949 1293 si
992 1267 1116 1293 suam
1161 1253 1355 1292 Domino
1397 1252 1581 1304 gloriam
1634 1251 1730 1290 red-

264 1330 422 1378 dimus,
458 1329 493 1368 si
527 1328 714 1368 fideliter
747 1327 983 1368 servientes
1021 1326 1110 1379 Ipsi
1145 1325 1359 1378 quidquid
1398 1326 1535 1365 donat
1569 1323 1730 1365 adscri-

265 1402 419 1442 bimus.

353 1476 564 1523 Tertium,
607 1474 725 1526 quod
769 1473 825 1513 ad
868 1478 1032 1512 rectam
1082 1473 1371 1513 intentionem
1415 1472 1573 1512 mentis
1614 1483 1729 1511 asse-

265 1548 488 1600 quendam
525 1547 653 1596 valet,
687 1546 957 1598 significatur
988 1546 1039 1585 iis
1073 1546 1412 1586 Constitutionis
1447 1545 1615 1584 verbis:
1647 1548 1730 1583 “et

265 1621 429 1662 eximia
472 1620 684 1660 beneficia
726 1620 885 1671 quibus
928 1619 1139 1672 praevenit
1181 1617 1295 1658 nos.''
1358 1618 1474 1658 Nam
1517 1618 1551 1657 si
1594 1630 1725 1669 quem

266 1696 409 1735 minus
445 1700 593 1733 movet
628 1693 792 1732 eximia
830 1693 913 1732 Dei
952 1693 1139 1732 charitas
1172 1706 1259 1744 qua
1296 1705 1375 1731 nos
1409 1691 1724 1743 complectitur,

265 1774 310 1808 et
352 1768 475 1819 cujus
518 1768 645 1806 unius
688 1780 829 1814 causa,
873 1765 1046 1805 sublata
1092 1765 1225 1805 etiam
1267 1765 1386 1804 omni
1428 1778 1506 1817 spe
1547 1765 1727 1817 praemii,

267 1846 482 1894 perpetuo
507 1840 545 1879 ei
569 1840 845 1879 serviendum
869 1845 911 1879 et
933 1839 1197 1891 placendum
1221 1844 1353 1887 esset3
1377 1844 1584 1878 moveant
1606 1838 1729 1877 illum

264 1914 422 1955 saltem
462 1914 638 1966 egregia
676 1913 898 1961 beneficia,
923 1926 1022 1964 quae
1060 1926 1117 1951 ex
1154 1917 1280 1951 tanto
1313 1910 1535 1951 charitatis
1571 1911 1726 1951 ardore

267 1990 309 2028 in
344 2001 424 2027 nos
457 1987 653 2040 profecta
685 1993 796 2026 sunt.
860 1986 962 2026 Non
995 1987 1111 2026 enim
1145 1986 1228 2025 Dei
1261 1985 1449 2025 charitas
1481 1986 1622 2025 otiosa
1652 1991 1729 2035 est,

268 2061 345 2102 sed
379 2075 436 2100 ex
469 2074 515 2100 se
547 2061 661 2113 parit
694 2059 1029 2099 innumerabilia
1061 2059 1103 2097 in
1136 2072 1221 2107 eos,
1260 2072 1370 2110 quos
1407 2058 1559 2110 diligit,
1598 2059 1728 2098 bene-

268 2134 377 2174 ficia.
440 2134 540 2185 Jam
575 2134 609 2173 si
648 2133 822 2173 eximiis
859 2146 937 2172 nos
975 2131 1196 2171 beneficiis
1232 2132 1479 2181 antevertit,
1508 2131 1579 2183 jus
1615 2131 1727 2183 grati

267 2207 402 2247 animi
437 2207 576 2259 exigit
610 2212 657 2246 ut
688 2207 745 2246 ob
777 2219 828 2245 ea
860 2205 1014 2245 saltem
1047 2203 1259 2244 beneficia
1290 2204 1448 2244 servire
1481 2211 1523 2244 et
1554 2204 1727 2257 placere

269 2280 362 2331 ejus
397 2280 595 2328 bonitati,
631 2279 750 2318 nulla
785 2278 974 2318 utilitate
1007 2278 1202 2330 quaesita,
1238 2277 1503 2326 studeamus,
1579 2278 1728 2318 Perso-

266 2354 360 2393 luta
394 2359 460 2392 est
495 2353 610 2392 enim
645 2352 812 2392 affatim
843 2352 936 2403 jam
970 2352 1116 2391 studio
1146 2358 1305 2399 nostro,
1330 2357 1374 2391 et
1399 2351 1594 2391 servituti
1629 2364 1728 2391 nos-

268 2431 347 2465 trae
371 2439 539 2465 merces
561 2426 922 2465 antecedentibus
944 2425 1164 2465 beneficiis
1182 2438 1191 2474 3
1212 2424 1463 2476 “Quoniam
1488 2424 1590 2476 Ipse
1611 2424 1728 2476 prior

275 2498 434 2538 dilexit
460 2499 574 2547 nos,”
597 2499 789 2550 Joannes
821 2497 990 2550 inquit.3
1052 2499 1121 2548 Et,
1144 2504 1192 2538 ut
1220 2497 1438 2550 intelligas
1460 2498 1565 2549 quid
1598 2510 1729 2549 pepe-

270 2572 373 2612 rerit
410 2572 483 2611 illa
520 2572 707 2620 dilectio,
744 2572 893 2612 statim
931 2572 1080 2612 addit:
1114 2573 1211 2612 “Et
1242 2572 1360 2611 misit
1397 2571 1558 2611 Filium
1600 2583 1727 2610 suum

270 2645 629 2698 propitiationem
682 2659 760 2698 pro
810 2646 1000 2698 peccatis
1052 2644 1243 2685 nostris.”
1329 2645 1447 2684 Hinc
1499 2645 1540 2685 S.
1581 2643 1729 2683 David

271 2718 517 2759 divinorum
540 2732 627 2758 non
654 2720 886 2758 immemor
911 2718 1242 2759 beneficiorum:
1267 2721 1288 2738 “
1306 2716 1551 2767 Inclinavi‚”
1575 2716 1727 2769 inquit,

272 2794 381 2832 “cor
406 2805 553 2831 meum
584 2793 639 2832 ad
672 2791 894 2832 faciendas
920 2791 1256 2844 justificationes
1278 2798 1387 2841 tuas,
1410 2796 1589 2844 propter
1610 2789 1730 2830 retri-

387 2879 401 2900 1
423 2888 453 2913 2.
475 2882 569 2915 Esdr.
590 2890 620 2922 9.
754 2879 767 2899 ²
793 2881 974 2914 Bonavent.
992 2881 1026 2913 in
1043 2881 1130 2915 Vita.
1152 2891 1178 2914 c.
1199 2881 1229 2914 6.
1365 2879 1380 2900 3
1405 2888 1432 2914 1.
1451 2880 1549 2922 Joan.
1568 2888 1600 2921 4.
