1903 3197
269 174 330 218 24
547 157 626 202 De
663 156 1077 203 Constz'tm‘z'onum
1117 154 1465 202 Observatione.

263 298 424 333 rentur.
500 290 602 330 Hoc
653 295 802 330 autem
855 289 1088 337 faciebant,
1123 288 1333 340 quoniam
1379 286 1598 326 Dominus
1641 300 1739 326 cum

265 366 459 406 dedisset
489 364 704 404 mandata
733 364 843 416 legis
872 377 953 416 per
982 363 1183 415 Moysen,
1207 363 1262 402 ad
1294 367 1545 401 extremum
1569 359 1741 400 intulit:

268 439 488 491 “Ligabis
522 452 573 477 ea
611 438 654 476 in
692 451 825 477 manu
862 442 949 485 tua,
985 443 1029 476 et
1066 441 1192 475 erunt
1230 436 1416 474 immota
1452 439 1555 474 ante
1592 433 1742 473 oculos

382 511 401 527 ¹2

265 519 377 553 tuos.
466 512 568 564 Quo
606 511 894 564 significabat,
932 516 1155 563 praecepta
1193 509 1286 561 ejus
1323 521 1455 561 opere
1492 521 1586 547 esse
1623 521 1741 547 com-

265 586 441 639 plenda,
479 586 563 625 hoc
607 592 672 625 est
710 586 838 634 enim,
880 585 931 624 In
974 597 1106 624 manu
1145 590 1220 623 tua
1258 583 1442 635 ligabis;
1496 581 1741 633 eademque

266 660 337 701 die
373 674 425 701 ac
462 666 591 700 nocte
629 659 895 709 meditanda,
934 658 1053 710 quod
1092 663 1168 706 cst,
1206 656 1328 697 Ante
1366 655 1516 696 oculos
1554 656 1738 695 immota

264 734 459 774 habebis.
531 733 619 774 Sed
645 732 853 772 Pharisaei
887 732 1053 771 nudam
1077 735 1297 770 sectantes
1319 729 1504 777 literam,
1529 730 1737 782 scriptam

266 807 327 847 illi
370 808 549 860 quidem
593 806 828 859 gestabant
871 811 974 845 ante
1014 805 1165 845 oculos
1208 804 1364 857 legem,
1414 817 1547 856 opere
1589 808 1738 843 autem

246 895 356 922 >non
389 881 644 934 implebant.
709 878 911 932 Quorum
944 892 1215 932 magnopere
1246 892 1271 918 a
1302 877 1428 917 nobis
1458 876 1654 918 cavenda
1677 883 1742 917 est

269 955 485 1006 imitati03
529 968 583 994 ne
616 967 766 994 eorum
805 966 926 993 more
961 952 1313 993 Constitutiones
1346 965 1396 991 ac
1434 951 1607 1003 regulas
1639 950 1744 990 solis

266 1036 441 1070 tantum
472 1029 675 1069 manibus
707 1033 984 1067 conterentes
1008 1033 1051 1066 et
1074 1026 1192 1078 apud
1227 1039 1306 1065 nos
1338 1025 1565 1072 habentes,
1591 1038 1740 1064 earum

267 1109 481 1156 praeterea
513 1116 641 1142 usum
674 1101 1139 1151 exercitationemque,
1174 1113 1271 1151 quae
1296 1098 1498 1138 lectionis
1532 1104 1597 1138 est
1634 1097 1743 1146 finis,

270 1177 560 1229 negligamus.

357 1250 570 1290 Alterum·
587 1250 643 1290 ad
667 1248 904 1289 servandas
929 1247 1278 1288 Constitutiones
1302 1262 1359 1286 ex
1387 1247 1493 1300 ipsis
1518 1246 1746 1286 Constitu-

270 1325 463 1365 tionibus
487 1324 710 1379 auxilium¹
737 1329 803 1362 est
825 1322 1089 1375 poenitentia
1116 1321 1273 1373 aliqua,
1297 1334 1398 1360 cum
1431 1334 1511 1360 nos
1534 1334 1607 1360 eas
1630 1320 1746 1360 male

272 1398 516 1438 custodisse
534 1396 917 1450 deprehendimus.
954 1395 1027 1436 Sic
1051 1395 1167 1434 enim
1191 1395 1315 1435 aiunt
1340 1394 1487 1435 Const.
1511 1394 1552 1434 P.
1576 1406 1610 1445 3.
1630 1408 1662 1434 c.
1686 1405 1716 1434 Ι.
1738 1408 1745 1434 ;

273 1472 563 1524 “Aliquoties
598 1456 782 1523 singulis
816 1470 942 1510 annis
976 1483 1129 1509 omnes
1163 1483 1187 1509 a
1222 1469 1456 1521 Superiore
1488 1468 1571 1508 sibi
1603 1469 1745 1521 poeni-

273 1546 434 1585 tentias
468 1544 637 1596 injungi
671 1550 851 1596 propter
879 1542 1100 1583 defectum
1124 1542 1442 1582 observationis
1474 1541 1745 1594 Regularum

272 1617 462 1672 petant.’'
517 1618 647 1658 Certe
677 1617 843 1657 nullam
874 1617 1006 1656 aliam
1036 1617 1094 1656 ob
1123 1630 1302 1656 causam
1336 1617 1379 1655 id
1411 1616 1567 1656 statuit
1599 1622 1747 1655 noster

275 1693 414 1741 Pater,
449 1692 529 1732 nisi
568 1699 615 1731 ut
644 1692 931 1731 ostendamus
969 1691 1172 1730 interiore
1204 1690 1468 1743 poenitentia
1499 1690 1610 1738 duci,
1644 1702 1741 1728 cum

274 1766 447 1819 regulas
481 1765 699 1822 violamus
738 1765 950 1817 (alioquin
992 1765 1113 1817 parvi
1157 1763 1286 1804 refert
1321 1764 1584 1803 exteriorem
1618 1763 1744 1802 dum-

271 1846 401 1880 taxat
424 1840 642 1892 suscipere
674 1838 1014 1891 poenitentfflm),
1039 1853 1095 1878 ex
1129 1852 1269 1890 eaque
1301 1839 1617 1878 documentum
1648 1837 1744 1889 capi

273 1914 414 1967 possit
450 1914 587 1953 nostri
624 1927 889 1965 progressus.
970 1913 1029 1952 Et
1068 1912 1228 1952 idcirco
1262 1912 1464 1952 subditur
1494 1912 1537 1951 in
1572 1911 1744 1952 Consti-

276 1989 477 2028 tutione:
516 1987 618 2028 “Ut
654 1987 749 2026 haec
786 2001 888 2027 cura
921 1987 976 2026 sit
1019 1987 1134 2026 illius
1167 1987 1387 2035 indicium,
1412 1999 1545 2037 quam
1579 1986 1634 2025 de
1666 1999 1746 2025 suo

276 2062 474 2115 profectu
508 2061 721 2114 spirituali
755 2062 940 2112 quisque
970 2061 1103 2100 habet
1122 2061 1167 2100 ”z
1200 2061 1274 2112 qui
1304 2066 1451 2099 autem
1484 2060 1746 2112 poenitentia

276 2136 480 2176 interiore
513 2135 694 2183 ducitur,
718 2135 1075 2174 emendationem
1109 2135 1151 2173 in
1180 2139 1404 2186 posterum
1434 2134 1599 2181 statuit,
1624 2134 1741 2185 quod

279 2209 335 2249 ad
361 2209 738 2249 Constitutionum
761 2208 1113 2247 observationem
1136 2207 1253 2247 valet
1275 2206 1522 2259 plurimum.

367 2283 499 2323 Porro
534 2283 616 2322 hoc
643 2283 761 2335 quod
797 2283 978 2335 singulis
1011 2282 1136 2321 annis
1165 2282 1396 2334 aliquoties
1430 2281 1521 2322 fieri
1551 2282 1740 2334 jubetur,

279 2364 327 2398 ut
358 2371 436 2411 pro
459 2357 698 2409 negligenti
732 2357 978 2409 regularum
1011 2357 1316 2396 observatione
1347 2369 1480 2408 poena
1507 2363 1739 2408 quaeratur,

279 2444 367 2471 non
405 2431 602 2470 universe
638 2436 812 2470 tantum
849 2430 1182 2482 generatimque
1218 2429 1523 2482 accipiendum
1556 2429 1739 2478 videtur,

275 2518 428 2544 verum
461 2505 593 2544 etiam
632 2504 893 2543 nominatim
931 2517 1029 2542 cum
1069 2503 1337 2543 Constitutio
1375 2502 1521 2555 aliqua
1542 2502 1739 2543 violatur.

277 2578 616 2619 Observantiam
651 2584 799 2618 autem
838 2577 1159 2625 mandatorum,
1192 2577 1237 2616 B.
1260 2577 1385 2616 Isaac
1419 2577 1570 2628 inquit,
1601 2578 1742 2629 poeni-

275 2654 414 2693 tentia
464 2653 578 2705 parit
603 2650 633 2691 ;1
685 2652 873 2703 ideoque
920 2657 985 2690 est
1027 2651 1158 2690 etiam
1207 2650 1356 2703 regula
1409 2651 1456 2691 B.
1502 2651 1738 2700 Pachomii,

276 2726 571 2779 corripiendos
607 2739 700 2765 esse
732 2725 805 2777 qui
838 2730 1128 2764 contemnunt
1151 2724 1401 2764 monasterii
1434 2724 1615 2777 regulas,
1640 2738 1738 2777 quae

278 2799 361 2839 Dei
413 2806 636 2853 praecepto
687 2799 925 2839 constituta
971 2804 1083 2847 sunt,
1127 2798 1267 2838 donec
1318 2799 1598 2851 corrigantur.
1682 2798 1741 2839 Et

911 2887 922 2906 ¹
948 2889 1029 2929 Reg.
1051 2896 1102 2928 91.
