<?xml version="1.0" encoding="UTF-8"?>
<!DOCTYPE html PUBLIC "-//W3C//DTD XHTML 1.0 Transitional//EN"
    "http://www.w3.org/TR/xhtml1/DTD/xhtml1-transitional.dtd">
<html xmlns="http://www.w3.org/1999/xhtml" xml:lang="en" lang="en">
 <head>
  <title>
</title>
<meta http-equiv="Content-Type" content="text/html;charset=utf-8" />
  <meta name='ocr-system' content='tesseract 3.04.00' />
  <meta name='ocr-capabilities' content='ocr_page ocr_carea ocr_par ocr_line ocrx_word'/>
</head>
<body>
  <div class='ocr_page' id='page_1' title='image "./nicolaiorlandini00orla_0217.png"; bbox 0 0 1903 3197; ppageno 0'>
   <div class='ocr_carea' id='block_1_1' title="bbox 388 131 1538 186">
    <p class='ocr_par' dir='ltr' id='par_1_1' title="bbox 388 131 1538 186">
     <span class='ocr_line' id='line_1_1' title="bbox 388 131 1538 186; baseline -0.006 -6"><span class='ocrx_word' id='word_1_1' title='bbox 388 134 466 181; x_wconf 76' lang='lat' dir='ltr'>De</span> <span class='ocrx_word' id='word_1_2' title='bbox 499 131 848 180; x_wconf 65' lang='lat' dir='ltr'>antevertendis</span> <span class='ocrx_word' id='word_1_3' title='bbox 884 131 1232 178; x_wconf 74' lang='lat' dir='ltr'>lenlalz&#39;om‘bus.</span> <span class='ocrx_word' id='word_1_4' title='bbox 1449 143 1464 173; x_wconf 93' lang='lat'>1</span> <span class='ocrx_word' id='word_1_5' title='bbox 1477 139 1538 186; x_wconf 81' lang='lat'>97</span> 
     </span>
    </p>
   </div>
   <div class='ocr_carea' id='block_1_2' title="bbox 55 259 1543 2907">
    <p class='ocr_par' dir='ltr' id='par_1_2' title="bbox 74 259 1541 686">
     <span class='ocr_line' id='line_1_2' title="bbox 79 259 1540 318; baseline -0.007 -9"><span class='ocrx_word' id='word_1_6' title='bbox 79 270 194 309; x_wconf 87' lang='lat' dir='ltr'>Nam</span> <span class='ocrx_word' id='word_1_7' title='bbox 228 274 271 309; x_wconf 85' lang='lat' dir='ltr'>et</span> <span class='ocrx_word' id='word_1_8' title='bbox 304 268 348 308; x_wconf 86' lang='lat' dir='ltr'>B.</span> <span class='ocrx_word' id='word_1_9' title='bbox 372 268 533 315; x_wconf 87' lang='lat' dir='ltr'>Petrus,</span> <span class='ocrx_word' id='word_1_10' title='bbox 563 265 636 318; x_wconf 87' lang='lat' dir='ltr'>qui</span> <span class='ocrx_word' id='word_1_11' title='bbox 668 263 940 316; x_wconf 81' lang='lat' dir='ltr'>vigilandum</span> <span class='ocrx_word' id='word_1_12' title='bbox 974 269 1134 312; x_wconf 89' lang='lat' dir='ltr'>monet,</span> <span class='ocrx_word' id='word_1_13' title='bbox 1162 261 1280 314; x_wconf 89' lang='lat' dir='ltr'>quod</span> <span class='ocrx_word' id='word_1_14' title='bbox 1313 259 1419 301; x_wconf 91' lang='lat' dir='ltr'>nihil</span> <span class='ocrx_word' id='word_1_15' title='bbox 1451 260 1540 300; x_wconf 88' lang='lat' dir='ltr'>fere</span> 
     </span>
     <span class='ocr_line' id='line_1_3' title="bbox 77 334 1539 395; baseline -0.008 -11"><span class='ocrx_word' id='word_1_16' title='bbox 77 344 195 384; x_wconf 83' lang='lat' dir='ltr'>aliud</span> <span class='ocrx_word' id='word_1_17' title='bbox 227 348 291 383; x_wconf 89' lang='lat' dir='ltr'>est</span> <span class='ocrx_word' id='word_1_18' title='bbox 323 354 456 395; x_wconf 89' lang='lat' dir='ltr'>quam</span> <span class='ocrx_word' id='word_1_19' title='bbox 489 339 755 380; x_wconf 75' lang='lat' dir='ltr'>tentationes</span> <span class='ocrx_word' id='word_1_20' title='bbox 786 343 1068 385; x_wconf 77' lang='lat' dir='ltr'>antevertere,</span> <span class='ocrx_word' id='word_1_21' title='bbox 1098 335 1326 376; x_wconf 87' lang='lat' dir='ltr'>resistendi</span> <span class='ocrx_word' id='word_1_22' title='bbox 1357 334 1539 374; x_wconf 91' lang='lat' dir='ltr'>modum</span> 
     </span>
     <span class='ocr_line' id='line_1_4' title="bbox 77 409 1541 470; baseline -0.006 -13"><span class='ocrx_word' id='word_1_23' title='bbox 77 417 290 470; x_wconf 84' lang='lat' dir='ltr'>adjungit,</span> <span class='ocrx_word' id='word_1_24' title='bbox 314 429 413 455; x_wconf 90' lang='lat' dir='ltr'>cum</span> <span class='ocrx_word' id='word_1_25' title='bbox 436 415 522 454; x_wconf 90' lang='lat' dir='ltr'>ait:</span> <span class='ocrx_word' id='word_1_26' title='bbox 559 417 579 433; x_wconf 90' lang='lat'><strong>“</strong></span> <span class='ocrx_word' id='word_1_27' title='bbox 596 412 817 461; x_wconf 89' lang='lat' dir='ltr'>Resistite,</span> <span class='ocrx_word' id='word_1_28' title='bbox 841 410 973 451; x_wconf 87' lang='lat' dir='ltr'>fortes</span> <span class='ocrx_word' id='word_1_29' title='bbox 1001 411 1043 450; x_wconf 90' lang='lat' dir='ltr'>in</span> <span class='ocrx_word' id='word_1_30' title='bbox 1066 409 1187 450; x_wconf 82' lang='lat' dir='ltr'>fide.&#39;&#39;</span> <span class='ocrx_word' id='word_1_31' title='bbox 1232 409 1291 449; x_wconf 87' lang='lat' dir='ltr'>Et</span> <span class='ocrx_word' id='word_1_32' title='bbox 1314 409 1423 449; x_wconf 83' lang='lat' dir='ltr'>ratio</span> <span class='ocrx_word' id='word_1_33' title='bbox 1447 409 1541 461; x_wconf 87' lang='lat' dir='ltr'>ipsa</span> 
     </span>
     <span class='ocr_line' id='line_1_5' title="bbox 74 483 1541 541; baseline -0.007 -10"><span class='ocrx_word' id='word_1_34' title='bbox 74 491 304 531; x_wconf 81' lang='lat' dir='ltr'>videbatur</span> <span class='ocrx_word' id='word_1_35' title='bbox 338 490 431 529; x_wconf 76' lang='lat' dir='ltr'>haec</span> <span class='ocrx_word' id='word_1_36' title='bbox 471 500 660 541; x_wconf 87' lang='lat' dir='ltr'>poscere,</span> <span class='ocrx_word' id='word_1_37' title='bbox 691 486 793 538; x_wconf 88' lang='lat' dir='ltr'>quia</span> <span class='ocrx_word' id='word_1_38' title='bbox 830 491 979 538; x_wconf 88' lang='lat' dir='ltr'>posset</span> <span class='ocrx_word' id='word_1_39' title='bbox 1011 484 1108 536; x_wconf 86' lang='lat' dir='ltr'>quis</span> <span class='ocrx_word' id='word_1_40' title='bbox 1141 483 1365 522; x_wconf 78' lang='lat' dir='ltr'>contrariis</span> <span class='ocrx_word' id='word_1_41' title='bbox 1399 488 1541 521; x_wconf 86' lang='lat' dir='ltr'>tenta-</span> 
     </span>
     <span class='ocr_line' id='line_1_6' title="bbox 74 559 1539 611; baseline -0.008 -7"><span class='ocrx_word' id='word_1_42' title='bbox 74 565 245 604; x_wconf 83' lang='lat' dir='ltr'>tionum</span> <span class='ocrx_word' id='word_1_43' title='bbox 289 563 492 603; x_wconf 77' lang='lat' dir='ltr'>remediis</span> <span class='ocrx_word' id='word_1_44' title='bbox 529 561 796 600; x_wconf 82' lang='lat' dir='ltr'>tentationes</span> <span class='ocrx_word' id='word_1_45' title='bbox 835 559 950 611; x_wconf 85' lang='lat' dir='ltr'>ipsas</span> <span class='ocrx_word' id='word_1_46' title='bbox 994 562 1274 604; x_wconf 75' lang='lat' dir='ltr'>antevertere,</span> <span class='ocrx_word' id='word_1_47' title='bbox 1311 561 1354 594; x_wconf 91' lang='lat' dir='ltr'>et</span> <span class='ocrx_word' id='word_1_48' title='bbox 1391 561 1539 594; x_wconf 89' lang='lat' dir='ltr'>tamen</span> 
     </span>
     <span class='ocr_line' id='line_1_7' title="bbox 78 633 961 686; baseline -0.008 -8"><span class='ocrx_word' id='word_1_49' title='bbox 78 638 137 686; x_wconf 87' lang='lat' dir='ltr'>iis,</span> <span class='ocrx_word' id='word_1_50' title='bbox 168 651 265 678; x_wconf 88' lang='lat' dir='ltr'>cum</span> <span class='ocrx_word' id='word_1_51' title='bbox 301 635 571 683; x_wconf 81' lang='lat' dir='ltr'>accesserint,</span> <span class='ocrx_word' id='word_1_52' title='bbox 601 634 717 673; x_wconf 86' lang='lat' dir='ltr'>laute</span> <span class='ocrx_word' id='word_1_53' title='bbox 753 633 961 673; x_wconf 81' lang='lat' dir='ltr'>resistere.</span> 
     </span>
    </p>

    <p class='ocr_par' dir='ltr' id='par_1_3' title="bbox 74 703 1543 1711">
     <span class='ocr_line' id='line_1_8' title="bbox 166 703 1538 764; baseline -0.007 -13"><span class='ocrx_word' id='word_1_54' title='bbox 166 710 430 764; x_wconf 88' lang='lat' dir='ltr'>Respondeo</span> <span class='ocrx_word' id='word_1_55' title='bbox 463 708 703 761; x_wconf 84' lang='lat' dir='ltr'>dupliciter.</span> <span class='ocrx_word' id='word_1_56' title='bbox 780 707 986 754; x_wconf 87' lang='lat' dir='ltr'>Primum,</span> <span class='ocrx_word' id='word_1_57' title='bbox 1025 706 1128 757; x_wconf 89' lang='lat' dir='ltr'>quia</span> <span class='ocrx_word' id='word_1_58' title='bbox 1168 704 1251 744; x_wconf 92' lang='lat' dir='ltr'>hoc</span> <span class='ocrx_word' id='word_1_59' title='bbox 1293 703 1388 755; x_wconf 88' lang='lat' dir='ltr'>ipso</span> <span class='ocrx_word' id='word_1_60' title='bbox 1421 703 1538 755; x_wconf 83' lang='lat' dir='ltr'>quod</span> 
     </span>
     <span class='ocr_line' id='line_1_9' title="bbox 75 776 1536 831; baseline -0.007 -6"><span class='ocrx_word' id='word_1_61' title='bbox 75 785 361 826; x_wconf 86' lang='lat' dir='ltr'>antevertitur</span> <span class='ocrx_word' id='word_1_62' title='bbox 377 783 575 831; x_wconf 83' lang='lat' dir='ltr'>tentatio,</span> <span class='ocrx_word' id='word_1_63' title='bbox 593 781 824 822; x_wconf 83' lang='lat' dir='ltr'>facillimus</span> <span class='ocrx_word' id='word_1_64' title='bbox 848 779 1075 819; x_wconf 86' lang='lat' dir='ltr'>resistendi</span> <span class='ocrx_word' id='word_1_65' title='bbox 1101 779 1259 818; x_wconf 88' lang='lat' dir='ltr'>modus</span> <span class='ocrx_word' id='word_1_66' title='bbox 1281 776 1536 817; x_wconf 76' lang='lat' dir='ltr'>ostenditur.</span> 
     </span>
     <span class='ocr_line' id='line_1_10' title="bbox 76 850 1537 911; baseline -0.006 -13"><span class='ocrx_word' id='word_1_67' title='bbox 76 858 195 911; x_wconf 76' lang='lat' dir='ltr'>Quid</span> <span class='ocrx_word' id='word_1_68' title='bbox 230 858 344 897; x_wconf 88' lang='lat' dir='ltr'>enim</span> <span class='ocrx_word' id='word_1_69' title='bbox 378 856 540 908; x_wconf 78' lang='lat' dir='ltr'>negotii</span> <span class='ocrx_word' id='word_1_70' title='bbox 575 861 651 905; x_wconf 91' lang='lat' dir='ltr'>est,</span> <span class='ocrx_word' id='word_1_71' title='bbox 679 862 753 895; x_wconf 88' lang='lat' dir='ltr'>aut</span> <span class='ocrx_word' id='word_1_72' title='bbox 786 854 926 894; x_wconf 86' lang='lat' dir='ltr'>carnis</span> <span class='ocrx_word' id='word_1_73' title='bbox 949 853 1163 905; x_wconf 75' lang='lat' dir='ltr'>voluptati</span> <span class='ocrx_word' id='word_1_74' title='bbox 1196 852 1404 899; x_wconf 89' lang='lat' dir='ltr'>resistere,</span> <span class='ocrx_word' id='word_1_75' title='bbox 1429 851 1462 890; x_wconf 88' lang='lat' dir='ltr'>si</span> <span class='ocrx_word' id='word_1_76' title='bbox 1496 850 1537 889; x_wconf 91' lang='lat' dir='ltr'>in</span> 
     </span>
     <span class='ocr_line' id='line_1_11' title="bbox 76 927 1540 973; baseline -0.007 0"><span class='ocrx_word' id='word_1_77' title='bbox 76 946 127 973; x_wconf 83' lang='lat' dir='ltr'>ca</span> <span class='ocrx_word' id='word_1_78' title='bbox 169 931 410 972; x_wconf 80' lang='lat' dir='ltr'>coercenda</span> <span class='ocrx_word' id='word_1_79' title='bbox 457 944 506 971; x_wconf 88' lang='lat' dir='ltr'>ac</span> <span class='ocrx_word' id='word_1_80' title='bbox 549 928 853 969; x_wconf 80' lang='lat' dir='ltr'>mortificanda</span> <span class='ocrx_word' id='word_1_81' title='bbox 897 935 939 967; x_wconf 85' lang='lat' dir='ltr'>te</span> <span class='ocrx_word' id='word_1_82' title='bbox 982 927 1257 967; x_wconf 85' lang='lat' dir='ltr'>continenter</span> <span class='ocrx_word' id='word_1_83' title='bbox 1304 938 1540 970; x_wconf 82' lang='lat' dir='ltr'>exerceas;</span> 
     </span>
     <span class='ocr_line' id='line_1_12' title="bbox 77 1000 1543 1056; baseline -0.006 -9"><span class='ocrx_word' id='word_1_84' title='bbox 77 1013 153 1047; x_wconf 86' lang='lat' dir='ltr'>aut</span> <span class='ocrx_word' id='word_1_85' title='bbox 175 1006 368 1046; x_wconf 65' lang='lat' dir='ltr'>avaritize</span> <span class='ocrx_word' id='word_1_86' title='bbox 393 1005 461 1044; x_wconf 82' lang='lat' dir='ltr'>vel</span> <span class='ocrx_word' id='word_1_87' title='bbox 484 1017 608 1044; x_wconf 54' lang='lat' dir='ltr'>vante</span> <span class='ocrx_word' id='word_1_88' title='bbox 632 1003 781 1056; x_wconf 60' lang='lat' dir='ltr'>gloria·</span> <span class='ocrx_word' id='word_1_89' title='bbox 806 1002 1035 1055; x_wconf 87' lang='lat' dir='ltr'>cupiditati</span> <span class='ocrx_word' id='word_1_90' title='bbox 1060 1014 1312 1054; x_wconf 79' lang='lat' dir='ltr'>repugnare,</span> <span class='ocrx_word' id='word_1_91' title='bbox 1333 1000 1366 1039; x_wconf 91' lang='lat' dir='ltr'>si</span> <span class='ocrx_word' id='word_1_92' title='bbox 1390 1012 1543 1052; x_wconf 84' lang='lat' dir='ltr'>peren-</span> 
     </span>
     <span class='ocr_line' id='line_1_13' title="bbox 79 1074 1542 1132; baseline -0.005 -11"><span class='ocrx_word' id='word_1_93' title='bbox 79 1082 204 1121; x_wconf 84' lang='lat' dir='ltr'>nibus</span> <span class='ocrx_word' id='word_1_94' title='bbox 236 1087 329 1120; x_wconf 91' lang='lat' dir='ltr'>tum</span> <span class='ocrx_word' id='word_1_95' title='bbox 360 1078 632 1132; x_wconf 75' lang='lat' dir='ltr'>paupertatis</span> <span class='ocrx_word' id='word_1_96' title='bbox 664 1084 758 1117; x_wconf 89' lang='lat' dir='ltr'>tum</span> <span class='ocrx_word' id='word_1_97' title='bbox 790 1076 1050 1116; x_wconf 85' lang='lat' dir='ltr'>humilitatis</span> <span class='ocrx_word' id='word_1_98' title='bbox 1083 1075 1279 1115; x_wconf 76' lang='lat' dir='ltr'>colendae</span> <span class='ocrx_word' id='word_1_99' title='bbox 1312 1074 1466 1114; x_wconf 89' lang='lat' dir='ltr'>studiis</span> <span class='ocrx_word' id='word_1_100' title='bbox 1499 1080 1542 1114; x_wconf 87' lang='lat' dir='ltr'>te</span> 
     </span>
     <span class='ocr_line' id='line_1_14' title="bbox 77 1150 1541 1208; baseline -0.005 -13"><span class='ocrx_word' id='word_1_101' title='bbox 77 1156 170 1208; x_wconf 86' lang='lat' dir='ltr'>ipse</span> <span class='ocrx_word' id='word_1_102' title='bbox 199 1153 447 1195; x_wconf 82' lang='lat' dir='ltr'>contineas?</span> <span class='ocrx_word' id='word_1_103' title='bbox 511 1152 724 1204; x_wconf 75' lang='lat' dir='ltr'>Quamvis</span> <span class='ocrx_word' id='word_1_104' title='bbox 758 1152 872 1190; x_wconf 79' lang='lat' dir='ltr'>enim</span> <span class='ocrx_word' id='word_1_105' title='bbox 905 1151 999 1190; x_wconf 73' lang='lat' dir='ltr'>ista:</span> <span class='ocrx_word' id='word_1_106' title='bbox 1034 1150 1297 1202; x_wconf 80' lang='lat' dir='ltr'>cupiditates</span> <span class='ocrx_word' id='word_1_107' title='bbox 1328 1162 1377 1188; x_wconf 89' lang='lat' dir='ltr'>ac</span> <span class='ocrx_word' id='word_1_108' title='bbox 1399 1153 1541 1188; x_wconf 88' lang='lat' dir='ltr'>tenta-</span> 
     </span>
     <span class='ocr_line' id='line_1_15' title="bbox 76 1224 1540 1275; baseline -0.005 -6"><span class='ocrx_word' id='word_1_109' title='bbox 76 1230 218 1269; x_wconf 78' lang='lat' dir='ltr'>tiones</span> <span class='ocrx_word' id='word_1_110' title='bbox 259 1228 405 1268; x_wconf 87' lang='lat' dir='ltr'>subito</span> <span class='ocrx_word' id='word_1_111' title='bbox 451 1240 500 1265; x_wconf 90' lang='lat' dir='ltr'>ac</span> <span class='ocrx_word' id='word_1_112' title='bbox 538 1224 819 1264; x_wconf 78' lang='lat' dir='ltr'>vehementer</span> <span class='ocrx_word' id='word_1_113' title='bbox 864 1225 1099 1275; x_wconf 75' lang='lat' dir='ltr'>insurgant,</span> <span class='ocrx_word' id='word_1_114' title='bbox 1144 1229 1346 1275; x_wconf 89' lang='lat' dir='ltr'>paratum</span> <span class='ocrx_word' id='word_1_115' title='bbox 1391 1228 1540 1261; x_wconf 86' lang='lat' dir='ltr'>tamen</span> 
     </span>
     <span class='ocr_line' id='line_1_16' title="bbox 75 1295 1541 1350; baseline -0.005 -8"><span class='ocrx_word' id='word_1_116' title='bbox 75 1303 283 1350; x_wconf 86' lang='lat' dir='ltr'>animum,</span> <span class='ocrx_word' id='word_1_117' title='bbox 336 1299 652 1350; x_wconf 59' lang='lat' dir='ltr'>contrariaeque</span> <span class='ocrx_word' id='word_1_118' title='bbox 716 1297 1020 1338; x_wconf 80' lang='lat' dir='ltr'>exercitationi</span> <span class='ocrx_word' id='word_1_119' title='bbox 1085 1303 1308 1336; x_wconf 80' lang='lat' dir='ltr'>assuetum</span> <span class='ocrx_word' id='word_1_120' title='bbox 1361 1295 1541 1334; x_wconf 90' lang='lat' dir='ltr'>minime</span> 
     </span>
     <span class='ocr_line' id='line_1_17' title="bbox 75 1369 1541 1426; baseline -0.006 -10"><span class='ocrx_word' id='word_1_121' title='bbox 75 1377 268 1425; x_wconf 73' lang='lat' dir='ltr'>laedunt,</span> <span class='ocrx_word' id='word_1_122' title='bbox 321 1373 591 1426; x_wconf 87' lang='lat' dir='ltr'>comparavit</span> <span class='ocrx_word' id='word_1_123' title='bbox 630 1373 745 1412; x_wconf 83' lang='lat' dir='ltr'>enim</span> <span class='ocrx_word' id='word_1_124' title='bbox 790 1371 868 1411; x_wconf 88' lang='lat' dir='ltr'>sibi</span> <span class='ocrx_word' id='word_1_125' title='bbox 909 1371 1001 1422; x_wconf 86' lang='lat' dir='ltr'>jam</span> <span class='ocrx_word' id='word_1_126' title='bbox 1039 1370 1211 1409; x_wconf 85' lang='lat' dir='ltr'>virtutis</span> <span class='ocrx_word' id='word_1_127' title='bbox 1248 1369 1460 1418; x_wconf 87' lang='lat' dir='ltr'>habitum,</span> <span class='ocrx_word' id='word_1_128' title='bbox 1496 1374 1541 1408; x_wconf 92' lang='lat' dir='ltr'>ut</span> 
     </span>
     <span class='ocr_line' id='line_1_18' title="bbox 74 1443 1540 1499; baseline -0.007 -9"><span class='ocrx_word' id='word_1_129' title='bbox 74 1450 290 1490; x_wconf 85' lang='lat' dir='ltr'>rarissime</span> <span class='ocrx_word' id='word_1_130' title='bbox 320 1449 396 1487; x_wconf 80' lang='lat' dir='ltr'>vix</span> <span class='ocrx_word' id='word_1_131' title='bbox 426 1447 525 1486; x_wconf 77' lang='lat' dir='ltr'>laedi</span> <span class='ocrx_word' id='word_1_132' title='bbox 559 1447 705 1499; x_wconf 78' lang='lat' dir='ltr'>possit.</span> <span class='ocrx_word' id='word_1_133' title='bbox 771 1445 903 1498; x_wconf 75' lang='lat' dir='ltr'>Quod</span> <span class='ocrx_word' id='word_1_134' title='bbox 937 1445 978 1483; x_wconf 89' lang='lat' dir='ltr'>in</span> <span class='ocrx_word' id='word_1_135' title='bbox 1012 1444 1159 1483; x_wconf 87' lang='lat' dir='ltr'>multis</span> <span class='ocrx_word' id='word_1_136' title='bbox 1188 1444 1361 1490; x_wconf 88' lang='lat' dir='ltr'>sanctis,</span> <span class='ocrx_word' id='word_1_137' title='bbox 1386 1443 1540 1494; x_wconf 76' lang='lat' dir='ltr'>quiex</span> 
     </span>
     <span class='ocr_line' id='line_1_19' title="bbox 75 1515 1542 1570; baseline -0.005 -7"><span class='ocrx_word' id='word_1_138' title='bbox 75 1524 194 1564; x_wconf 89' lang='lat' dir='ltr'>omni</span> <span class='ocrx_word' id='word_1_139' title='bbox 247 1522 490 1563; x_wconf 83' lang='lat' dir='ltr'>tentatione</span> <span class='ocrx_word' id='word_1_140' title='bbox 539 1521 724 1560; x_wconf 77' lang='lat' dir='ltr'>victores</span> <span class='ocrx_word' id='word_1_141' title='bbox 778 1519 981 1565; x_wconf 80' lang='lat' dir='ltr'>evadunt,</span> <span class='ocrx_word' id='word_1_142' title='bbox 1025 1517 1307 1570; x_wconf 86' lang='lat' dir='ltr'>quotidianus</span> <span class='ocrx_word' id='word_1_143' title='bbox 1348 1515 1542 1556; x_wconf 81' lang='lat' dir='ltr'>declarat</span> 
     </span>
     <span class='ocr_line' id='line_1_20' title="bbox 75 1592 1543 1647; baseline -0.005 -10"><span class='ocrx_word' id='word_1_144' title='bbox 75 1610 203 1646; x_wconf 89' lang='lat' dir='ltr'>usus;</span> <span class='ocrx_word' id='word_1_145' title='bbox 266 1602 308 1636; x_wconf 92' lang='lat' dir='ltr'>et</span> <span class='ocrx_word' id='word_1_146' title='bbox 361 1596 403 1635; x_wconf 90' lang='lat' dir='ltr'>in</span> <span class='ocrx_word' id='word_1_147' title='bbox 456 1595 540 1647; x_wconf 93' lang='lat' dir='ltr'>Job</span> <span class='ocrx_word' id='word_1_148' title='bbox 595 1593 939 1646; x_wconf 74' lang='lat' dir='ltr'>Chrysostomus</span> <span class='ocrx_word' id='word_1_149' title='bbox 1001 1592 1259 1640; x_wconf 79' lang='lat' dir='ltr'>observavit,</span> <span class='ocrx_word' id='word_1_150' title='bbox 1313 1596 1360 1630; x_wconf 87' lang='lat' dir='ltr'>ut</span> <span class='ocrx_word' id='word_1_151' title='bbox 1411 1603 1543 1643; x_wconf 87' lang='lat' dir='ltr'>supra</span> 
     </span>
     <span class='ocr_line' id='line_1_21' title="bbox 77 1671 281 1711; baseline 0 -1"><span class='ocrx_word' id='word_1_152' title='bbox 77 1671 281 1711; x_wconf 84' lang='lat' dir='ltr'>diximus.</span> 
     </span>
    </p>

    <p class='ocr_par' dir='ltr' id='par_1_4' title="bbox 55 1740 1542 2907">
     <span class='ocr_line' id='line_1_22' title="bbox 165 1740 1540 1796; baseline -0.003 -12"><span class='ocrx_word' id='word_1_153' title='bbox 165 1745 431 1796; x_wconf 88' lang='lat' dir='ltr'>Respondeo</span> <span class='ocrx_word' id='word_1_154' title='bbox 475 1743 677 1782; x_wconf 81' lang='lat' dir='ltr'>secundo.</span> <span class='ocrx_word' id='word_1_155' title='bbox 749 1742 789 1782; x_wconf 86' lang='lat' dir='ltr'>l&#39;.</span> <span class='ocrx_word' id='word_1_156' title='bbox 828 1742 1037 1793; x_wconf 79' lang='lat' dir='ltr'>Ignatius,</span> <span class='ocrx_word' id='word_1_157' title='bbox 1087 1755 1186 1781; x_wconf 88' lang='lat' dir='ltr'>cum</span> <span class='ocrx_word' id='word_1_158' title='bbox 1239 1740 1540 1781; x_wconf 82' lang='lat' dir='ltr'>antevertendi</span> 
     </span>
     <span class='ocr_line' id='line_1_23' title="bbox 76 1814 1541 1866; baseline -0.004 -7"><span class='ocrx_word' id='word_1_159' title='bbox 76 1819 344 1859; x_wconf 83' lang='lat' dir='ltr'>tentationes</span> <span class='ocrx_word' id='word_1_160' title='bbox 375 1817 555 1856; x_wconf 87' lang='lat' dir='ltr'>modum</span> <span class='ocrx_word' id='word_1_161' title='bbox 585 1816 731 1864; x_wconf 85' lang='lat' dir='ltr'>tradit,</span> <span class='ocrx_word' id='word_1_162' title='bbox 756 1815 952 1854; x_wconf 67' lang='lat' dir='ltr'>universe</span> <span class='ocrx_word' id='word_1_163' title='bbox 978 1814 1032 1854; x_wconf 88' lang='lat' dir='ltr'>de</span> <span class='ocrx_word' id='word_1_164' title='bbox 1055 1815 1372 1854; x_wconf 86' lang='lat' dir='ltr'>tentationibus</span> <span class='ocrx_word' id='word_1_165' title='bbox 1403 1814 1541 1866; x_wconf 88' lang='lat' dir='ltr'>loqui-</span> 
     </span>
     <span class='ocr_line' id='line_1_24' title="bbox 75 1888 1541 1946; baseline -0.004 -13"><span class='ocrx_word' id='word_1_166' title='bbox 75 1901 156 1943; x_wconf 89' lang='lat' dir='ltr'>tur,</span> <span class='ocrx_word' id='word_1_167' title='bbox 191 1892 497 1946; x_wconf 78' lang='lat' dir='ltr'>praecipueque</span> <span class='ocrx_word' id='word_1_168' title='bbox 534 1891 588 1930; x_wconf 89' lang='lat' dir='ltr'>de</span> <span class='ocrx_word' id='word_1_169' title='bbox 626 1890 676 1928; x_wconf 86' lang='lat' dir='ltr'>iis</span> <span class='ocrx_word' id='word_1_170' title='bbox 711 1903 808 1941; x_wconf 67' lang='lat' dir='ltr'>qua,-</span> <span class='ocrx_word' id='word_1_171' title='bbox 848 1889 1044 1928; x_wconf 88' lang='lat' dir='ltr'>oriuntur</span> <span class='ocrx_word' id='word_1_172' title='bbox 1081 1903 1138 1928; x_wconf 77' lang='lat' dir='ltr'>ex</span> <span class='ocrx_word' id='word_1_173' title='bbox 1176 1888 1312 1937; x_wconf 91' lang='lat' dir='ltr'>nobis,</span> <span class='ocrx_word' id='word_1_174' title='bbox 1355 1888 1438 1927; x_wconf 92' lang='lat' dir='ltr'>hoc</span> <span class='ocrx_word' id='word_1_175' title='bbox 1475 1894 1541 1928; x_wconf 92' lang='lat' dir='ltr'>est</span> 
     </span>
     <span class='ocr_line' id='line_1_25' title="bbox 78 1962 1542 2018; baseline -0.004 -10"><span class='ocrx_word' id='word_1_176' title='bbox 78 1982 135 2008; x_wconf 79' lang='lat' dir='ltr'>ex</span> <span class='ocrx_word' id='word_1_177' title='bbox 168 1966 327 2007; x_wconf 87' lang='lat' dir='ltr'>nostris</span> <span class='ocrx_word' id='word_1_178' title='bbox 370 1964 685 2018; x_wconf 84' lang='lat' dir='ltr'>cupiditatibus</span> <span class='ocrx_word' id='word_1_179' title='bbox 726 1962 957 2015; x_wconf 80' lang='lat' dir='ltr'>pravisque</span> <span class='ocrx_word' id='word_1_180' title='bbox 998 1963 1132 2002; x_wconf 89' lang='lat' dir='ltr'>animi</span> <span class='ocrx_word' id='word_1_181' title='bbox 1175 1962 1542 2015; x_wconf 84' lang='lat' dir='ltr'>propensionibus</span> 
     </span>
     <span class='ocr_line' id='line_1_26' title="bbox 77 2036 1540 2093; baseline -0.003 -12"><span class='ocrx_word' id='word_1_182' title='bbox 77 2042 194 2093; x_wconf 85' lang='lat' dir='ltr'>(licet</span> <span class='ocrx_word' id='word_1_183' title='bbox 240 2040 372 2080; x_wconf 88' lang='lat' dir='ltr'>etiam</span> <span class='ocrx_word' id='word_1_184' title='bbox 422 2039 521 2078; x_wconf 90' lang='lat' dir='ltr'>hinc</span> <span class='ocrx_word' id='word_1_185' title='bbox 570 2037 749 2090; x_wconf 87' lang='lat' dir='ltr'>arripiat</span> <span class='ocrx_word' id='word_1_186' title='bbox 791 2036 991 2076; x_wconf 90' lang='lat' dir='ltr'>diabolus</span> <span class='ocrx_word' id='word_1_187' title='bbox 1035 2049 1198 2083; x_wconf 86' lang='lat' dir='ltr'>ansam,</span> <span class='ocrx_word' id='word_1_188' title='bbox 1244 2042 1291 2076; x_wconf 92' lang='lat' dir='ltr'>ut</span> <span class='ocrx_word' id='word_1_189' title='bbox 1332 2036 1540 2084; x_wconf 82' lang='lat' dir='ltr'>diximus,</span> 
     </span>
     <span class='ocr_line' id='line_1_27' title="bbox 78 2109 1542 2166; baseline -0.005 -9"><span class='ocrx_word' id='word_1_190' title='bbox 78 2115 277 2157; x_wconf 87' lang='lat' dir='ltr'>tentandi</span> <span class='ocrx_word' id='word_1_191' title='bbox 323 2120 450 2166; x_wconf 86' lang='lat' dir='ltr'>nos);</span> <span class='ocrx_word' id='word_1_192' title='bbox 513 2111 757 2165; x_wconf 79' lang='lat' dir='ltr'>Apostolus</span> <span class='ocrx_word' id='word_1_193' title='bbox 800 2116 947 2151; x_wconf 86' lang='lat' dir='ltr'>autem</span> <span class='ocrx_word' id='word_1_194' title='bbox 991 2111 1046 2150; x_wconf 91' lang='lat' dir='ltr'>de</span> <span class='ocrx_word' id='word_1_195' title='bbox 1088 2110 1331 2150; x_wconf 89' lang='lat' dir='ltr'>tentatione</span> <span class='ocrx_word' id='word_1_196' title='bbox 1379 2109 1542 2150; x_wconf 88' lang='lat' dir='ltr'>diaboli</span> 
     </span>
     <span class='ocr_line' id='line_1_28' title="bbox 75 2183 1542 2244; baseline -0.005 -14"><span class='ocrx_word' id='word_1_197' title='bbox 75 2190 248 2244; x_wconf 87' lang='lat' dir='ltr'>proprie</span> <span class='ocrx_word' id='word_1_198' title='bbox 290 2188 490 2241; x_wconf 86' lang='lat' dir='ltr'>loquitur.</span> <span class='ocrx_word' id='word_1_199' title='bbox 572 2186 679 2226; x_wconf 89' lang='lat' dir='ltr'>Ideo</span> <span class='ocrx_word' id='word_1_200' title='bbox 722 2191 837 2225; x_wconf 91' lang='lat' dir='ltr'>recte</span> <span class='ocrx_word' id='word_1_201' title='bbox 880 2192 1027 2225; x_wconf 88' lang='lat' dir='ltr'>noster</span> <span class='ocrx_word' id='word_1_202' title='bbox 1070 2184 1208 2233; x_wconf 90' lang='lat' dir='ltr'>Pater,</span> <span class='ocrx_word' id='word_1_203' title='bbox 1244 2197 1331 2236; x_wconf 86' lang='lat' dir='ltr'>quo</span> <span class='ocrx_word' id='word_1_204' title='bbox 1374 2183 1542 2224; x_wconf 89' lang='lat' dir='ltr'>facilius</span> 
     </span>
     <span class='ocr_line' id='line_1_29' title="bbox 76 2259 1538 2311; baseline -0.005 -6"><span class='ocrx_word' id='word_1_205' title='bbox 76 2279 133 2305; x_wconf 80' lang='lat' dir='ltr'>ex</span> <span class='ocrx_word' id='word_1_206' title='bbox 164 2263 456 2303; x_wconf 82' lang='lat' dir='ltr'>incidentibus</span> <span class='ocrx_word' id='word_1_207' title='bbox 478 2260 793 2301; x_wconf 87' lang='lat' dir='ltr'>tentationibus</span> <span class='ocrx_word' id='word_1_208' title='bbox 823 2273 1110 2311; x_wconf 77' lang='lat' dir='ltr'>emergamus,</span> <span class='ocrx_word' id='word_1_209' title='bbox 1130 2259 1257 2311; x_wconf 90' lang='lat' dir='ltr'>jubet</span> <span class='ocrx_word' id='word_1_210' title='bbox 1286 2272 1359 2298; x_wconf 87' lang='lat' dir='ltr'>eas</span> <span class='ocrx_word' id='word_1_211' title='bbox 1389 2272 1538 2298; x_wconf 87' lang='lat' dir='ltr'>earum</span> 
     </span>
     <span class='ocr_line' id='line_1_30' title="bbox 55 2332 1538 2386; baseline -0.005 -7"><span class='ocrx_word' id='word_1_212' title='bbox 55 2337 301 2379; x_wconf 88' lang='lat' dir='ltr'>-contrariis</span> <span class='ocrx_word' id='word_1_213' title='bbox 343 2335 550 2376; x_wconf 87' lang='lat' dir='ltr'>adhibitis</span> <span class='ocrx_word' id='word_1_214' title='bbox 592 2334 814 2374; x_wconf 87' lang='lat' dir='ltr'>anteverti.</span> <span class='ocrx_word' id='word_1_215' title='bbox 879 2333 1123 2386; x_wconf 80' lang='lat' dir='ltr'>Apostolus</span> <span class='ocrx_word' id='word_1_216' title='bbox 1165 2346 1267 2373; x_wconf 88' lang='lat' dir='ltr'>vero</span> <span class='ocrx_word' id='word_1_217' title='bbox 1310 2332 1538 2373; x_wconf 88' lang='lat' dir='ltr'>resistendi</span> 
     </span>
     <span class='ocr_line' id='line_1_31' title="bbox 75 2408 1541 2463; baseline -0.005 -10"><span class='ocrx_word' id='word_1_218' title='bbox 75 2412 252 2453; x_wconf 89' lang='lat' dir='ltr'>diabolo</span> <span class='ocrx_word' id='word_1_219' title='bbox 304 2411 524 2463; x_wconf 86' lang='lat' dir='ltr'>propriam</span> <span class='ocrx_word' id='word_1_220' title='bbox 578 2410 790 2449; x_wconf 86' lang='lat' dir='ltr'>rationem</span> <span class='ocrx_word' id='word_1_221' title='bbox 837 2408 1000 2457; x_wconf 83' lang='lat' dir='ltr'>tradit;</span> <span class='ocrx_word' id='word_1_222' title='bbox 1062 2421 1165 2447; x_wconf 86' lang='lat' dir='ltr'>nam</span> <span class='ocrx_word' id='word_1_223' title='bbox 1208 2421 1307 2447; x_wconf 86' lang='lat' dir='ltr'>cum</span> <span class='ocrx_word' id='word_1_224' title='bbox 1351 2414 1541 2460; x_wconf 86' lang='lat' dir='ltr'>quatuor</span> 
     </span>
     <span class='ocr_line' id='line_1_32' title="bbox 75 2482 1538 2540; baseline -0.004 -13"><span class='ocrx_word' id='word_1_225' title='bbox 75 2487 307 2540; x_wconf 80' lang='lat' dir='ltr'>praecipua,</span> <span class='ocrx_word' id='word_1_226' title='bbox 346 2499 433 2537; x_wconf 88' lang='lat' dir='ltr'>quo</span> <span class='ocrx_word' id='word_1_227' title='bbox 475 2485 548 2524; x_wconf 89' lang='lat' dir='ltr'>illa</span> <span class='ocrx_word' id='word_1_228' title='bbox 590 2491 690 2524; x_wconf 86' lang='lat' dir='ltr'>octo</span> <span class='ocrx_word' id='word_1_229' title='bbox 732 2497 829 2535; x_wconf 73' lang='lat' dir='ltr'>quae</span> <span class='ocrx_word' id='word_1_230' title='bbox 873 2496 1003 2536; x_wconf 85' lang='lat' dir='ltr'>supra</span> <span class='ocrx_word' id='word_1_231' title='bbox 1044 2482 1240 2521; x_wconf 79' lang='lat' dir='ltr'>diximus</span> <span class='ocrx_word' id='word_1_232' title='bbox 1282 2482 1538 2530; x_wconf 89' lang='lat' dir='ltr'>referuntur,</span> 
     </span>
     <span class='ocr_line' id='line_1_33' title="bbox 77 2556 1539 2611; baseline -0.003 -11"><span class='ocrx_word' id='word_1_233' title='bbox 77 2562 122 2600; x_wconf 77' lang='grc' dir='ltr'>Β.</span> <span class='ocrx_word' id='word_1_234' title='bbox 153 2560 304 2600; x_wconf 90' lang='lat' dir='ltr'>Petrus</span> <span class='ocrx_word' id='word_1_235' title='bbox 357 2558 571 2611; x_wconf 85' lang='lat' dir='ltr'>significet</span> <span class='ocrx_word' id='word_1_236' title='bbox 623 2559 763 2597; x_wconf 83' lang='lat' dir='ltr'>inesse</span> <span class='ocrx_word' id='word_1_237' title='bbox 816 2556 991 2597; x_wconf 86' lang='lat' dir='ltr'>diabolo</span> <span class='ocrx_word' id='word_1_238' title='bbox 1043 2556 1263 2605; x_wconf 86' lang='lat' dir='ltr'>tentatori,</span> <span class='ocrx_word' id='word_1_239' title='bbox 1316 2562 1362 2596; x_wconf 88' lang='lat' dir='ltr'>ut</span> <span class='ocrx_word' id='word_1_240' title='bbox 1414 2561 1539 2596; x_wconf 85' lang='lat' dir='ltr'>notat</span> 
     </span>
     <span class='ocr_line' id='line_1_34' title="bbox 78 2629 1538 2683; baseline -0.004 -9"><span class='ocrx_word' id='word_1_241' title='bbox 78 2634 121 2675; x_wconf 73' lang='lat'>5.</span> <span class='ocrx_word' id='word_1_242' title='bbox 144 2634 353 2681; x_wconf 87' lang='lat' dir='ltr'>Thomas,</span> <span class='ocrx_word' id='word_1_243' title='bbox 395 2632 581 2672; x_wconf 86' lang='lat' dir='ltr'>totidem</span> <span class='ocrx_word' id='word_1_244' title='bbox 629 2644 743 2670; x_wconf 90' lang='lat' dir='ltr'>nunc</span> <span class='ocrx_word' id='word_1_245' title='bbox 786 2645 842 2671; x_wconf 80' lang='lat' dir='ltr'>ex</span> <span class='ocrx_word' id='word_1_246' title='bbox 896 2635 1018 2683; x_wconf 83' lang='lat' dir='ltr'>parte</span> <span class='ocrx_word' id='word_1_247' title='bbox 1060 2630 1260 2678; x_wconf 90' lang='lat' dir='ltr'>hominis,</span> <span class='ocrx_word' id='word_1_248' title='bbox 1305 2643 1402 2681; x_wconf 74' lang='lat' dir='ltr'>quae</span> <span class='ocrx_word' id='word_1_249' title='bbox 1455 2629 1538 2669; x_wconf 85' lang='lat' dir='ltr'>illis</span> 
     </span>
     <span class='ocr_line' id='line_1_35' title="bbox 76 2703 1537 2762; baseline -0.005 -14"><span class='ocrx_word' id='word_1_250' title='bbox 76 2713 368 2762; x_wconf 87' lang='lat' dir='ltr'>opponantur,</span> <span class='ocrx_word' id='word_1_251' title='bbox 399 2707 641 2746; x_wconf 85' lang='lat' dir='ltr'>necessaria</span> <span class='ocrx_word' id='word_1_252' title='bbox 671 2719 763 2745; x_wconf 88' lang='lat' dir='ltr'>esse</span> <span class='ocrx_word' id='word_1_253' title='bbox 785 2705 1066 2745; x_wconf 88' lang='lat' dir='ltr'>demonstrat.</span> <span class='ocrx_word' id='word_1_254' title='bbox 1133 2704 1185 2743; x_wconf 91' lang='lat' dir='ltr'>In</span> <span class='ocrx_word' id='word_1_255' title='bbox 1208 2703 1384 2743; x_wconf 89' lang='lat' dir='ltr'>diabolo</span> <span class='ocrx_word' id='word_1_256' title='bbox 1407 2703 1537 2750; x_wconf 87' lang='lat' dir='ltr'>enim,</span> 
     </span>
     <span class='ocr_line' id='line_1_36' title="bbox 76 2777 1538 2833; baseline -0.005 -11"><span class='ocrx_word' id='word_1_257' title='bbox 76 2789 124 2823; x_wconf 87' lang='lat' dir='ltr'>ut</span> <span class='ocrx_word' id='word_1_258' title='bbox 156 2788 256 2822; x_wconf 91' lang='lat' dir='ltr'>octo</span> <span class='ocrx_word' id='word_1_259' title='bbox 288 2780 372 2831; x_wconf 84' lang='lat' dir='ltr'>illa,</span> <span class='ocrx_word' id='word_1_260' title='bbox 395 2794 494 2833; x_wconf 72' lang='lat' dir='ltr'>qua:</span> <span class='ocrx_word' id='word_1_261' title='bbox 525 2781 728 2820; x_wconf 86' lang='lat' dir='ltr'>timorem</span> <span class='ocrx_word' id='word_1_262' title='bbox 762 2779 886 2819; x_wconf 89' lang='lat' dir='ltr'>nobis</span> <span class='ocrx_word' id='word_1_263' title='bbox 918 2779 1110 2818; x_wconf 86' lang='lat' dir='ltr'>incutere</span> <span class='ocrx_word' id='word_1_264' title='bbox 1143 2777 1407 2825; x_wconf 76' lang='lat' dir='ltr'>dicebamus,</span> <span class='ocrx_word' id='word_1_265' title='bbox 1435 2790 1538 2816; x_wconf 91' lang='lat' dir='ltr'>con-</span> 
     </span>
     <span class='ocr_line' id='line_1_37' title="bbox 74 2850 1539 2907; baseline -0.004 -10"><span class='ocrx_word' id='word_1_266' title='bbox 74 2856 312 2904; x_wconf 86' lang='lat' dir='ltr'>trahamus,</span> <span class='ocrx_word' id='word_1_267' title='bbox 355 2854 544 2907; x_wconf 88' lang='lat' dir='ltr'>primum</span> <span class='ocrx_word' id='word_1_268' title='bbox 588 2855 653 2894; x_wconf 87' lang='lat' dir='ltr'>est</span> <span class='ocrx_word' id='word_1_269' title='bbox 694 2866 854 2906; x_wconf 82' lang='lat' dir='ltr'>magna</span> <span class='ocrx_word' id='word_1_270' title='bbox 897 2851 1167 2905; x_wconf 79' lang='lat' dir='ltr'>perversitaS,</span> <span class='ocrx_word' id='word_1_271' title='bbox 1220 2850 1322 2902; x_wconf 87' lang='lat' dir='ltr'>quia</span> <span class='ocrx_word' id='word_1_272' title='bbox 1364 2863 1539 2904; x_wconf 88' lang='lat' dir='ltr'>semper</span> 
     </span>
    </p>
   </div>
  </div>
 </body>
</html>
