1903 3197
316 160 331 189 Ι
345 148 372 191 6
584 149 662 194 De
699 148 743 194 C
740 150 1113 197 onstz'tntcbnum
1153 151 1502 200 Observatz'one.

881 429 1077 471 PARS
1134 431 1208 471 ΙΙ.

304 542 369 573 DE
417 542 558 573 Meno
610 543 711 582 Quo
764 544 1194 577 CONs'mTUTloNes
1246 547 1588 579 oBsERVANDAE
1641 549 1772 581 SUNT

402 599 563 640 JUXTA
598 601 838 632 REGULAM
877 604 926 644 19
959 602 1211 634 SUMMARH
1246 605 1308 635 Ex
1342 606 1377 636 P.
1401 596 1438 645 6,
1462 611 1494 636 c.
1523 596 1609 651 μᾷ
1648 609 1678 638 1.

575 699 727 741 <Omlnes
753 701 942 734 constanti
965 702 1092 735 animo
1119 703 1389 746 incumbamus,
1417 704 1509 747 ἃδε.)

399 796 609 836 Diximus
640 796 695 836 de
727 798 997 846 necessitate,
1023 798 1214 839 utilitate
1244 807 1286 840 et
1316 801 1578 841 auctoritate
1607 802 1778 843 Consti-

306 870 556 910 tutionum:
588 871 794 923 sequitur,
830 878 877 911 ut
911 872 966 911 de
1001 873 1135 913 modo
1170 879 1213 913 et
1254 874 1523 926 perfectione
1561 876 1772 924 dicamus,

308 957 396 996 quo
429 944 514 984 illae
547 945 777 984 servandae
811 952 922 985 sunt.

395 1019 498 1058 Duo
529 1025 676 1058 autem
703 1018 971 1059 Constitutio
1004 1020 1110 1068 haec,
1133 1034 1267 1072 quam
1298 1021 1586 1073 explicamus,
1612 1024 1776 1064 indicat

306 1107 405 1145 quae
448 1094 503 1133 ad
557 1094 738 1133 modum
792 1093 1023 1145 pertinent.
1107 1093 1312 1133 Alterum
1357 1100 1422 1134 est
1470 1095 1690 1148 singulare
1733 1104 1776 1137 et

303 1167 575 1219 exquisitum
629 1167 671 1205 in
718 1167 778 1206 eis
817 1166 1040 1206 servandis
1082 1168 1314 1207 studium:
1366 1168 1554 1209 alterum
1599 1171 1776 1223 spiritus

303 1241 464 1280 amoris
499 1246 543 1289 et
579 1241 843 1281 desiderium
884 1241 1175 1294 perfectionis.
1253 1242 1461 1282 Studium
1500 1250 1649 1284 autem
1693 1245 1776 1286 hoc

304 1316 498 1367 quinque
540 1315 868 1354 conditionibus
910 1315 1167 1364 declaratur,
1213 1316 1371 1368 quibus
1406 1317 1593 1357 totidem
1636 1319 1679 1358 in
1722 1319 1773 1358 iis

305 1390 530 1429 servandis
563 1388 834 1442 repelluntur
866 1403 1040 1429 errores.

393 1464 538 1503 Prima
581 1463 775 1503 conditio
814 1469 891 1513 est,
931 1469 978 1502 ut
1018 1463 1368 1504 Constitutiones
1407 1465 1449 1504 in
1493 1467 1612 1505 omni
1656 1472 1773 1506 statu

303 1537 460 1578 eodem
485 1537 619 1576 modo
642 1542 894 1586 serventur;
928 1536 1011 1577 hoc
1035 1543 1111 1586 est,
1135 1538 1226 1577 sive
1250 1538 1471 1591 antiquior
1493 1539 1536 1578 in
1565 1539 1774 1592 religione

301 1613 357 1652 sit
390 1611 621 1664 quispiam,
658 1611 747 1650 sive
779 1611 873 1659 tiro,
913 1611 1002 1651 sive
1035 1611 1130 1651 aliis
1169 1611 1383 1661 subditus,
1423 1613 1513 1652 sive
1555 1613 1773 1666 praelatus.

305 1685 406 1725 Hoc
431 1685 547 1724 enim
571 1684 842 1736 significatur
858 1685 991 1724 verbo
1014 1685 1099 1733 illo,
1116 1685 1349 1736 “omnes;’'
1370 1687 1488 1739 quod
1512 1693 1578 1727 est
1602 1688 1773 1727 initium

305 1759 468 1811 regulae
518 1770 567 1810 19
610 1760 653 1798 in
700 1759 985 1807 Summario;
1039 1773 1169 1799 nemo
1212 1760 1328 1799 enim
1373 1761 1592 1813 excipitur
1633 1762 1776 1814 cujus-

304 1847 493 1886 cumque
535 1834 591 1873 sit
633 1833 896 1873 conditionis
939 1847 988 1873 ac
1031 1839 1182 1873 status.
1258 1832 1360 1885 Quo
1402 1835 1581 1887 quidem
1625 1850 1776 1876 eorum

302 1908 523 1960 praecipue
547 1906 755 1946 refellitur
778 1920 903 1956 error,
928 1907 1001 1959 qui
1025 1920 1124 1947 cum
1156 1907 1198 1946 in
1223 1908 1433 1960 religione
1455 1911 1774 1959 consenuerint,

300 1982 505 2021 videntur
534 1982 615 2021 sibi
647 1995 741 2021 esse
771 1996 796 2021 a
830 1982 989 2034 regulis
1023 1981 1288 2033 quibusdam
1320 1983 1548 2032 immunes,
1573 1990 1617 2023 et
1649 1998 1774 2024 accu-

303 2061 443 2095 ratam
483 2068 633 2094 eorum
672 2055 998 2094 observantiam
1037 2056 1092 2094 ad
1135 2055 1322 2094 novitios
1363 2057 1510 2108 potius
1548 2070 1681 2108 quam
1719 2058 1775 2097 ad

302 2135 471 2169 veteres
509 2129 738 2181 pertinere.
805 2128 934 2168 Certe
965 2128 1201 2180 Gregorius
1237 2129 1279 2167 in
1316 2129 1527 2169 Pastorali
1561 2136 1774 2171 rectorem

305 2203 529 2252 admonet,
563 2208 611 2242 ut
643 2203 745 2242 vitae
777 2202 892 2242 viam
927 2202 1113 2241 subditis
1145 2203 1333 2242 vivendo
1371 2203 1661 2253 denunciet31
1693 2208 1776 2245 “et

303 2289 424 2328 grex,
450 2277 522 2328 qui
558 2276 746 2328 pastoris
768 2289 923 2315 vocem
960 2289 1191 2327 moresque
1225 2277 1433 2328 sequitur,
1457 2291 1535 2329 per
1566 2278 1773 2331 exempla

305 2350 471 2399 melius,
511 2364 645 2402 quam
688 2363 766 2402 per
801 2349 937 2389 verba
979 2349 1252 2401 g1·adiatur:⁷'
1306 2351 1379 2402 qui
1424 2352 1540 2390 enirn
1584 2352 1665 2392 loci
1708 2354 1773 2392 sui

306 2424 566 2463 necessitate
599 2423 793 2476 exigitur
824 2437 997 2462 summa
1030 2423 1183 2471 dicere,
1210 2423 1292 2463 hac
1326 2424 1481 2464 eadem
1515 2427 1775 2466 necessitate

306 2497 584 2550 compellitur
615 2511 789 2537 summa
824 2503 1096 2537 monstrare:
1129 2511 1350 2537 summum
1388 2505 1536 2538 autem
1577 2500 1620 2538 in
1660 2499 1775 2540 Con-

305 2571 586 2612 stitutionum
619 2585 669 2611 ac
703 2572 849 2624 legum
886 2572 1191 2611 observatione
1223 2572 1432 2612 consistit.

393 2645 602 2686 Secunda
643 2646 839 2685 conditio
881 2651 960 2695 est,
1005 2652 1052 2685 ut
1095 2645 1263 2686 fortiter
1305 2652 1646 2700 constanterque
1687 2661 1775 2688 ser-

301 2725 485 2759 ventur:
518 2718 601 2759 hoc
631 2725 696 2759 est
727 2719 843 2759 enim
869 2720 1123 2760 “constanti
1155 2718 1340 2768 animo,'’
1363 2721 1424 2760 ita
1457 2727 1504 2760 ut
1533 2721 1662 2761 nullis
1691 2735 1771 2763 nec

301 2791 479 2844 diaboli,
534 2806 613 2833 nec
669 2792 898 2833 hominum
956 2793 1274 2833 tentationibus
1322 2807 1348 2834 a
1391 2793 1767 2836 Constitutionum

898 2883 910 2901 1
935 2891 954 2914 2
978 2893 1103 2926 par.,c.
1125 2891 1173 2924 13.
