1903 3197
320 170 375 214 18
589 167 669 212 De
706 165 749 212 C
747 166 1121 212 onstz'tztlz'omcm
1161 165 1510 213 Observatione.

315 301 481 353 quippe
524 300 754 339 continens
785 299 1010 351 animique
1052 300 1345 340 attentionem
1389 299 1610 339 desiderat
1642 305 1789 340 noster

313 375 455 414 Pater.

404 446 574 500 Quarta
604 447 827 497 conditi03
871 453 919 487 ut
946 447 1148 488 absoluta
1178 454 1221 488 et
1254 448 1448 500 perfecta
1481 447 1536 486 sit
1565 446 1790 487 Constitu-

315 523 486 562 tionum
509 522 767 562 observatio.
822 524 843 540 “
861 522 913 561 In
937 520 1175 571 absoluta,''
1195 522 1348 573 inquit,
1369 525 1389 539 “
1405 522 1602 561 omnium
1631 520 1790 560 consti-

317 597 538 636 tutionum
569 594 912 635 observatione.'’
977 595 1160 648 Duplex
1193 601 1342 635 autem
1377 594 1587 647 perfectio
1619 593 1793 634 absolu-

316 671 468 722 tioque
486 670 702 709 indicatur
720 669 787 709 his
805 669 957 710 verbis.
1003 669 1172 717 Altera,
1192 683 1291 722 quae
1310 669 1469 709 dicitur
1486 668 1725 713 2'ntcus2'va,·
1750 675 1793 708 et

317 743 412 783 haec
429 743 563 783 verbo
586 743 659 783 illo
680 746 699 763 “
714 743 919 783 absoluta
933 742 953 757 ’'
973 743 1243 796 significatur
1261 757 1268 783 :
1292 742 1429 783 altera
1446 742 1672 790 extensiva,
1689 755 1789 781 cum

318 818 477 858 dicitur
500 816 769 857 “omnium''
833 817 1043 858 Perfectae
1074 823 1221 857 autern
1255 817 1575 857 observationis
1605 816 1791 856 intentio

319 893 361 931 in
385 906 437 932 eo
462 899 538 940 est,
564 897 612 931 ut
635 905 721 931 una
745 892 990 944 eademque
1015 891 1286 931 Constitutio
1320 892 1488 943 integre
1511 890 1793 943 perfecteque

319 972 522 1006 servetur.
602 965 715 1006 Sunt
754 965 869 1005 enim
908 965 1055 1017 aliqui,
1095 966 1168 1016 qui
1207 965 1367 1017 partim
1407 971 1592 1011 servant,
1631 964 1790 1016 partim

319 1039 560 1092 negligunt,
596 1053 683 1079 non
726 1045 875 1079 autem
914 1044 1055 1078 totam
1100 1037 1474 1077 Constitutionem
1514 1037 1790 1077 exhauriunt.

321 1112 521 1165 Quorum
565 1127 683 1152 error
724 1118 881 1164 quarta
923 1111 1005 1151 hac
1047 1111 1300 1150 conditione
1343 1117 1546 1151 notatur:
1600 1110 1793 1163 exempli

319 1188 472 1239 gratia,
526 1186 900 1226 Constitutionem
954 1185 1087 1233 illam,
1128 1199 1214 1237 qua
1262 1184 1469 1236 jubemur
1521 1198 1608 1224 non
1662 1185 1795 1225 modo

319 1260 507 1312 propriae
538 1273 689 1299 verum
729 1260 862 1299 etiam
900 1259 1054 1298 alienae
1093 1259 1222 1298 saluti
1260 1272 1442 1307 vacare3
1499 1259 1533 1298 si
1572 1258 1669 1310 quis
1707 1272 1795 1311 quo

320 1334 375 1373 ad
411 1334 594 1373 alteram
625 1339 799 1373 tantum
835 1339 1006 1385 partem
1039 1334 1252 1382 observet,
1275 1333 1468 1385 velitque
1503 1346 1594 1372 suae
1620 1339 1793 1372 tantum

321 1421 408 1447 non
446 1408 579 1447 etiam
618 1407 773 1447 alienae
811 1406 940 1447 saluti
979 1407 1148 1455 servire,
1173 1408 1208 1446 is
1245 1406 1618 1447 Constitutionem
1654 1407 1794 1459 ipsam

320 1482 513 1535 perfecte
564 1480 854 1533 absoluteque
892 1494 979 1521 non
1023 1481 1184 1533 explet.
1271 1481 1475 1533 Itemque
1527 1494 1627 1520 cum
1681 1480 1796 1520 Con-

322 1556 494 1596 stitutio
551 1555 678 1607 jubet
730 1569 907 1595 onmem
961 1556 1103 1595 carnis
1165 1555 1373 1595 affectum
1428 1569 1531 1607 erga
1583 1555 1797 1606 sanguine

315 1629 493 1682 junctos
526 1643 714 1678 exuere;
759 1629 793 1668 si
825 1630 933 1681 quis,
960 1630 1164 1682 deposito
1194 1629 1336 1668 carnis
1369 1628 1528 1669 affectu
1563 1642 1667 1681 erga
1698 1642 1797 1681 pro-

323 1704 522 1756 pinquos,
558 1704 708 1742 induet
742 1709 892 1743 tamen
925 1717 1025 1743 eum
1060 1717 1164 1755 erga
1198 1702 1351 1742 fratres
1384 1703 1644 1755 spirituales,
1675 1703 1710 1742 is
1743 1716 1797 1742 ne

323 1784 418 1816 tum
472 1777 649 1829 quidem
702 1776 895 1829 perfecte
947 1777 1078 1816 solvit
1130 1777 1272 1829 legem
1301 1791 1308 1816 :
1372 1777 1474 1828 quia
1526 1790 1613 1816 non
1665 1776 1799 1816 habet

324 1849 549 1891 Christum
588 1850 684 1889 loco
717 1863 859 1889 rerum
896 1850 1106 1899 omnium,
1140 1863 1219 1889 nec
1257 1850 1337 1889 sibi
1373 1856 1416 1889 et
1450 1851 1587 1889 amori
1620 1850 1798 1902 proprio

325 1930 523 1964 mortuus
552 1929 628 1972 est,
652 1929 700 1963 ut
724 1923 993 1964 Constitutio
1024 1924 1118 1976 ipsa
1137 1923 1273 1976 jubet.
1339 1923 1488 1975 Quare
1512 1937 1598 1963 una
1621 1924 1796 1963 eadem-

322 2011 409 2049 que
453 1998 720 2038 Constitutio
763 1998 904 2049 magis
947 1998 1146 2037 minusve
1196 1997 1388 2050 perfecte
1430 1997 1589 2037 servari
1635 2004 1793 2049 potest.

328 2072 443 2111 Sunt
480 2071 595 2109 enim
631 2071 673 2109 in
711 2084 799 2109 una
831 2071 1076 2122 eademque
1113 2071 1209 2122 lege
1244 2070 1456 2109 solvenda
1478 2071 1602 2122 quasi
1635 2070 1796 2122 gradus

325 2144 519 2196 quidam,
545 2150 592 2183 ut
614 2143 685 2182 alii
718 2143 813 2183 aliis
843 2156 940 2182 eam
972 2143 1207 2195 perfectius
1240 2143 1500 2195 pleniusque
1532 2144 1795 2186 custodiant.

328 2218 416 2258 Sed
467 2217 501 2256 si
550 2217 742 2269 perfecte
785 2216 1076 2268 absoluteque
1127 2230 1214 2256 non
1264 2216 1509 2269 expleatur,
1552 2217 1793 2269 periculum

325 2297 403 2339 est,
438 2304 491 2330 ne
528 2290 583 2339 id,
616 2289 735 2341 quod
773 2290 884 2329 bene
921 2296 1116 2342 coeptum
1160 2296 1237 2338 est,
1271 2296 1529 2330 evanescat:
1573 2292 1792 2343 quoniam.

328 2369 377 2404 ut
408 2364 469 2403 ait
503 2364 544 2403 in
580 2363 792 2403 Pastorali
827 2362 1091 2416 Greg01·ius‚1
1114 2364 1220 2403 dum
1253 2365 1479 2416 proposita
1507 2378 1594 2404 non
1627 2365 1795 2417 perfici-

328 2451 436 2486 mus,
462 2438 594 2477 etiam
618 2451 716 2489 quae
747 2437 919 2477 fuerant
941 2443 1089 2490 coepta
1118 2437 1428 2477 convellimus:
1470 2439 1504 2477 si
1536 2438 1652 2477 enim
1676 2440 1794 2491 quod

326 2511 500 2550 videtur
540 2510 781 2563 gerendum
824 2510 993 2550 solicita
1036 2511 1280 2551 intentione
1324 2525 1411 2551 non
1455 2512 1620 2561 crescit,
1664 2513 1795 2553 etiam

326 2585 446 2637 quod
481 2584 620 2624 suerat
652 2585 763 2624 bene
794 2590 968 2636 gestum
1001 2585 1222 2624 decrescit.

418 2658 583 2711 Quinta
622 2658 818 2698 conditio
860 2658 903 2697 in
946 2659 1176 2698 extensiva
1214 2659 1484 2711 perfectione
1521 2660 1666 2712 posita
1704 2667 1797 2701 est:

329 2733 412 2772 hoc
450 2738 526 2781 est,
561 2738 607 2772 ut
645 2745 798 2772 omnes
834 2732 902 2772 vel
941 2732 1135 2771 minima?
1174 2732 1523 2773 Constitutiones
1561 2741 1794 2775 serventur.

332 2807 382 2845 ln
409 2812 426 2826 “
444 2805 676 2856 omnium,”
695 2806 848 2858 inquit,
869 2805 1278 2846 “Constitutionum
1305 2807 1661 2848 observatione:'’
1698 2823 1796 2861 qua*

883 2894 892 2913 ¹
921 2896 1008 2927 Pars.
1032 2904 1061 2936 3,
1082 2896 1169 2928 adm.
1191 2903 1242 2936 35.
