1903 3197
560 162 719 210 Index
748 162 1086 225 oposculorum.
1486 178 1552 208 xv

93 298 135 331 In
156 296 319 331 Primam
335 302 375 330 ut
395 296 643 332 Undecimam
662 297 845 341 Regulam
894 324 902 331 .
1000 323 1007 329 .
1106 323 1112 329 .
1211 323 1218 329 .
1316 323 1324 329 .
1421 323 1428 329 .
1484 259 1550 338 {3}

190 370 248 404 De
272 369 466 403 modestiae
480 369 676 414 praeceptis
694 369 732 402 in
749 369 962 403 universum
1001 395 1008 402 .
1106 396 1113 402 .
1212 395 1218 401 .
1318 394 1325 401 .
1424 394 1431 401 .
1485 375 1550 410 593

190 442 249 475 De
272 440 455 475 modestia
471 446 639 475 motuum
655 446 899 485 gestuumque
917 440 1080 485 corporis
1108 466 1114 473 .
1212 467 1218 473 .
1316 467 1324 474 .
1422 467 1429 473 .
1481 438 1550 483 603

98 513 140 546 In
160 512 371 547 Secundam
388 513 572 557 Regulam
687 541 695 547 .
793 540 800 546 .
898 540 905 546 .
1005 539 1012 546 .
1108 540 1115 545 .
1215 539 1221 545 .
1319 538 1326 545 .
1424 538 1432 545 .
1482 510 1551 554 603

96 584 139 616 In
157 584 320 617 Tertiam
338 590 374 618 et
393 584 573 627 Quartam
591 585 774 628 Regulam
789 611 796 618 .
893 612 901 618 .
1000 611 1007 617 .
1106 610 1113 616 .
1212 611 1218 616 .
1316 609 1324 615 .
1422 609 1428 615 .
1480 581 1546 625 605

188 657 247 690 De
263 656 479 700 dejiciendis
497 657 535 691 in
552 663 689 692 terram
707 656 822 691 oculis
896 683 903 690 .
1001 682 1008 689 .
1106 683 1112 689 .
1211 682 1218 688 .
1317 681 1324 688 .
1423 681 1430 688 .
1481 653 1551 687 606

96 729 138 761 In
158 728 345 772 Quintam,
366 729 517 763 Sextam
534 720 570 763 et
588 728 795 773 Septimam
814 727 997 772 Regulam
1107 755 1113 761 .
1211 754 1218 760 .
1316 753 1323 760 .
1421 753 1428 759 .
1481 725 1552 759 620

187 801 245 834 De
262 800 361 844 rugis
379 801 417 834 in
434 800 553 835 fronte
569 800 732 835 vitandis
786 828 793 834 .
891 827 898 833 .
997 826 1005 833 .
1105 825 1112 832 .
1210 825 1217 833 .
1314 825 1322 831 .
1420 825 1428 831 .
1480 796 1550 830 620

188 873 247 906 De
264 872 370 906 labiis
387 872 498 907 nimis
515 872 663 917 pressis,
681 878 745 906 aut
761 871 931 906 deductis
948 869 1134 915 fugiendis
1209 897 1216 903 .
1315 897 1322 902 .
1421 895 1429 902 .
1479 868 1547 902 622

187 944 360 989 Quinque
376 945 603 989 temporibus
620 943 871 978 moderandus
889 943 962 977 oris
979 942 1103 977 hiatus
1211 968 1217 974 .
1315 969 1322 974 .
1421 968 1428 974 .
1505 951 1547 974 22

188 1016 246 1049 De
264 1016 337 1050 oris
353 1016 512 1059 tristitia,
529 1027 574 1050 ac
592 1015 786 1062 severitate
802 1014 956 1049 vitanda
1002 1042 1009 1048 .
1106 1041 1114 1048 .
1212 1041 1219 1046 .
1319 1040 1326 1046 .
1425 1040 1431 1046 .
1483 1012 1552 1055 624

188 1088 247 1121 De
263 1087 394 1121 frontis
412 1087 610 1122 serenitate
625 1093 736 1131 atque
753 1086 938 1120 hilaritate
999 1114 1005 1120 .
1105 1112 1112 1118 .
1210 1112 1218 1118 .
1316 1112 1323 1118 .
1422 1112 1430 1118 .
1481 1083 1548 1128 625

189 1160 263 1194 Cur
279 1160 478 1204 imperetur
495 1160 673 1194 serenitas
686 1159 807 1193 vultus
895 1186 902 1192 .
1001 1185 1007 1192 .
1105 1185 1112 1190 .
1211 1185 1218 1190 .
1317 1183 1324 1190 .
1423 1183 1430 1190 .
1481 1157 1524 1190 62
1532 1165 1549 1200 5

187 1232 384 1275 Quomodo
401 1231 604 1266 obtinenda
620 1231 786 1265 hilaritas
804 1231 877 1265 oris
1000 1258 1008 1264 .
1107 1256 1114 1263 .
1213 1256 1220 1262 .
1317 1256 1324 1262 .
1422 1256 1430 1263 .
1482 1227 1549 1272 631

186 1303 352 1347 Quatuor
368 1303 436 1337 viis
454 1303 606 1338 interior
621 1308 857 1347 comparatur
873 1302 1040 1336 hilaritas
1105 1329 1111 1335 .
1211 1329 1218 1334 .
1318 1328 1325 1334 .
1423 1327 1431 1334 .
1481 1299 1524 1344 63
1534 1311 1547 1334 Ι

94 1375 137 1407 In
157 1375 338 1418 Regulam
359 1375 510 1409 Nonam
577 1402 584 1408 .
685 1402 691 1408 .
789 1402 796 1407 .
895 1401 902 1407 .
1000 1400 1007 1406 .
1108 1400 1114 1406 .
1211 1399 1218 1405 .
1318 1399 1326 1405 .
1423 1399 1431 1406 .
1482 1371 1551 1415 636

186 1447 244 1480 De
260 1446 433 1481 manibus
450 1447 700 1491 gubernandis
719 1458 762 1481 ac
779 1445 1018 1481 moderandis
1105 1473 1112 1478 .
1211 1472 1218 1478 .
1318 1472 1325 1478 .
1423 1473 1430 1478 .
1482 1444 1504 1479 6
1507 1444 1552 1488 36

94 1520 137 1552 In
155 1519 337 1563 Regulam
356 1519 553 1553 Decimam
684 1547 690 1553 .
789 1547 796 1553 .
896 1546 902 1552 .
1000 1545 1008 1552 .
1107 1543 1114 1551 .
1213 1544 1220 1550 .
1318 1543 1326 1550 .
1424 1545 1431 1551 .
1483 1517 1548 1559 641

186 1592 244 1625 De
261 1591 427 1626 incessus
445 1591 700 1626 moderatione
786 1619 793 1625 .
893 1619 899 1624 .
998 1617 1006 1624 .
1106 1616 1113 1623 .
1211 1616 1219 1622 .
1317 1616 1324 1622 .
1423 1617 1430 1623 .
1482 1589 1548 1631 641

93 1664 151 1697 De
167 1663 351 1698 modestia
368 1664 406 1697 in
424 1664 600 1699 comitatu
619 1663 801 1698 servanda
892 1691 898 1696 .
997 1690 1004 1696 .
1104 1689 1112 1696 .
1211 1689 1218 1696 .
1317 1689 1323 1695 .
1423 1689 1431 1696 .
1482 1661 1549 1705 645

92 1736 150 1769 De
167 1735 350 1770 modestia
366 1747 410 1771 ac
428 1735 563 1771 decoro
580 1736 735 1771 vestitus
788 1764 794 1769 .
892 1763 899 1768 .
999 1761 1007 1769 .
1105 1761 1113 1768 .
1210 1761 1218 1768 .
1317 1761 1324 1768 .
1425 1761 1431 1768 .
1482 1733 1552 1778 649

186 1808 246 1840 De
261 1807 374 1841 vestis
391 1808 572 1842 munditie
684 1835 691 1841 .
788 1834 796 1841 .
895 1834 903 1841 .
999 1833 1006 1840 .
1106 1832 1114 1839 .
1212 1832 1219 1839 .
1318 1834 1325 1840 .
1423 1833 1430 1839 .
1483 1805 1552 1850 649

188 1879 248 1911 De
264 1879 532 1923 compositione
548 1879 707 1913 vestium
792 1906 799 1912 .
897 1905 904 1912 .
1002 1905 1009 1911 .
1109 1904 1116 1911 .
1215 1904 1222 1913 .
1320 1904 1326 1910 .
1425 1904 1431 1911 .
1483 1877 1525 1921 65
1535 1886 1553 1921 5

95 1950 154 1984 De
170 1949 354 1984 modestia
371 1955 406 1984 et
423 1950 566 1985 ratione
581 1950 757 1995 loquendi
792 1978 799 1984 .
897 1977 904 1983 .
1004 1976 1012 1983 .
1109 1977 1115 1982 .
1215 1976 1222 1983 .
1321 1976 1327 1982 .
1426 1976 1433 1983 .
1484 1948 1553 1993 658

188 2022 248 2056 De
265 2032 319 2064 eo,
338 2023 400 2067 qui
418 2022 579 2066 loquitur
689 2049 696 2056 .
794 2050 800 2055 .
898 2049 905 2055 .
1003 2049 1011 2055 .
1110 2049 1116 2054 .
1215 2048 1222 2055 .
1320 2049 1327 2054 .
1426 2048 1433 2055 .
1484 2020 1552 2064 658

187 2094 246 2127 De
262 2093 418 2128 materia
435 2093 614 2128 sermonis
687 2121 694 2126 .
792 2121 799 2127 .
899 2120 906 2127 .
1004 2119 1012 2127 .
1109 2120 1116 2126 .
1215 2120 1222 2127 .
1321 2120 1328 2127 .
1425 2121 1432 2127 .
1484 2092 1554 2127 660

187 2165 247 2199 De
264 2165 404 2199 ratione
422 2170 458 2199 et
474 2165 595 2198 forma
611 2164 787 2210 loquendi
896 2192 902 2197 .
1003 2191 1010 2198 .
1108 2191 1115 2198 .
1213 2192 1220 2198 .
1320 2191 1327 2198 .
1425 2193 1432 2199 .
1484 2164 1528 2198 68
1534 2172 1550 2208 5

189 2237 247 2270 De
264 2235 337 2271 fine
353 2236 528 2282 loquendi
581 2264 588 2271 .
687 2264 694 2270 .
792 2264 800 2270 .
897 2263 905 2269 .
1003 2263 1010 2270 .
1108 2263 1116 2270 .
1213 2264 1221 2270 .
1320 2264 1326 2270 .
1425 2264 1432 2271 .
1484 2235 1551 2281 695

190 2309 248 2342 De
266 2308 551 2343 circumstantiis
688 2336 695 2342 .
794 2335 801 2341 .
899 2335 905 2341 .
1005 2335 1012 2342 .
1108 2335 1115 2342 .
1214 2336 1221 2342 .
1320 2336 1326 2342 .
1485 2317 1551 2350 702
