1903 3197
230 164 326 209 304
552 152 630 197 De
662 153 851 198 raz‘z‘one
885 153 1078 200 vivendi
1111 153 1370 201 Socz'ec‘atis.

226 282 365 330 stude,
399 283 624 334 quomodo
661 288 792 323 antea
827 289 903 324 tuo
941 284 1145 326 thesauro
1183 284 1396 337 spoliatus
1433 299 1489 334 eS‚
1523 286 1687 338 poteris

226 368 372 395 rursus
413 355 491 395 tibi
534 356 722 396 eundem
766 371 1030 410 recuperare.
1113 358 1231 398 Nam
1273 359 1316 397 in
1359 357 1456 398 loco
1492 357 1566 398 ubi
1609 372 1688 399 rex

226 427 387 468 Achab
421 427 533 468 fudit
563 430 822 482 sanguinem
851 430 957 483 justi
991 430 1183 479 Naboth,
1212 431 1270 470 ibi
1303 444 1433 470 canes
1463 430 1688 473 linxerunt

226 502 485 554 sanguinem
523 502 644 555 impii
682 503 877 544 Achab.''
941 505 1160 545 Macarius
1198 504 1382 544 eandem
1416 505 1686 545 curationem

225 575 442 616 admovet.
527 575 599 617 Sic
641 577 757 616 enim
806 577 905 617 ille:
952 579 1179 618 “Necesse
1222 584 1288 618 est
1328 579 1475 618 anima
1516 592 1688 631 semper

226 649 352 689 malis
389 650 729 702 cogitationibus
764 651 968 703 vitiisque
1005 652 1188 700 resistat,
1221 653 1422 704 quamvis
1459 652 1688 704 dejiciatur

227 729 270 763 et
307 723 446 763 cadat.
524 724 641 763 Nam
684 724 974 765 domesticum
1022 725 1236 766 latronem
1279 726 1422 774 caedis,
1457 733 1500 766 et
1536 725 1592 765 ab
1635 740 1686 766 eo

225 797 416 844 caederis,
451 797 525 836 sed
565 811 664 836 eum
701 797 881 837 tandem
920 797 1052 838 domo
1090 798 1347 839 extrudis.''¹
1431 799 1502 840 Sic
1540 800 1687 840 anima

225 869 467 909 resistendo
509 869 660 921 incipit
698 870 894 921 quotidie
935 872 1130 923 superior
1172 873 1365 921 evadere,
1400 879 1442 913 et
1484 887 1684 913 successu

223 942 434 994 temporis
481 948 709 994 peccatum
762 943 944 991 vincere,
994 950 1036 983 et
1082 943 1164 983 hoc
1212 950 1276 984 est
1329 945 1447 996 quod
1500 945 1687 986 dicitu1·.‘2

224 1014 414 1055 Tamdiu
458 1020 686 1066 peccatum
731 1017 884 1055 evertit
916 1015 1140 1056 hominem
1179 1018 1389 1069 quamdiu
1428 1019 1612 1058 evaserit
1644 1019 1686 1058 in

222 1087 362 1126 virum
400 1087 673 1139 perfectum3
717 1088 789 1128 ubi
823 1090 938 1128 enim
974 1090 1070 1141 quis
1107 1090 1325 1142 perfectus
1363 1092 1557 1140 evaserit,
1590 1098 1684 1132 tum

222 1161 401 1200 demum
433 1161 576 1201 vincet
614 1168 811 1201 mortem.
887 1163 1109 1216 Scriptum
1145 1170 1210 1204 est
1242 1165 1370 1214 enim,
1395 1165 1684 1207 “Novissima

223 1239 370 1273 autem
400 1233 574 1274 inimica
597 1234 843 1275 destruetur
873 1235 1047 1276 mors.''3
1099 1237 1299 1277 Eandem
1324 1252 1499 1290 quoque
1524 1238 1687 1279 Clima-

222 1321 296 1347 cus
314 1307 506 1355 adhibet,
523 1308 566 1347 in
592 1307 739 1349 Gradu
759 1309 1040 1355 deflectu-ata
1063 1312 1343 1364 poenitentia:
1364 1311 1498 1352 “Noli
1521 1313 1684 1353 turbari

221 1381 255 1420 si
286 1381 483 1433 quotidie
513 1382 681 1431 laberis,
707 1396 848 1435 neque
879 1383 1068 1432 resilias;
1102 1385 1177 1424 sed
1201 1391 1269 1424 sta
1290 1385 1478 1435 viriliter,
1509 1399 1685 1438 prorsus

223 1455 338 1493 enim
377 1455 642 1495 reverebitur
677 1456 955 1496 tolerantiam
994 1464 1116 1497 tuam
1155 1464 1302 1498 custos
1334 1458 1537 1511 Angelus
1574 1465 1686 1499 tuus.

223 1526 343 1566 Dum
373 1527 516 1567 adhuc
546 1541 695 1568 recens
725 1536 768 1569 et
798 1530 840 1568 in
870 1532 1083 1582 sanguine
1112 1536 1178 1571 est
1199 1531 1366 1581 vulnus,
1392 1531 1517 1572 facile
1548 1534 1686 1573 curari

221 1599 342 1640 solet.
407 1600 524 1640 Nam
548 1614 646 1653 quae
670 1601 778 1642 dura
805 1609 848 1642 et
870 1603 1071 1655 neglecta
1094 1610 1227 1656 atque
1249 1605 1442 1646 obducta
1464 1611 1685 1646 vetustate

221 1679 334 1719 sunt,
369 1674 622 1713 difficillime
659 1681 868 1715 sanantur
909 1677 1163 1730 ingentique
1207 1678 1368 1726 labore,
1404 1684 1448 1718 et
1484 1678 1607 1727 ferro,
1643 1684 1687 1719 et

221 1748 423 1796 cauterio,
447 1754 490 1786 et
524 1748 612 1800 igni
642 1748 812 1797 visibili,
842 1755 891 1789 ut
925 1750 1062 1789 curari
1099 1750 1280 1802 possint,
1312 1751 1523 1803 indigent,
1588 1752 1688 1791 Per·-

219 1821 362 1873 pende
405 1821 578 1860 interim
616 1822 833 1874 optimum
873 1823 928 1862 ad
967 1822 1155 1863 delenda
1195 1830 1378 1876 peccata
1419 1824 1691 1876 praesidium‚

220 1907 272 1933 ne
314 1894 512 1933 sinantur
562 1894 889 1943 inveterascere,
929 1895 1004 1935 sed
1058 1895 1201 1936 adhuc
1251 1897 1441 1937 recentia
1482 1902 1686 1937 curentur

219 1973 263 2006 et
299 1966 553 2007 defleantur.
632 1967 753 2020 Lege
791 1969 923 2007 etiam
966 1968 1275 2020 Justinianum,
1309 1971 1382 2021 qui
1421 1975 1572 2009 monet
1610 1983 1684 2010 eos

218 2039 292 2092 qui
326 2039 577 2079 relabuntur
608 2046 651 2079 et
683 2041 856 2089 cadunt,
880 2041 1086 2082 velociter
1117 2048 1309 2094 surgant,
1334 2042 1550 2082 desiderio
1581 2055 1681 2094 pro-

218 2112 393 2153 ficiendi
425 2112 703 2163 incalescant,
726 2120 769 2154 et
796 2115 1023 2166 pugnandi
1055 2115 1336 2155 animositate
1368 2113 1655 2155 roborentur.4

303 2185 379 2225 Ad
403 2186 696 2237 dejectionem
719 2193 867 2226 autem
890 2187 1024 2226 animi
1048 2187 1135 2227 fere
1157 2187 1268 2227 solet
1288 2187 1469 2240 adjungi
1492 2188 1683 2237 tristitia,

217 2270 274 2297 ex
317 2258 545 2310 inopinato
583 2264 626 2297 et
662 2272 777 2298 novo
814 2272 947 2308 casu;
991 2272 1124 2311 quam
1162 2259 1339 2311 quidem
1379 2260 1490 2300 solet
1528 2260 1684 2301 inferre

217 2334 394 2370 satanas
417 2330 473 2369 ad
503 2330 809 2383 impediendos
839 2331 1213 2384 retardandosque
1240 2346 1470 2384 processus
1498 2338 1683 2373 nostros.

218 2401 427 2455 Ephraem
461 2416 618 2456 supra:
652 2404 879 2445 “Satanas
912 2404 1097 2444 subdole
1129 2411 1171 2444 et
1194 2405 1492 2446 fraudulenter
1522 2405 1685 2446 multos

217 2488 406 2516 moerore
428 2481 612 2516 conatur
633 2476 838 2516 afficere.''
888 2478 947 2518 Et
971 2477 1213 2519 Climacus:
1238 2477 1547 2531 “Quicumque
1574 2477 1685 2531 lapsi

216 2560 378 2596 sumus,
402 2554 504 2588 ante
526 2549 674 2589 omnia
696 2549 865 2602 spiritui
902 2550 1102 2590 moeroris
1132 2551 1412 2601 resistamus;
1445 2551 1537 2603 ipse
1567 2550 1683 2590 enirn

215 2620 426 2661 orationis
458 2626 658 2674 tempore
691 2623 910 2671 assistens,
939 2623 1182 2675 priorisque
1216 2623 1389 2664 fiduciae
1423 2637 1503 2664 nos
1531 2623 1687 2664 admo-

216 2705 335 2745 nens,
378 2694 622 2734 orationem
677 2699 871 2735 nostram
919 2695 1132 2748 impedire
1185 2695 1399 2738 nititur.''5
1479 2696 1599 2749 Ergo
1640 2694 1686 2735 in

467 2806 479 2826 ¹
506 2808 608 2840 Hom.
630 2815 660 2847 3.
840 2806 852 2825 ²
877 2808 965 2849 Eph.
985 2818 1016 2848 4.
1195 2808 1208 2827 ³²
1236 2818 1248 2840 1
1277 2810 1353 2842 Cor.
1377 2816 1425 2850 15.

589 2856 603 2877 ‘¹
626 2857 751 2899 opusc.
772 2856 815 2891 de
838 2857 947 2891 Obed.
1141 2859 1153 2878 ⁵
1178 2860 1279 2893 Grad.
1300 2866 1330 2901 5.
