1903 3197
491 189 571 235 De
601 189 881 251 Disciplina
916 191 1117 239 Mensce.
1446 195 1537 253 385

73 328 121 362 et
172 322 462 375 subsequatur
512 321 627 362 actio
679 321 928 374 gratiarum.
1013 322 1115 375 Quo
1161 329 1309 364 autem
1362 326 1538 378 pietatis

80 396 250 445 affectu,
283 409 424 449 quove
466 395 599 435 modo
636 395 787 447 paucis
828 396 1109 449 perstringit:
1154 397 1348 450 “Quas‚'’
1386 399 1539 451 inquit,

80 472 270 509 “omnes
304 483 432 522 agere
464 469 627 508 debent
661 482 760 509 cum
796 483 857 518 ea,
892 483 978 521 qua
1010 483 1089 522 par
1120 476 1194 520 est,
1227 472 1462 512 devotione
1495 480 1539 512 et

78 542 380 593 reverentia;’'
425 543 581 594 quibus
622 543 763 582 verbis
805 543 998 595 quinque
1041 543 1138 592 fere,
1183 558 1283 596 quse
1325 545 1368 584 in
1410 546 1538 598 hujus

78 616 418 656 Constitutionis
449 617 751 656 observatione
772 617 878 656 vitia
909 617 1117 666 incidunt,
1141 617 1425 670 defectusque
1456 619 1539 659 tol-

77 690 232 729 luntur.
309 689 479 728 Primus
510 696 575 729 est
607 703 756 729 eorum
783 690 856 742 qui
891 691 946 730 ad
985 704 1148 730 mensae
1181 691 1535 732 benedictionem

75 770 274 815 tempore
295 776 382 802 non
404 770 644 812 accurrunt,
670 763 939 804 Constitutio
962 765 1078 804 enim
1101 778 1202 805 cum
1225 765 1331 805 dicit
1351 779 1358 804 :
1392 768 1536 818 “quas

74 850 229 876 omnes
275 850 404 888 agere
450 836 648 884 debent,'’
693 838 913 877 neminem
962 839 1139 891 excipit,
1182 853 1336 879 omnes
1386 841 1535 880 statim

73 908 228 948 adesse
265 909 399 961 jubet.
481 909 552 950 Ac
595 910 757 950 Beatus
800 911 978 964 quidem
1022 912 1286 952 Benedictus
1330 927 1416 961 eos,
1461 915 1535 966 qui

74 982 305 1022 confestim
356 983 650 1024 benedictioni
702 998 789 1024 non
840 985 1012 1034 adsunt,
1056 986 1235 1039 impune
1287 987 1404 1027 abire
1447 1001 1533 1028 non

77 1056 249 1108 patitur.
313 1056 425 1096 “Ad
469 1056 704 1106 111ensa1n,'’
742 1058 893 1111 inquit,
935 1060 1044 1112 “qui
1086 1066 1188 1100 ante
1231 1074 1404 1101 versum
1448 1075 1535 1102 non

76 1129 319 1178 occurrerit,
361 1136 409 1170 ut
449 1130 578 1169 simul
621 1144 773 1171 omnes
815 1132 963 1172 dicant
1003 1147 1177 1173 versum
1220 1139 1263 1173 et
1314 1141 1449 1182 orent,
1493 1142 1536 1175 et

75 1202 156 1242 sub
194 1216 281 1242 uno
317 1216 469 1242 omnes
502 1204 715 1244 accedant
750 1205 805 1245 ad
844 1219 1053 1255 mensam,
1092 1207 1166 1259 qui
1201 1221 1277 1260 per
1313 1208 1536 1260 negligen-

77 1277 184 1315 tiam
219 1289 344 1315 suam
378 1281 454 1315 aut
480 1277 634 1316 vitium
663 1291 750 1317 non
785 1280 1016 1319 occurrerit
1050 1294 1187 1333 usque
1220 1281 1312 1321 vice
1345 1282 1536 1322 secunda

76 1363 154 1401 pro
200 1348 282 1389 hoc
329 1349 593 1402 corripiatur.
675 1351 720 1392 Si
768 1351 913 1392 denuo
960 1367 1047 1393 non
1095 1355 1404 1403 emendaverit,
1447 1368 1535 1395 non

75 1423 355 1475 permittatur
391 1423 446 1463 ad
485 1437 648 1463 mensae
687 1427 932 1466 communis
969 1428 1225 1467 societatem
1257 1427 1326 1468 vel
1362 1429 1535 1480 partici-

75 1497 311 1548 pationem,
338 1496 415 1536 sed
448 1504 746 1549 sequestratus
778 1512 803 1538 a
836 1500 1055 1539 consortio
1089 1502 1287 1540 omnium
1320 1501 1536 1542 reficiatur

74 1570 202 1618 solus,
234 1569 407 1610 sublata
439 1570 476 1610 ei
511 1572 712 1623 portione
744 1585 822 1612 sua
854 1573 909 1613 de
937 1574 1051 1623 vino,
1082 1588 1220 1627 usque
1251 1574 1307 1614 ad
1340 1575 1536 1616 satisfac-

74 1644 239 1683 tionem
283 1650 325 1683 et
362 1645 746 1695 emendationem;
794 1646 994 1687 similiter
1034 1655 1182 1689 autem
1223 1650 1425 1702 patiatur,
1461 1651 1534 1702 qui

74 1723 118 1756 et
155 1718 210 1757 ad
247 1717 369 1756 illum
403 1731 575 1757 versum
613 1732 699 1758 non
737 1719 865 1760 fuerit
901 1734 1104 1773 praesens,
1138 1723 1212 1775 qui
1255 1730 1357 1776 post
1388 1724 1533 1763 cibum

75 1788 289 1829 dicitur.’'1
358 1790 457 1829 Hac
498 1791 682 1831 fortasse
723 1792 778 1831 de
820 1806 951 1833 causa
993 1800 1036 1834 et
1074 1795 1259 1835 Basilius
1301 1796 1393 1835 sine
1435 1796 1534 1836 cibo

70 1863 198 1915 jubet
240 1876 333 1902 esse
380 1864 424 1902 in
470 1870 693 1916 posterum
736 1865 865 1914 diem,
903 1867 976 1918 qui
1018 1868 1074 1907 ad
1127 1882 1325 1908 mensam
1367 1869 1534 1910 tardius

75 1937 331 1977 occurrerit:
355 1936 439 1977 “Si
472 1950 571 1976 cum
603 1937 776 1990 possit,'’
801 1939 951 1991 inquit,
979 1943 1101 1980 “non
1134 1942 1239 1981 satis
1271 1942 1360 1995 egit
1386 1956 1533 1983 occur-

75 2024 176 2059 rere,
221 2011 410 2050 fateatur
450 2010 624 2063 culpam
671 2012 950 2065 negligentiae
992 2028 1092 2063 suae,
1135 2021 1179 2055 et
1221 2022 1399 2056 maneat
1441 2017 1533 2057 sine

73 2085 171 2124 cibo
206 2098 344 2137 usque
377 2084 433 2124 ad
468 2084 587 2125 illam
621 2084 773 2125 horam
809 2100 896 2138 qua
929 2089 1185 2128 convenitur
1217 2090 1273 2129 ad
1308 2091 1453 2130 cibum
1489 2092 1532 2130 in

71 2164 295 2210 posterum
319 2156 496 2199 diem.”2
547 2159 607 2198 Et
630 2159 676 2198 B.
694 2159 954 2200 Pachomius
979 2161 1104 2213 jubet
1126 2161 1240 2203 hunc
1262 2163 1318 2202 ad
1349 2164 1531 2204 domum

70 2232 224 2272 reverti
252 2231 464 2284 jejunum,
488 2233 523 2272 si
555 2233 612 2272 ad
644 2234 966 2273 comedendum
998 2235 1164 2276 tardius
1195 2236 1450 2277 advenerit.3

158 2305 386 2346 Secundus
413 2311 478 2346 est
507 2320 657 2346 eorum
690 2308 763 2359 qui
790 2307 845 2348 ad
874 2322 1021 2349 versus
1049 2311 1293 2350 communis
1328 2312 1531 2352 benedic-

70 2379 201 2419 tionis
242 2381 411 2420 caeteris
454 2381 819 2433 respondentibus
860 2396 948 2422 non
994 2385 1271 2436 respondent,
1315 2387 1392 2426 sed
1443 2386 1530 2426 alio

69 2453 335 2505 cogitatione
357 2454 476 2494 ducti
506 2454 679 2494 silentio
707 2469 754 2495 se
782 2458 1017 2497 continent.
1082 2458 1350 2499 Constitutio
1381 2466 1527 2501 autern

69 2524 162 2566 vult
192 2526 248 2566 ab
280 2527 484 2567 omnibus
506 2528 576 2580 agi
602 2529 775 2581 gratias,
799 2530 977 2582 “quas''
1001 2532 1153 2584 inquit,
1180 2536 1366 2573 “omnes
1399 2547 1529 2586 agere

68 2598 264 2639 debent.''
320 2600 428 2640 Ideo
452 2601 495 2641 B.
512 2601 799 2643 Vincentius.4
848 2604 987 2644 “Non
1010 2605 1198 2657 parcas,”
1222 2608 1373 2659 inquit,
1399 2609 1528 2647 “voci

68 2677 167 2722 tuae,
190 2673 268 2712 sed
297 2674 541 2714 secundum
570 2676 907 2727 possibilitatem
934 2684 1057 2718 tuam
1084 2679 1359 2732 gratias-age
1393 2680 1529 2720 bono-

68 2759 162 2785 rum
196 2747 392 2786 omnium
425 2747 627 2800 largitori.
699 2750 889 2792 Parcunt
920 2759 1069 2793 autem
1104 2753 1198 2794 voci
1241 2766 1342 2802 suae,
1378 2753 1452 2805 qui
1486 2754 1529 2793 in

239 2859 252 2880 ²
276 2861 318 2893 In
342 2862 424 2903 Reg.
445 2872 472 2895 c.
491 2871 544 2904 43.
668 2862 681 2881 ²
707 2864 789 2906 Reg.
810 2866 898 2898 brev.
920 2877 951 2908 q.
976 2867 1045 2907 136.
1161 2865 1174 2886 3
1198 2867 1280 2908 Reg.
1305 2875 1353 2899 12,

588 2913 602 2932 4
624 2914 732 2948 Tract.
754 2916 820 2949 Vit.
844 2917 929 2958 Spir.
950 2928 976 2950 c.
999 2924 1027 2958 7.

246 2974 273 3006 Z
