1903 3197
254 158 350 215 408
578 158 658 204 De
691 159 880 205 ratione
913 157 1105 205 vivendi
1138 160 1399 207 Societatz's.

254 290 497 329 secundum
548 291 823 343 propositum
866 297 910 330 et
957 291 1284 344 professionem,
1328 298 1376 332 ut
1416 293 1478 333 ait
1519 293 1727 345 Basilius,

253 364 315 404 ita
356 370 404 403 ut
440 363 616 404 habitus
658 364 819 417 pariter
863 378 1094 418 moresque
1135 364 1442 406 consentiant.1
1504 367 1730 421 Idemque·

251 436 353 477 alibi
378 438 559 489 quaerit:
594 437 712 488 “An‚
735 438 770 477 si
800 439 898 491 quis
929 439 1188 480 indumenta
1208 439 1362 479 viliora
1393 440 1454 480 ita
1477 442 1720 494 composite

197 557 204 561 -
252 518 444 565 apteque
479 518 614 565 gerat,
650 519 698 553 ut
731 513 908 553 studeat
942 513 1145 554 decorem
1182 514 1284 553 inde
1322 514 1513 567 aliquem
1551 529 1719 568 capere,

252 587 287 625 is
323 585 543 638 peccet’'?
605 586 954 639 Respondetque
994 587 1299 640 planissimum
1343 601 1438 627 esse
1480 588 1632 629 “hunc
1667 604 1718 630 eo

252 660 408 700 morbo
438 660 648 709 laborare,
673 661 792 713 quod
822 661 1074 701 hominibus
1103 662 1275 714 placere
1296 662 1411 710 velit,
1437 669 1720 716 mentemque

251 734 344 785 ejus
382 748 407 774 a
445 735 543 774 Deo
578 735 750 787 longius
783 733 1017 787 evaga1·i.''2
1079 736 1211 775 Porro
1244 736 1287 774 in
1319 735 1720 778 Constitutionibus

252 808 410 847 nostris
452 808 495 847 id
538 808 833 860 praescribitur
866 808 1049 847 vestitus
1089 821 1239 860 genus,
1276 809 1394 861 quod
1437 810 1493 850 ad
1536 811 1718 851 mortifi-

253 881 471 921 cationem
525 888 567 921 et
609 881 949 933 abnegationem
1002 882 1067 920 sui
1120 881 1262 931 faciat,
1305 889 1349 922 et
1393 884 1450 922 ad
1503 884 1717 925 mundum

251 955 433 1006 ejusque
475 955 716 994 vanitatem
762 954 844 993 sub
885 955 1072 1006 pedibus
1123 955 1499 997 conculcandam.3
1563 958 1716 999 Habes

250 1034 398 1068 autem
431 1028 686 1080 exemplum
711 1028 829 1080 apud
861 1028 1088 1068 Cesarium
1119 1028 1278 1068 nobilis
1307 1029 1537 1081 cujusdam
1569 1045 1719 1073 mona-

249 1101 329 1149 chi,
353 1101 426 1153 qui
459 1115 558 1141 cum
582 1101 750 1141 calceos
781 1102 911 1141 nimis
942 1102 1143 1142 astrictos
1176 1102 1387 1152 indueret,
1418 1103 1531 1144 belle
1562 1119 1587 1145 a
1619 1119 1720 1158 rege

251 1175 408 1216 Galliae
441 1175 599 1216 dieitur
631 1175 920 1216 insimulatus.
988 1175 1218 1216 Hactenus
1250 1177 1305 1216 de
1327 1178 1443 1217 victu
1474 1191 1524 1217 ac
1546 1180 1735 1228 vestitu„

250 1249 292 1288 in
316 1249 476 1301 quibus
498 1263 648 1289 eorum
667 1250 740 1301 qui
764 1249 948 1288 nimium
967 1262 1062 1289 sese
1080 1256 1232 1289 amant
1250 1251 1499 1291 sollicitudo
1513 1258 1720 1293 versatur.

250 1322 464 1363 Dicamus
491 1323 583 1375 jam
618 1323 673 1363 de
705 1323 912 1375 reliquis;
955 1323 1229 1364 habitatione
1271 1324 1451 1377 inquam
1485 1331 1528 1365 et
1565 1326 1720 1374 officio,

252 1397 324 1437 ubi
358 1398 615 1437 eorumdem
648 1396 899 1437 sollicitudo
922 1397 1082 1437 versari
1116 1397 1238 1438 solet.

336 1471 406 1511 Ac
439 1472 494 1511 de
530 1471 803 1511 habitatione
840 1472 1019 1524 quidem
1053 1471 1285 1524 dupliciter
1320 1472 1440 1525 loqui
1473 1487 1721 1526 possumus,

248 1545 316 1584 vel
351 1546 405 1585 de
443 1546 619 1598 regione
662 1546 704 1584 in
748 1559 835 1597 qua
877 1546 974 1597 quis
1015 1544 1197 1594 habitat,
1231 1546 1299 1586 vel
1343 1547 1398 1586 de
1440 1548 1640 1597 cubiculo
1678 1550 1720 1588 in

249 1633 336 1671 quo
374 1619 505 1672 degit.
570 1620 639 1659 De
674 1620 852 1672 regione
890 1619 1057 1659 dictum
1092 1627 1158 1660 est
1191 1633 1333 1673 supra,
1369 1635 1469 1660 cum
1506 1622 1561 1661 de
1598 1635 1722 1674 pera-

248 1693 426 1745 grandis
463 1693 592 1732 variis
628 1692 733 1732 locis
768 1693 1042 1745 agebamus3
1090 1706 1205 1733 nune
1239 1694 1429 1733 breviter
1461 1695 1516 1734 de
1548 1695 1723 1736 cubicu-

250 1766 391 1806 lorum
428 1766 715 1815 habitatione,
749 1767 791 1806 id
831 1767 951 1819 quod
986 1768 1206 1820 praecipue
1238 1774 1409 1820 spectat
1442 1769 1711 1811 Constitutio

1715 1805 1724 1820 7

249 1841 459 1880 dicamus.
524 1841 648 1880 Duas
677 1846 827 1880 autem
859 1842 1139 1893 potissimum
1172 1841 1229 1881 ob
1255 1855 1408 1881 causas
1439 1841 1535 1883 haec
1566 1844 1724 1884 sollici-

248 1915 357 1954 tudo
400 1914 560 1967 suscipi
603 1914 726 1963 solet,
765 1914 834 1954 vel
876 1915 978 1967 quia
1023 1915 1066 1954 in
1110 1928 1196 1955 uno
1239 1915 1484 1969 eodemque
1526 1918 1724 1959 cubiculo
1784 1935 1790 1942 ·

251 1988 436 2028 aliorum
479 2003 566 2029 non
610 1989 756 2042 placet
798 1989 994 2038 societas,
1043 1996 1222 2042 optatur
1263 1991 1379 2029 enim
1429 2005 1455 2031 a
1502 1992 1724 2045 plerisque

251 2064 476 2115 proprium
519 2077 569 2102 ae
615 2063 757 2103 solum
800 2063 1078 2113 eubiculum;
1129 2063 1197 2103 vel
1244 2064 1346 2115 quia
1388 2077 1476 2103 non
1519 2065 1724 2105 omnibus

251 2138 352 2176 anni
395 2137 672 2190 temporibus
715 2143 870 2190 aptum
923 2143 998 2186 est,
1049 2151 1148 2177 cum
1199 2138 1256 2177 sit
1305 2137 1496 2177 hibernis
1539 2139 1724 2179 fortasse

247 2211 457 2263 frigidius,
506 2211 668 2251 aestivis
714 2226 818 2251 vero
860 2211 1107 2252 ferventius.
1199 2211 1369 2263 Quibus
1420 2218 1569 2252 autem
1621 2227 1721 2253 con-

251 2285 437 2325 tubernii
473 2286 661 2326 societas
702 2286 881 2325 minime
918 2285 1073 2338 placet,
1111 2286 1138 2324 ii
1176 2292 1252 2325 aut
1289 2285 1491 2326 libertate
1528 2288 1719 2338 quadam

250 2359 349 2398 duci
389 2358 542 2407 solent,
578 2372 714 2411 quam
752 2359 914 2411 proprii
952 2359 1079 2399 affert
1109 2358 1358 2398 sollicitudo
1390 2359 1603 2406 cubiculi;
1646 2367 1723 2400 aut

251 2433 511 2473 necessitate
545 2433 704 2485 quietis
742 2446 792 2472 ac
831 2433 986 2481 somni,
1020 2433 1093 2484 qui
1126 2432 1504 2473 contubernalium
1537 2435 1722 2487 strepitu

251 2507 591 2559 interrumpitur.
696 2507 785 2548 Sed
838 2519 918 2546 nec
969 2507 1179 2559 strepitus
1241 2507 1462 2547 societatis
1520 2506 1721 2548 fraternae

250 2581 510 2633 plerumque
533 2586 682 2621 tantus
706 2587 782 2628 est,
808 2585 856 2620 ut
879 2581 1169 2620 necessariam
1192 2580 1483 2633 interrumpat
1506 2582 1741 2633 quietem;.

248 2656 323 2707 qui
345 2655 380 2695 si
404 2660 527 2703 esset,
547 2655 668 2707 justa
697 2654 879 2694 forsitan
911 2659 1025 2694 esset
1055 2668 1187 2694 causa
1216 2655 1497 2707 permutandi
1520 2654 1719 2695 cubiculi.

249 2729 343 2769 Nec
377 2729 591 2769 libertatis
627 2728 847 2782 cupiditas
881 2728 992 2768 tanti
1029 2735 1094 2768 est
1130 2728 1331 2768 facienda
1368 2734 1417 2768 ut
1457 2728 1583 2768 bonis
1621 2728 1717 2777 illis,

246 2816 344 2855 quae
382 2817 439 2843 ex
477 2802 658 2843 fratrum
701 2802 990 2843 contubernio
1032 2808 1369 2854 consequuntur,
1408 2802 1718 2854 anteponenda

376 2891 387 2910 ¹
413 2892 466 2924 De
484 2892 590 2924 Instit.
612 2893 705 2924 Mon.
842 2890 855 2909 2
880 2891 965 2922 Ibid.
1105 2890 1118 2910 3
1142 2891 1215 2923 Par.
1237 2899 1266 2931 3.
1287 2902 1314 2923 c.
1335 2899 1364 2923 2.
1386 2892 1403 2930 ξ
1425 2898 1454 2930 3.
1475 2891 1524 2922 lit.
1547 2890 1584 2922 C.
