1903 3197
509 213 588 258 De
619 211 803 273 agenda
838 210 1012 271 ubique
1044 208 1157 255 vita.
1512 216 1570 263 73

110 347 304 389 concutis
346 352 391 387 at
427 358 525 386 cum
569 343 686 384 istud
728 342 945 383 exemeris
988 340 1164 388 malum,
1199 339 1342 379 omnis
1385 336 1572 377 mutatio

111 422 194 463 loci
227 419 422 474 jucunda
455 419 540 459 fiet.
605 418 656 457 In
691 417 869 457 ultimas
904 413 1139 468 expellaris
1172 419 1308 453 terras
1341 411 1498 459 licebit,
1530 410 1573 449 in

111 495 308 549 quolibet
350 494 563 535 barbariae
605 491 767 544 angulo
809 489 1043 535 colloceris,
1086 486 1330 539 hospitabit
1370 486 1448 525 tibi
1502 483 1574 524 illa

112 570 424 623 qualiscunque
456 567 581 607 sedes
614 564 729 606 erit.’'

200 643 370 684 Ultima
406 647 541 682 restat
562 653 719 698 causa,
751 638 867 678 salus
903 637 1220 690 proximorum,
1252 647 1350 686 quae
1393 633 1427 671 si
1472 631 1574 672 alibi

112 712 311 771 speratur
344 715 523 765 uberior,
552 714 652 755 illuc
684 713 802 753 omni
840 711 986 752 studio
1019 724 1069 751 ac
1101 708 1318 749 desiderio
1350 705 1577 746 contendi-

112 799 207 832 tur:
250 791 316 830 sin
359 790 500 829 minor
541 802 658 841 aegre
700 787 945 827 disceditur.
1010 784 1098 825 Sed
1140 782 1210 822 hic
1253 794 1427 834 quoque
1470 779 1577 819 latet

112 864 331 904 interdum
374 863 501 907 fraus,
544 869 587 902 et
629 862 807 914 quidem
850 858 1128 901 eoenodoxiae
1172 862 1304 908 atque
1346 853 1574 907 superbiae.

114 952 189 979 seu
228 937 346 990 quod
388 937 469 985 hic,
508 937 579 976 ubi
624 940 817 976 nostram
861 946 1072 973 navamus
1111 943 1290 983 operam
1328 927 1496 975 animis,
1535 927 1578 965 in

114 1013 256 1065 pretio
288 1011 513 1060 habemur,
537 1016 580 1050 et
613 1010 655 1049 in
687 1008 822 1049 oculis
854 1006 1050 1048 omnium
1083 1018 1259 1053 sumus;
1292 1013 1579 1052 veremurque

116 1098 184 1135 ne,
214 1085 248 1124 si
281 1083 367 1124 alio
399 1084 586 1135 migrare
623 1082 862 1133 contingat,
899 1093 985 1120 non
1023 1092 1147 1130 aeque
1180 1077 1347 1129 accepti
1379 1074 1581 1128 gratique

116 1157 370 1198 hominibus
399 1156 531 1196 futuri
561 1156 723 1204 simus;
756 1168 830 1194 seu
854 1152 973 1206 quod
1006 1152 1108 1192 alibi
1141 1151 1238 1204 plus
1272 1149 1398 1189 nobis
1430 1147 1580 1201 gloriae

117 1231 547 1282 existimationisque
588 1229 856 1282 pollicemur,
891 1240 1022 1280 quam
1065 1227 1145 1273 hic,
1185 1225 1257 1265 ubi
1303 1238 1382 1277 pro
1425 1222 1582 1263 animis

117 1305 394 1346 desudamus.
458 1303 547 1345 Sed
582 1310 673 1343 tam
711 1304 919 1356 speciosae
955 1315 1098 1341 causae
1133 1299 1258 1340 facile
1292 1309 1580 1342 occurremuS,

118 1380 153 1418 si
189 1378 317 1431 hujus
350 1378 409 1417 rei
442 1377 656 1430 judicium
694 1376 853 1416 nostris
891 1374 1239 1415 moderatoribus
1272 1371 1582 1423 relinquamus,

116 1452 190 1505 qui
214 1453 391 1504 quidem
415 1451 554 1491 multo
578 1450 743 1498 melius,
768 1462 900 1502 quam
933 1461 1024 1496 nOS,
1058 1446 1308 1498 intelligunt
1331 1445 1404 1484 ubi
1435 1449 1584 1484 nostra

119 1540 253 1579 opera
285 1526 520 1566 collocetur
553 1524 710 1572 utilius,
730 1530 824 1564 tum
848 1524 951 1575 quia
984 1521 1043 1561 illi
1076 1521 1404 1574 perturbatione
1437 1517 1584 1566 animi,

119 1614 206 1653 qua
240 1600 504 1653 impedimur
538 1600 630 1652 ipsi,
665 1599 720 1638 de
755 1597 912 1651 quibus
946 1597 1101 1648 agitur,
1130 1595 1254 1635 liberi
1289 1600 1401 1642 sunt,
1434 1591 1584 1632 omnia

117 1675 234 1714 enim
257 1673 390 1714 divini
421 1673 618 1725 obsequii
646 1672 796 1724 regula
827 1678 870 1711 et
893 1671 1139 1710 animarum
1169 1669 1287 1709 bono
1317 1667 1585 1714 metiuntur;

118 1753 213 1788 tum
236 1748 339 1800 quia
361 1761 440 1787 nos
458 1747 551 1799 jam
574 1747 741 1799 optime
764 1751 1097 1798 perspexerunt,
1116 1749 1322 1795 totosque
1345 1746 1584 1785 tentarunt,

122 1827 166 1861 et
199 1821 350 1873 quanti
387 1821 443 1860 sit
481 1821 779 1872 unusquisque
815 1824 1012 1859 nostrum
1055 1831 1143 1857 non
1180 1817 1442 1868 ambigunt;
1489 1820 1584 1853 tum

123 1894 313 1945 denique
359 1894 463 1946 quia
515 1894 637 1932 Deus
687 1892 881 1946 praelatis
933 1892 1069 1939 adest,
1118 1896 1165 1930 ut
1217 1891 1278 1929 ait
1330 1889 1372 1929 S.
1410 1888 1586 1927 Marcus

123 1968 418 2016 Anachoreta‚
449 1973 493 2007 et
523 1980 600 2020 per
636 1980 710 2006 eos
746 1966 1024 2019 potissimum
1063 1977 1188 2004 suam
1226 1962 1354 2002 nobis
1391 1966 1584 2001 mentem

124 2042 485 2093 voluntatemque
527 2040 732 2087 declarat,
777 2044 988 2091 tanquam
1032 2051 1109 2090 per
1155 2038 1413 2089 interpretes
1455 2040 1588 2086 atquo

123 2114 431 2162 internuncios,
455 2127 534 2167 pro
563 2120 681 2154 certo
710 2111 927 2160 habendo,
953 2117 998 2151 ut
1023 2111 1373 2151 Constitutiones
1402 2108 1587 2160 loquun-

121 2196 207 2238 tur,
238 2188 355 2241 quod
398 2202 449 2228 ea
491 2188 658 2228 ratione
699 2187 857 2240 potius,
891 2199 1024 2238 quam
1069 2199 1112 2225 re
1154 2184 1239 2224 alia
1271 2183 1423 2236 quavis
1455 2195 1587 2234 quam

124 2269 333 2316 praestare
350 2263 447 2315 quis
464 2262 603 2315 possit
620 2261 842 2314 propriam
861 2259 1136 2300 voluntatem
1153 2272 1203 2299 ac
1217 2258 1432 2310 judicium
1451 2256 1591 2296 diver-

121 2350 219 2377 sum
251 2335 473 2384 sectando,
503 2336 663 2375 divinae
693 2333 908 2375 voluntati
943 2332 1225 2386 respondebit
1249 2332 1291 2371 P.
1316 2332 1353 2380 6,
1377 2344 1409 2371 c.
1440 2342 1472 2378 1,
1496 2328 1522 2383 ξ
1558 2340 1590 2377 1,

123 2410 167 2450 in
205 2409 301 2450 fine.
382 2408 681 2449 Permittenda
723 2408 855 2460 igitur
891 2420 1040 2447 eorum
1075 2406 1241 2459 judicio
1277 2411 1372 2445 tota
1409 2418 1476 2444 res
1514 2409 1591 2451 est,

124 2490 174 2524 ut
201 2497 299 2524 cum
333 2484 581 2524 nuntiatum
615 2482 744 2523 fuerit
774 2481 860 2522 alio
893 2479 1186 2534 migrandum,
1209 2480 1329 2520 omni
1363 2479 1424 2518 eis
1455 2477 1589 2518 animi

125 2558 418 2610 propensione
443 2556 700 2610 parendum,
726 2556 969 2608 eademque
992 2555 1202 2607 aequitate
1225 2553 1360 2594 animi
1391 2552 1595 2592 insisten-

131 2630 249 2679 dum,
273 2631 345 2671 ubi
374 2630 467 2683 jam
500 2644 661 2679 sumus,
685 2629 895 2682 quamdiu
928 2627 1034 2669 nihil
1067 2628 1292 2668 nuntiatur
1324 2626 1435 2666 novi.

222 2703 307 2743 His
339 2704 582 2745 rationibus
613 2709 747 2756 atque
775 2703 990 2756 praesidiis
1019 2716 1100 2743 nos
1129 2702 1381 2742 muniamus
1409 2703 1597 2751 oportet,

130 2778 166 2818 si
209 2777 320 2818 forte
361 2777 454 2827 loci,
489 2778 533 2817 in
566 2791 654 2830 quo
691 2777 904 2830 degimus,
940 2777 1104 2818 taedere
1145 2789 1225 2816 nos
1267 2772 1479 2826 coeperit;
1522 2775 1598 2811 aut

132 2852 189 2892 ab
212 2865 263 2892 eo
285 2864 402 2904 aegre
427 2850 685 2891 divellimur.
748 2850 933 2892 Summa
962 2856 1029 2890 est
1050 2849 1168 2890 enim
1196 2848 1302 2895 haec,
1327 2843 1596 2885 studendum

131 2938 228 2966 esse
262 2925 453 2978 primum
481 2937 595 2965 verae
628 2924 771 2965 cordis
803 2922 1053 2970 humilitati,
1077 2920 1420 2973 frangendisque
1448 2916 1602 2958 volun-
