1903 3197
277 172 374 229 488
601 172 682 218 De
713 172 903 218 ratione
936 172 1128 218 vivendi
1159 172 1420 219 Socz‘etatz's.

276 301 426 344 flectat
448 304 542 357 ipsa
566 305 805 345 necessitas
825 318 834 345 ε
866 318 985 358 saepe
1007 305 1125 357 quod
1149 304 1421 345 necessitatis
1443 318 1537 345 esse
1558 305 1742 354 videtur,

278 382 345 418 est
376 378 480 419 vitii.
545 378 809 419 Necessitati
844 379 977 431 igitur
1010 392 1097 419 non
1133 378 1349 432 voluptati
1384 379 1654 432 parendum:
1698 387 1741 421 et

276 464 380 492 vera
416 452 652 492 necessitas
690 443 980 505 agnoscenda,
1018 467 1074 494 ne
1115 466 1194 506 pro
1232 452 1491 493 necessitate
1527 453 1744 507 voluptas,

276 525 431 566 habitu
465 527 688 576 ementito,
723 530 802 567 nOs
835 526 992 567 fallat.'’

364 599 465 652 Jam
507 599 696 640 charitas
728 601 824 653 ipsa
864 590 982 640 cum*
1006 600 1152 640 cibum
1194 613 1367 640 sumere
1403 605 1531 640 extra
1567 607 1750 654 tempus-

276 673 445 722 suadet,
481 687 556 714 seu
593 679 775 727 propter
807 673 1001 714 advenas
1038 679 1082 713 et
1121 673 1318 726 hospites
1352 673 1516 722 fratres,
1550 688 1624 714 seu
1660 674 1746 715 alio

275 745 530 799 hujusmodi
553 748 743 795 nomine,
768 747 917 799 negari
941 760 1028 786 non
1057 753 1215 799 potest,
1239 747 1344 799 quin
1374 748 1418 787 id
1448 746 1631 788 honeste
1653 748 1741 796 fiat,

278 824 323 861 et
344 820 568 873 religiosos
593 821 726 860 etiam
756 833 898 860 mores
920 818 1086 869 deceat,
1106 818 1257 860 habita
1279 826 1427 860 tamen
1459 835 1747 874 personarum

276 895 455 935 ratione.
541 894 773 934 Habemus
826 894 941 934 enim
996 893 1204 946 exempla
1255 901 1517 945 sanctorum,
1559 897 1632 948 qui
1687 897 1742 937 ad

275 966 500 1020 hospitum
553 967 794 1007 adventum
847 980 926 1007 sua
973 966 1140 1019 jejunia
1190 966 1431 1017 solvebant,
1489 974 1536 1008 ut
1597 969 1746 1009 scribit

278 1040 516 1082 Cassianus
536 1039 566 1088 31
619 1041 828 1093 quoniam
882 1040 1153 1093 probabilius
1204 1040 1455 1090 censebant,
1502 1054 1589 1081 non
1641 1043 1748 1094 quid

276 1113 480 1154 voluntas
502 1113 757 1166 utilitasque
785 1120 945 1163 nostra,
970 1128 1045 1154 seu
1078 1113 1281 1154 desiderii
1314 1114 1444 1154 ardor
1475 1121 1755 1167 exposceret„

277 1188 610 1238 attendendum,
642 1188 718 1228 sed
752 1188 871 1240 quod
910 1188 1184 1228 advenientis
1214 1188 1385 1240 requies
1416 1187 1484 1227 vel
1518 1187 1755 1229 infirmitas

278 1261 488 1314 exigeret,
521 1262 882 1314 praeponendum,
915 1268 957 1302 et
991 1267 1217 1314 gratanter
1248 1260 1532 1314 implendum.
1597 1261 1750 1314 Quan-

278 1347 412 1387 quam
450 1334 494 1374 id
531 1348 619 1375 non
657 1341 748 1374 tam
787 1335 1011 1386 juniorum
1049 1349 1181 1388 quam
1224 1334 1446 1374 seniorum
1489 1335 1595 1375 fuit:
1648 1335 1748 1376 ideo

279 1408 386 1456 dixi,
424 1407 576 1449 habita
632 1421 917 1461 personarum
972 1410 1150 1450 ratione.
1262 1409 1553 1462 Rogatusque
1604 1412 1748 1452 senior

279 1480 493 1534 quidam‚2
534 1495 610 1521 cur
651 1488 742 1521 tam
780 1482 907 1522 facile
944 1482 999 1522 ad
1040 1482 1264 1535 hospitum
1301 1483 1541 1523 adventum
1579 1483 1747 1536 jejunia

278 1555 397 1608 apud
432 1555 551 1607 ipsos
586 1554 867 1604 solverentur,
902 1556 962 1596 ita
995 1555 1245 1608 respondit:
1284 1555 1543 1608 “Jejuniurn
1575 1571 1749 1611 semper

279 1634 346 1669 est
369 1641 563 1678 mecum,
595 1642 674 1668 vos
697 1634 843 1668 autem
869 1630 1077 1669 continuo
1100 1629 1368 1678 dimissurus,
1394 1643 1566 1670 mecum
1587 1631 1750 1684 jugiter

277 1708 428 1742 tenere
458 1715 545 1742 non
577 1715 785 1754 possum:
819 1708 863 1742 et
890 1702 1090 1754 jejunum
1120 1702 1312 1754 quidem,
1347 1702 1447 1742 licet
1475 1703 1582 1744 utile
1611 1705 1667 1745 sit
1698 1718 1748 1746 ac

273 1774 440 1828 jugiter
461 1775 765 1823 necessarium,
788 1781 938 1815 tamen
969 1774 1203 1815 voluntarii
1235 1775 1427 1815 muneris
1459 1782 1525 1816 est
1556 1776 1755 1817 oblatio:

279 1861 391 1901 opus
426 1853 574 1887 autem
608 1847 832 1888 charitatis
863 1846 1046 1901 impleri,
1087 1848 1227 1901 exigit
1258 1849 1466 1901 praecepti
1500 1851 1746 1891 necessitas.

279 1921 439 1973 Itaque
471 1921 714 1974 suscipiens
746 1921 790 1961 in
822 1921 947 1961 vobis
980 1920 1218 1970 Christum,
1246 1921 1422 1961 reficere
1453 1936 1553 1962 eum
1581 1923 1723 1965 debeo
1741 1938 1757 1964 :⁷

280 1994 504 2036 deducens
537 2001 686 2035 autem
708 2009 796 2044 vos,
819 1994 1141 2035 humanitatem
1164 1994 1258 2047 ejus
1287 1995 1470 2036 obtentu
1503 1997 1754 2049 praebitam,

281 2068 543 2109 districtiore
590 2068 759 2121 jejunio
810 2069 854 2108 in
906 2069 1170 2122 memetipso
1221 2074 1376 2122 potero
1427 2070 1748 2123 compensare.”

283 2143 521 2195 Propterea
563 2142 713 2182 scribit
755 2142 872 2182 idem
912 2142 1149 2183 Cassianus
1189 2156 1338 2182 senem
1381 2143 1619 2195 quemdam
1663 2158 1757 2185 uno*⁴

281 2215 527 2267 eodemque
585 2215 656 2255 die
712 2216 859 2254 sexies
919 2216 1100 2255 diversis
1155 2215 1488 2255 advenientibus
1544 2215 1758 2257 fratribus.

281 2287 557 2328 comedisse.3
619 2288 781 2329 “Satis
814 2293 963 2328 autem
1000 2288 1240 2328 absurdum
1275 2288 1377 2337 est,''
1415 2294 1463 2329 ut
1499 2289 1560 2330 ait
1592 2290 1754 2331 Abbas

282 2361 477 2413 Moyses,
503 2365 526 2381 “
542 2366 590 2401 ut
613 2360 746 2409 fratri,
771 2361 861 2400 imo
885 2360 1061 2401 Christo
1090 2374 1289 2401 mensam
1312 2361 1510 2411 offerens,
1533 2376 1620 2403 non
1650 2377 1749 2404 cum

282 2447 334 2474 eo
366 2434 514 2474 cibum
549 2434 712 2487 pariter
746 2447 905 2483 sumas,
941 2440 1016 2474 aut
1050 2433 1106 2473 ab
1143 2433 1235 2486 ejus
1269 2434 1504 2475 refectione
1540 2441 1584 2475 te
1618 2435 1759 2477 facias

279 2505 531 2547 alienum.''4
598 2506 828 2547 Abbatem
855 2520 1031 2559 quoque
1066 2506 1309 2559 Sylvanum
1343 2507 1387 2547 in
1413 2507 1512 2547 vitis
1546 2508 1748 2550 Patrum5

277 2579 476 2633 legimus,
499 2593 598 2620 cum
632 2580 948 2621 monachorum
976 2593 1107 2620 causa
1130 2593 1237 2620 mox
1260 2595 1283 2620 e
1306 2582 1571 2621 monasterio
1603 2595 1748 2634 egres-

281 2667 418 2704 surus,
456 2653 576 2707 prius
611 2653 759 2694 cibum
799 2667 885 2694 una
922 2654 1191 2706 sumpsisset,
1229 2660 1471 2707 posteaque
1508 2668 1666 2704 comes,
1705 2655 1754 2696 in,

283 2727 438 2768 itinere
480 2741 597 2780 aqua
639 2727 888 2777 adinventa,
930 2728 986 2767 ad
1037 2727 1284 2780 potandum
1337 2728 1551 2777 invitaret,
1597 2733 1758 2781 potare·

665 2841 678 2859 ¹
704 2842 742 2873 L.
762 2850 792 2882 9.
815 2842 895 2873 Inst.
917 2852 944 2872 c.
965 2849 1016 2882 23.
1109 2840 1122 2859 ‘²
1147 2842 1184 2874 L.
1206 2850 1235 2881 9.
1257 2852 1284 2873 e.
1305 2850 1357 2881 24.

497 2890 511 2911 ³
536 2892 616 2934 Cap.
638 2900 690 2932 29.
827 2891 840 2910 ‘¹
865 2892 950 2924 Coll.
972 2900 1001 2924 2.
1022 2903 1049 2923 c.
1069 2891 1121 2923 26.
1259 2891 1272 2911 ⁵
1297 2893 1370 2925 Par.
1390 2900 1420 2924 2.
1441 2893 1457 2931 ἓ
1481 2901 1532 2924 22.
