1903 3197
293 184 309 213 1
323 180 380 227 52
613 168 694 214 De
727 168 917 214 ratione
950 168 1145 215 vivendi
1179 169 1436 217 Socz‘etatz's.

288 301 362 354 qui
406 313 487 341 nos
529 300 688 341 detulit
736 314 959 351 excusare,
1002 309 1215 355 tanquam
1259 317 1346 344 non
1388 302 1626 344 audentem
1678 319 1758 346 nos

285 374 421 415 libere
473 380 517 414 et
569 374 661 414 sine
712 375 978 428 ambagibus
1031 376 1280 426 admonere,
1333 383 1655 431 putantemque
1712 380 1754 419 id

285 448 479 489 muneris
511 449 568 488 ad
604 448 886 502 Superiorem
918 451 1066 503 potius
1099 451 1314 504 pertinere
1346 464 1480 503 quam
1513 465 1569 492 se.

374 522 642 572 Secundum,
678 529 866 575 augetur
908 537 964 563 ex
1007 524 1090 564 hoc
1129 525 1285 565 eodem
1328 525 1472 577 capite
1509 525 1755 576 difficultas,

285 595 390 649 quia
441 596 612 637 delator
663 610 766 646 rem,
806 611 939 650 quam
987 599 1138 648 desert,
1177 598 1419 651 amplificat
1460 604 1503 639 et
1545 613 1624 652 pro
1676 614 1755 640 suo

284 683 414 711 sensu
471 671 795 724 interpretatur,
847 678 924 711 aut
975 677 1116 712 totam
1170 672 1349 712 omnino
1403 673 1614 727 confingit
1665 674 1755 715 sive

286 758 429 786 errore
454 745 620 798 judicii,
644 745 735 786 sive
767 746 913 786 studio
946 746 1197 787 mentiendi.
1262 747 1351 788 Sed
1385 761 1439 787 ne
1471 747 1554 788 hoc
1576 748 1756 801 quidem

284 819 414 860 valde
465 832 641 860 movere
693 833 773 860 nos
825 820 968 870 debet,
1028 827 1079 860 10.
1124 821 1238 873 quia,
1291 828 1583 874 praeterquam
1637 824 1756 875 quod

286 892 497 946 Superior
526 907 613 933 non
636 895 786 934 omnia
808 894 946 935 credit
969 908 1111 947 neque
1133 894 1551 948 amplificationibus
1580 896 1754 950 patulas

285 967 455 1021 praebet
487 981 626 1017 aures,
659 981 777 1020 saepe
810 968 943 1008 etiam
979 968 1071 1008 fieri
1104 968 1227 1017 solet,
1261 974 1307 1008 ut
1339 970 1458 1021 quod
1489 970 1614 1010 nobis
1647 970 1756 1012 falso

282 1046 492 1095 putamus
539 1041 761 1093 objectum
805 1042 1080 1081 verissimum
1131 1046 1281 1081 tamen
1333 1042 1400 1092 sit,
1443 1043 1477 1082 si
1525 1057 1625 1084 vere
1676 1058 1755 1085 1105

282 1114 496 1168 dispicere
529 1121 573 1155 et
604 1114 698 1154 sine
729 1116 1029 1155 assentatione
1056 1114 1253 1164 velimus,
1278 1117 1355 1156 sed
1388 1117 1515 1156 caecis
1547 1118 1751 1158 nimirum

283 1201 432 1229 amore
465 1189 601 1228 nostri
636 1188 795 1229 falsum
828 1203 1026 1242 persaepe
1048 1189 1231 1239 videtur,
1256 1190 1375 1242 quod
1406 1204 1451 1230 re
1480 1191 1575 1243 ipsa
1602 1205 1754 1232 verum

282 1267 358 1303 est.
442 1262 573 1311 Nam,
603 1268 651 1302 ut
685 1262 746 1302 ait
781 1263 994 1303 Basilius:
1030 1262 1459 1315 “Quemadmodum
1492 1264 1536 1304 in
1566 1266 1754 1318 corpori-

283 1336 365 1377 bus
395 1337 523 1377 multi
554 1342 656 1377 sunt
680 1337 819 1377 morbi
848 1351 959 1390 quos
989 1351 1076 1378 non
1106 1338 1302 1378 sentiunt
1325 1338 1497 1388 infirmi,
1520 1339 1575 1379 de
1598 1340 1756 1392 quibus

282 1415 434 1451 tamen
472 1424 651 1451 11000550
683 1417 749 1451 est
783 1417 831 1452 ut
867 1412 1007 1463 magis
1045 1412 1226 1452 credant
1264 1412 1533 1452 medicorum
1566 1412 1753 1464 judiciis,

283 1497 416 1537 quam
459 1485 648 1538 propriae
691 1485 969 1538 stupiditati:
1017 1485 1076 1525 sic
1119 1485 1162 1525 in
1206 1486 1363 1525 animis
1400 1486 1506 1526 vitia
1547 1486 1750 1539 quaedam

281 1564 384 1598 sunt
431 1572 529 1610 quae
580 1572 668 1599 non
721 1559 827 1599 satis
880 1559 1094 1608 novimus,
1147 1560 1224 1599 sed
1277 1560 1489 1600 debemus
1547 1560 1756 1601 adhibere

282 1631 416 1672 fidem
460 1633 602 1685 magis
644 1633 695 1673 iis
737 1633 810 1685 qui
854 1632 978 1685 plura
1021 1639 1206 1686 possunt
1243 1634 1474 1674 observare
1510 1634 1566 1674 de
1615 1635 1754 1680 nobis,

282 1719 416 1758 quam
440 1720 519 1746 nos
543 1705 684 1759 ipsi.”1
732 1707 791 1747 Et
813 1706 895 1747 hoc
919 1708 1000 1760 ipsi
1024 1721 1200 1761 quoque
1222 1707 1430 1761 Apostoli
1454 1709 1751 1759 ostenderunt,

278 1793 378 1820 cum
402 1780 457 1820 de
486 1795 566 1820 suo
595 1794 699 1834 erga
730 1781 973 1821 Dominum
1001 1782 1169 1821 sincero
1195 1782 1355 1822 affectu
1386 1783 1523 1822 securi
1555 1796 1605 1822 ac
1632 1784 1750 1833 certi,

278 1860 427 1895 tamen
451 1854 686 1895 dixerunt:
711 1854 943 1907 Numquid
967 1868 1050 1907 ego
1073 1869 1170 1895 sum
1195 1855 1418 1896 Domine?
1451 1855 1597 1896 Amor
1619 1856 1750 1909 igitur

280 1928 347 1969 sui
380 1929 515 1981 ipsius
548 1928 768 1969 adulterat
796 1928 1010 1981 judicium
1043 1929 1143 1977 veri,
1179 1936 1222 1970 et
1254 1930 1289 1970 is
1321 1929 1501 1970 demum
1534 1931 1660 1971 nobis
1692 1932 1753 1972 sic

280 2003 528 2056 persuadet,
558 2003 676 2056 quod
715 2003 771 2043 de
808 2003 934 2043 nobis
972 2002 1168 2043 delatum
1201 2010 1277 2052 est,
1310 2003 1353 2043 id
1392 2004 1471 2044 niti
1510 2005 1752 2055 mendacio,

280 2083 357 2117 aut
378 2076 477 2129 plus
500 2076 657 2117 deferri
676 2090 809 2129 quam
834 2091 877 2117 re
900 2077 995 2130 ipsa
1017 2077 1303 2117 commissum
1322 2078 1398 2127 sit;
1422 2077 1541 2129 quod
1568 2078 1749 2130 planum

282 2163 340 2190 ex
383 2163 434 2190 eo
476 2150 568 2190 fieri
611 2155 770 2203 potest,
806 2151 925 2202 quod
969 2164 1048 2190 nos
1091 2151 1172 2203 ipsi
1215 2150 1523 2203 progrediente
1564 2151 1636 2192 die
1678 2152 1751 2193 ubi

281 2223 338 2264 ab
376 2225 525 2264 amore
562 2230 712 2264 nostro
749 2223 976 2276 paululum
1016 2224 1355 2273 discesserimus,
1391 2224 1577 2278 culpam,
1613 2239 1746 2278 quam

282 2310 397 2338 nunc
420 2298 676 2350 perturbato
695 2298 856 2337 mentis
873 2296 1000 2337 oculo
1019 2310 1106 2337 non
1125 2298 1415 2351 agnoscimus,
1431 2313 1724 2352 agnoscemus
1741 2316 1750 2351 3

283 2377 328 2413 et
369 2371 554 2412 fortasse
596 2371 865 2412 delatoribus
907 2385 1089 2425 agemus
1131 2373 1307 2425 gratiaS,
1340 2374 1459 2426 quod
1496 2373 1564 2413 vel
1602 2373 1750 2414 invitis

283 2452 582 2487 monstrarunt
616 2451 816 2487 erratum.
881 2451 936 2486 20.
974 2445 1095 2495 Esto,
1128 2445 1259 2499 longe
1297 2447 1412 2487 absit
1440 2460 1465 2487 a
1493 2460 1596 2487 vero
1630 2448 1749 2500 quod

281 2520 337 2561 de
369 2521 496 2560 nobis
528 2520 724 2561 delatum
758 2525 835 2570 est,
858 2525 1008 2560 tamen
1041 2534 1095 2560 110
1128 2526 1222 2560 tum
1255 2521 1435 2573 quidem
1468 2520 1632 2561 delatio
1655 2521 1750 2574 ipsa

280 2594 415 2635 debet
449 2609 543 2635 esse
579 2595 776 2646 molesta,
800 2608 899 2634 cum
935 2601 1028 2635 tota
1064 2595 1119 2635 sit
1155 2595 1272 2634 utilis
1306 2609 1356 2635 ac
1390 2595 1620 2647 salutaris;
1652 2602 1748 2636 tum

281 2669 386 2722 quia
436 2670 714 2710 conscientiae
762 2669 1064 2710 testimonium
1118 2682 1197 2709 nos
1240 2669 1368 2710 valde
1419 2669 1595 2719 solatur,
1645 2683 1746 2710 nam

280 2748 329 2782 ut
358 2743 420 2783 ait
450 2743 777 2784 Bonaventura:
812 2742 1010 2783 “Servus
1049 2742 1132 2782 Dei
1171 2756 1259 2783 non
1288 2742 1416 2782 timet
1445 2742 1745 2783 confusionem

277 2829 425 2858 coram
467 2817 730 2867 hominibus,
766 2817 837 2858 ubi
877 2830 977 2857 eum
1015 2830 1162 2857 coram
1207 2817 1306 2857 Deo
1349 2816 1616 2857 conscientia
1657 2830 1744 2857 non

842 2905 852 2924 ¹
879 2906 960 2947 Reg.
982 2906 1069 2938 brev.
1093 2913 1166 2947 301.
