1903 3197
523 156 602 202 De
635 162 761 202 recta
798 157 1068 205 intentione.
1436 171 1458 202 2
1473 171 1489 202 1
1502 171 1527 215 3

66 290 318 330 hominibus
350 289 534 342 probare
565 302 612 328 se
644 289 796 338 debet;
840 289 1046 341 alioquin,
1076 289 1110 329 si
1148 289 1400 330 hominibus
1437 288 1528 341 pla-

68 369 175 413 ceat,
215 362 375 404 Christi
418 376 567 403 servus
604 376 690 402 non
728 363 793 402 sit.
880 361 980 402 Hoc
1021 368 1170 402 autem
1213 363 1387 403 difficile
1429 376 1530 403 cum

70 437 136 486 sit,
170 438 363 477 studium
396 437 600 476 videlicet
637 436 922 487 laboremque
955 435 1184 475 desiderat.

159 511 364 552 Secunda
399 524 502 550 vero
539 509 743 559 conditio,
779 522 912 561 quam
950 510 1005 549 ad
1044 515 1206 549 rectam
1244 508 1531 549 intentionem

71 586 232 625 Beatus
264 585 391 624 Pater
416 584 566 637 exigit,
591 589 657 623 est
684 590 731 623 ut
754 598 804 623 ea
826 589 1021 623 versetur
1043 583 1233 635 primum
1257 582 1369 622 circa
1391 583 1532 634 cujus-

70 671 155 711 que
195 659 296 699 vitae
340 663 503 698 statum
545 658 817 710 generatim:
862 655 1108 704 “Omnes,'’
1146 656 1299 708 inquit,
1330 659 1531 696 “rectam

68 732 229 773 habere
271 732 560 772 intentionem
603 732 820 781 studeant,
855 745 942 771 non
979 730 1120 770 solum
1160 731 1272 770 61163
1301 731 1403 770 vita:
1442 744 1532 769 51116

71 805 270 846 statum.”
346 806 566 858 Supponit
604 805 735 858 igitur
772 812 934 845 rectam
974 811 1175 857 oportere
1213 818 1306 844 esse
1345 805 1533 857 primum

70 881 267 920 universe
304 880 416 920 circa
447 881 548 920 vitae
582 894 672 919 suae
705 885 881 928 statum,
918 880 977 918 ita
1010 885 1058 919 ut
1090 879 1232 919 omnis
1265 884 1414 918 nostra
1444 879 1536 919 vita

69 954 171 994 illuc
213 954 422 994 referatur
473 959 517 993 et
568 954 734 1001 tendat,
779 959 827 993 ut
873 953 1032 993 serviat
1075 959 1117 992 et
1159 953 1332 1005 placeat
1373 953 1536 992 divina:

70 1028 268 1068 bonitati.
315 1027 436 1067 Talis
459 1034 524 1067 est
548 1040 671 1066 mens
694 1033 826 1079 atque
850 1026 1034 1066 intentio
1059 1040 1209 1066 eorum
1232 1027 1441 1074 omnium,
1461 1026 1535 1078 qui

70 1115 117 1142 se
147 1102 336 1154 primum
364 1101 406 1140 in
430 1100 637 1154 religione
669 1101 767 1140 Deo
797 1106 1080 1150 consecrant;
1115 1100 1158 1140 id
1191 1101 1305 1139 enim
1337 1106 1538 1153 spectant

71 1175 314 1229 generatim
347 1181 479 1226 atque
511 1175 709 1214 universe
742 1180 789 1214 ut
823 1175 919 1214 Deo
953 1174 1219 1214 famulentur
1248 1180 1291 1213 et
1320 1174 1535 1226 placeant.

73 1249 226 1301 Atque
267 1249 324 1288 ob
370 1247 481 1288 113116
533 1261 710 1288 631153111
766 1248 894 1287 Pater
947 1248 1146 1300 Ignatius
1198 1248 1536 1287 fundamentum

76 1322 399 1363 Exercitiorum
443 1322 663 1374 sapienter
705 1321 986 1373 excogitavit,
1021 1327 1079 1367 ut,
1113 1322 1185 1373 qui
1225 1322 1280 1360 ad
1323 1335 1375 1360 ea
1416 1334 1539 1373 pera-

71 1395 219 1449 genda
260 1409 305 1435 se
347 1394 541 1443 contulit,
580 1394 709 1447 plane
759 1393 976 1446 intelligat
1012 1407 1099 1445 quo
1142 1400 1263 1434 totus
1305 1395 1405 1434 vitae
1449 1408 1539 1434 suae

74 1484 224 1510 cursus
262 1468 512 1508 referendus
547 1469 612 1508 sit.
677 1466 809 1520 Quod
845 1468 879 1507 si
910 1467 1007 1519 quis
1042 1481 1203 1516 eorum,
1228 1472 1463 1520 postquam
1496 1468 1538 1506 in

77 1543 287 1584 familiam
318 1543 511 1594 aliquam
543 1542 641 1582 Deo
671 1541 961 1581 famulaturus
991 1555 1036 1581 se
1060 1542 1234 1590 dicavit,
1257 1541 1419 1581 oblitus
1442 1554 1540 1593 pro-

77 1617 208 1672 positi
237 1617 316 1666 sui,
347 1616 432 1656 alio
459 1621 686 1656 convertat
717 1615 818 1655 vitae
845 1629 935 1655 suae
967 1615 1170 1665 rationes,
1203 1621 1251 1655 ut
1281 1614 1541 1664 adhonores‚

74 1691 132 1732 ad
164 1690 423 1742 voluptates,
455 1690 510 1730 ad
548 1689 794 1737 commoda,
826 1694 869 1728 et
900 1688 986 1728 alia
1023 1688 1275 1740 hujusmodi
1308 1702 1408 1740 quae
1440 1701 1539 1728 cum

78 1771 276 1817 tempore
318 1764 494 1812 obeunt,
534 1763 568 1802 is
611 1763 901 1802 intentionem
944 1763 1058 1802 circa
1099 1762 1200 1803 vitae
1243 1776 1332 1802 suae
1377 1767 1542 1802 statum

76 1839 169 1891 jam
199 1844 362 1877 rectam
393 1850 479 1876 non
509 1836 654 1886 habet,
678 1836 886 1887 quoniam
910 1849 1008 1875 eam
1030 1835 1116 1875 alio
1139 1836 1335 1884 detorsit,
1358 1841 1403 1875 et
1422 1835 1543 1875 aliud

79 1917 249 1965 spectat
287 1912 329 1950 in
367 1911 567 1950 universa
600 1910 692 1949 vita
728 1923 806 1949 sua
841 1923 974 1961 quam
1013 1915 1060 1949 ut
1096 1910 1255 1949 serviat
1291 1915 1334 1949 et
1372 1908 1545 1961 placeat

82 1987 190 2026 Deo.
269 1985 464 2037 Ideoque
506 1983 876 2036 pernecessarium
920 1988 986 2023 est
1027 1982 1127 2022 huic
1172 1983 1316 2023 denuo
1363 1982 1544 2022 Exerci-

78 2060 240 2100 tiorum
273 2058 622 2105 fundamentum,
652 2063 699 2096 ut
734 2070 821 2108 quo
854 2070 978 2096 1116115
1008 2057 1100 2109 ejus
1129 2057 1285 2097 tendat
1319 2063 1542 2109 agnoscat,

82 2146 268 2185 eamque
305 2147 330 2172 a
367 2131 454 2171 fine
490 2144 569 2171 suo
611 2131 899 2177 aberrantem,
944 2131 985 2169 in
1030 2144 1129 2169 eum
1173 2131 1330 2170 iterum
1371 2130 1543 2182 dirigat.

85 2207 420 2258 Imitandusque
462 2210 528 2245 est
571 2205 616 2244 B.
643 2205 901 2254 Bernardus,
940 2204 1013 2256 qui
1055 2218 1154 2244 cum
1197 2205 1252 2244 ad
1296 2204 1542 2256 religiosam

82 2282 218 2322 vitam
251 2294 297 2320 se
330 2279 599 2327 contulisset,
632 2292 750 2331 saepe
786 2292 832 2318 se
864 2278 957 2330 ipse
989 2278 1220 2318 stimulans
1250 2278 1548 2318 admonebat:

82 2354 346 2402 “Bernarde,
365 2352 421 2392 ad
445 2352 551 2404 quid
574 2351 782 2391 venisti?''
820 2351 920 2391 Hoc
938 2365 1052 2403 ergo,
1073 2352 1153 2391 etsi
1171 2357 1401 2403 tamquam
1424 2350 1549 2391 facile

85 2427 125 2469 S.
148 2427 347 2479 Ignatius
382 2427 562 2479 exigere
595 2439 645 2465 36
680 2439 926 2478 supponere
959 2426 1169 2474 videatur,
1206 2439 1338 2477 quam
1373 2424 1549 2464 difficile

84 2501 141 2541 sit
169 2501 238 2540 vel
271 2514 327 2540 ex
361 2514 412 2540 eo
446 2499 631 2552 intelligi
663 2506 820 2552 potest,
848 2499 967 2552 quod
1001 2513 1087 2539 non
1120 2500 1253 2539 modo
1288 2513 1344 2538 ex
1377 2499 1547 2538 caeteris

84 2573 336 2613 hominibus
369 2587 418 2613 ac
450 2574 730 2621 secularibus,
761 2587 912 2613 verum
946 2574 1077 2613 etiam
1111 2587 1168 2612 ex
1202 2573 1306 2626 ipsis
1338 2571 1551 2624 religiosis

85 2648 197 2687 bene
227 2646 387 2695 multis,
411 2660 498 2686 non
529 2648 571 2686 in
597 2647 778 2699 singulis
804 2647 1050 2687 actionibus
1073 2647 1219 2695 modo,
1241 2659 1392 2685 verum
1416 2645 1549 2684 etiam

86 2721 130 2759 in
155 2720 355 2760 universo
377 2721 479 2768 vitae
503 2734 673 2773 genere,
693 2720 858 2772 aliquid
881 2720 1000 2760 aliud
1022 2725 1180 2773 praeter
1202 2719 1348 2758 Deum
1370 2718 1439 2758 vel
1463 2730 1550 2757 non

87 2793 327 2833 sentientes
364 2799 575 2846 spectant.
648 2793 774 2833 Licet
810 2794 925 2833 enim
961 2794 1095 2834 verbo
1133 2805 1232 2833 eum
1270 2797 1468 2844 spectare
1505 2804 1553 2830 se

88 2866 248 2918 dicant,
291 2880 335 2907 re
376 2872 527 2907 tamen
571 2868 667 2920 ipsa
707 2868 764 2907 ab
805 2881 857 2908 eo
898 2867 1025 2907 valde
1076 2867 1290 2916 aberrant,
1334 2865 1551 2905 conversis
