1903 3197
263 169 279 199 1
293 167 349 198 22
583 154 662 199 De
695 153 883 200 ratione
918 153 1110 200 vivendi
1143 153 1401 200 Societatz‘s.

255 299 436 339 poenam
469 285 599 326 illam.
662 285 841 326 Arduas
874 287 978 327 item
1011 287 1252 339 plenasque
1282 285 1536 339 ignominiae
1569 299 1725 338 poenas

255 359 437 412 pertulit
470 359 515 400 B.
542 359 737 411 Joannes
770 360 1086 409 Damascenus,
1120 374 1220 400 cum
1254 361 1295 399 in
1329 359 1606 412 disciplinam
1639 365 1725 399 tra-

255 433 376 474 ditus
408 434 499 473 seni
532 433 735 487 religioso
768 435 886 487 apud
918 434 1113 475 Abbatis
1148 435 1278 476 Sabae
1317 433 1580 483 coenobium,
1618 434 1724 473 dum

257 507 341 561 piis
378 508 642 561 quibusdam
677 509 869 557 canticis,
906 509 1020 549 clam
1059 509 1335 549 auscultante
1377 508 1600 560 magistro,
1638 521 1725 548 non

257 587 351 622 tam
374 583 430 622 ad
455 582 747 623 relaxandum
769 584 978 632 animum,
995 597 1128 635 quam
1148 584 1203 623 ad
1228 583 1501 623 incitandum
1524 582 1724 635 spiritum

259 669 306 696 se
324 656 530 707 oblectat,
548 658 604 697 ab
626 663 801 697 austero
824 671 928 697 sene
950 658 1106 698 acriter
1127 657 1427 710 reprehensus,
1452 656 1728 709 poenitentiae

261 731 440 771 nomine
487 731 668 784 jubetur
718 732 1019 772 sordidissima
1069 732 1253 784 exsequi
1296 730 1486 771 coenobii
1537 744 1732 779 munera,

260 805 520 858 quisquilias
553 806 776 846 universas
809 812 1012 856 evertere,
1035 812 1079 846 et
1111 807 1207 859 ipsa
1236 820 1422 859 quaeque
1452 804 1731 845 contumeliae

260 893 367 920 vasa
389 893 587 932 purgare,
612 886 656 920 et
678 880 994 920 monachorum
1027 881 1225 920 omnium
1256 893 1490 932 repurgare
1519 879 1730 919 cubicula.

261 952 396 1007 Quod
420 953 598 1006 quidem
628 954 828 1006 supplicii
851 968 992 1006 genus
1014 959 1138 994 tanta
1167 953 1427 1002 humilitate,
1450 959 1575 993 tanta
1597 953 1730 993 animi

261 1027 502 1077 alacritate,
533 1042 585 1068 eo
613 1042 717 1068 vero
746 1028 811 1067 sui
839 1027 1104 1067 emendandi
1138 1032 1181 1066 et
1215 1026 1471 1079 proficiendi
1503 1028 1546 1065 in
1577 1027 1730 1079 spiritu

263 1102 481 1143 desiderio
523 1102 741 1154 persolvit,
776 1107 824 1141 ut
866 1101 908 1140 in
952 1114 1004 1141 eo
1047 1106 1245 1154 spectare
1287 1101 1455 1141 licuerit
1496 1107 1584 1140 tres
1627 1099 1734 1148 illas,

264 1189 374 1228 quas
412 1175 455 1215 in
493 1174 709 1215 obeundis
750 1176 895 1228 poenis
937 1175 983 1215 B.
1010 1175 1210 1227 Ignatius
1253 1175 1406 1227 exigit,
1448 1175 1734 1214 conditiones.

355 1250 489 1290 Porro
512 1250 787 1289 conditiones
811 1250 987 1290 easdem
1013 1249 1058 1288 B.
1081 1250 1210 1289 Pater
1232 1249 1373 1301 exigit
1395 1249 1439 1288 in
1461 1248 1581 1289 omni
1605 1261 1738 1289 causa

267 1324 487 1377 impositae
525 1337 681 1376 poenae,
716 1324 758 1362 in
798 1324 968 1376 Quarto
1001 1323 1117 1362 enim
1151 1323 1386 1363 Examinis
1424 1322 1579 1375 capite,
1613 1320 1639 1375 S
1670 1333 1739 1372 41,

267 1398 387 1449 dicit,
410 1398 523 1451 Quae
554 1399 839 1451 imponentur
864 1403 1044 1450 propter
1066 1397 1253 1450 quodvis
1277 1402 1480 1446 erratum,
1504 1395 1740 1445 defectum,

266 1478 313 1513 et
354 1473 670 1525 negligentiam
716 1485 875 1525 nempe
918 1472 1051 1512 etiam
1094 1471 1373 1519 levissimam,
1419 1471 1461 1511 id
1505 1471 1622 1510 enim
1675 1476 1742 1510 est

269 1552 450 1599 propter
471 1546 685 1598 quodvis;
719 1552 762 1586 et
795 1545 928 1598 paulo
959 1551 1062 1585 ante
1142 1556 1192 1596 33
1218 1545 1420 1585 dixerat:
1456 1548 1535 1584 “et
1565 1550 1744 1597 propter

268 1620 444 1674 quidvis
477 1619 632 1669 aliud‚”
667 1620 873 1659 nimirum
906 1620 1040 1660 etiam
1073 1620 1108 1659 si
1141 1619 1261 1659 nulla
1293 1619 1349 1659 sit
1379 1632 1512 1658 causa
1540 1618 1742 1671 peccati;

273 1700 318 1736 et
345 1696 388 1736 P.
416 1706 449 1745 3.
474 1709 507 1734 c.
538 1706 567 1735 Ι.
593 1693 619 1747 §³
648 1702 708 1744 15,
733 1694 864 1734 dicit:
899 1696 979 1734 “et
1012 1700 1191 1746 propter
1220 1693 1441 1733 defectum
1475 1706 1562 1733 non
1595 1691 1744 1745 culpa-

273 1767 445 1818 bilem‚''
470 1781 630 1821 nempe
652 1781 752 1807 cum
776 1768 868 1807 sine
892 1772 1041 1806 nostra
1067 1766 1197 1819 culpa
1227 1766 1269 1805 in
1300 1779 1344 1805 re
1366 1766 1574 1818 quapiam
1597 1764 1746 1805 defici-

275 1856 384 1883 mus.
449 1841 649 1894 Quarum
692 1854 835 1881 rerum
873 1840 1006 1881 etiam
1049 1839 1258 1893 exempla
1301 1853 1388 1879 non
1423 1840 1585 1879 desunt
1626 1838 1745 1891 apud

277 1922 465 1958 sanctos
545 1916 663 1956 Nam
700 1921 880 1968 propter
922 1921 1112 1955 erratum
1156 1913 1331 1967 perleve
1366 1913 1527 1954 Abbas
1564 1913 1744 1965 quidam

277 1991 576 2032 Alexandrini
608 1990 813 2038 coenobii,
853 1995 901 2029 ut
942 1988 1091 2029 scribit
1127 1988 1360 2037 Climacus,
1393 1987 1747 2028 animadvertens

274 2065 496 2118 quosdam
529 2064 716 2104 invicem
750 2063 1062 2115 colloquentes,
1080 2062 1212 2114 jussit
1241 2075 1315 2101 eos
1347 2074 1425 2113 per
1455 2066 1624 2113 septem
1656 2059 1749 2099 dies

276 2140 333 2181 ad
361 2146 510 2192 postes
542 2138 643 2178 ostii
675 2137 843 2178 cunctis
878 2135 1143 2176 intrantibus
1176 2141 1220 2175 et
1251 2135 1517 2175 exeuntibus
1549 2148 1594 2174 se
1626 2147 1749 2186 pros-

279 2220 460 2261 ternere,
490 2211 608 2264 quod
644 2211 703 2250 illi
740 2223 902 2263 magna
935 2209 1069 2249 animi
1103 2209 1412 2248 summissione
1446 2214 1490 2248 et
1524 2207 1750 2247 alacritate

280 2284 504 2327 fecerunt.1
567 2286 752 2338 Propter
783 2284 923 2324 levem
947 2283 1080 2323 etiam
1105 2282 1327 2322 desectum
1357 2287 1401 2321 et
1433 2281 1749 2334 negligentiam

281 2360 405 2407 dedit
435 2373 592 2413 poenas
624 2358 795 2399 Abbati
828 2371 907 2398 suo
944 2356 1080 2397 Paulo
1113 2357 1159 2406 is,
1192 2356 1266 2408 qui
1305 2356 1347 2395 in
1382 2369 1545 2408 magno
1573 2367 1751 2394 coenan-

281 2435 394 2476 tium
437 2433 754 2474 monachorum
797 2438 926 2481 coetu,
965 2431 1084 2483 quod
1119 2429 1252 2483 paulo
1286 2429 1453 2469 tardius
1496 2433 1749 2481 susceptum

282 2508 496 2551 ferculum
529 2507 756 2555 intulisset,
801 2507 856 2547 ab
898 2505 1078 2545 Abbate
1121 2505 1217 2557 ipso
1260 2503 1475 2556 insignem
1514 2501 1749 2555 colaphum

283 2583 465 2636 accepit,
499 2587 547 2622 ut
578 2595 636 2621 ex
672 2581 883 2621 Cassiano
919 2593 1050 2632 supra
1084 2574 1456 2618 memoravi1nus.2

374 2657 558 2710 Propter
591 2655 813 2695 defectum
852 2667 938 2693 non
976 2651 1242 2705 culpabilem
1279 2663 1435 2703 poenas
1472 2662 1573 2689 cum
1610 2648 1753 2688 humi-

284 2732 409 2773 litate
441 2736 485 2771 et
516 2730 741 2771 alacritate
778 2727 970 2780 suscepit
1011 2726 1129 2779 apud
1174 2724 1420 2766 Climacum
1465 2722 1754 2764 Macedonius

286 2805 481 2859 quidam,
516 2805 683 2858 primus
719 2800 976 2843 Monasterii
1011 2797 1254 2849 diaconus‚⁸
1287 2798 1361 2851 qui
1396 2811 1497 2838 cum
1530 2804 1574 2838 et
1611 2796 1755 2837 aetatis

478 2894 489 2914 ¹
516 2895 617 2928 Grad.
638 2903 670 2936 4.
871 2890 885 2910 2
909 2890 994 2923 Coll.
1020 2898 1067 2930 19.
1089 2900 1114 2922 c.
1141 2898 1167 2921 1.
1371 2886 1384 2906 ³
1408 2887 1512 2920 Grad.
1532 2895 1563 2928 4.
