1903 3197
423 148 501 194 De
532 153 824 208 (egrotorum
859 162 979 192 cnm
1005 145 1232 207 gerenda.
1462 157 1519 203 52
1530 159 1555 202 3

92 283 317 324 medicinis
370 287 414 321 et
457 279 715 334 pharmacis,
759 292 858 318 cum
901 279 969 318 vel
1013 291 1175 330 magno
1218 277 1416 330 paranda
1458 282 1560 317 sunt

91 358 244 411 pretio.
319 356 509 396 Addunt
550 360 697 394 autem
742 352 1101 400 Constitutiones,
1146 351 1413 403 “Quantum
1466 350 1558 390 fieri

90 429 298 484 potest:’'
343 436 437 469 tum
480 434 528 468 ut
570 427 784 479 religiosae
821 426 1096 478 paupertatis
1133 431 1266 476 atque
1304 425 1473 465 decoris
1515 425 1559 463 in

92 504 341 557 sumptibus
393 502 615 550 faciendis,
659 506 753 540 tum
797 500 929 539 etiam
982 505 1030 537 ut
1082 497 1302 538 facultatis
1345 499 1558 538 rationem

92 578 286 619 habeant
320 577 566 629 aIIquorum
603 574 914 627 Collegiorum,
946 574 1268 625 domorumque
1300 573 1560 621 tenuiorum,

95 666 192 704 quae
236 651 479 691 necessaria
520 655 622 688 sunt
665 647 866 689 curandis
914 648 1102 699 aegrotis,
1146 647 1380 699 potiusque
1433 659 1562 684 sanos

94 725 378 776 valentesque
416 722 646 775 negligere,
688 721 761 774 qui
798 721 949 773 paucis
987 720 1181 760 contenti
1229 733 1322 759 esse
1368 724 1564 771 possunt,

95 811 228 851 quam
283 803 331 836 ut
384 796 644 836 charitatem
703 794 907 835 deserant
960 793 1281 847 aegrotantium.
1367 792 1463 831 Imo
1520 791 1563 830 P.

96 872 149 912 N.
194 871 394 923 Ignatius
437 871 569 910 etiam
607 882 730 909 sacra
766 882 871 908 vasa
913 868 1073 919 ajebat,
1112 872 1377 920 aegrotorum
1421 879 1564 913 causa,

95 946 129 985 si
151 945 328 985 aliunde
355 943 522 984 consuli
556 948 821 995 {egrotorum
856 941 1194 982 necessitatibus
1227 941 1370 979 minus
1403 945 1562 992 posset,

97 1032 184 1059 non
226 1018 530 1058 dubitaturum
573 1031 618 1056 se
652 1016 852 1056 vendere.
932 1015 1001 1055 De
1050 1029 1101 1055 eo
1140 1015 1256 1054 enim
1294 1014 1337 1053 in
1374 1014 1464 1053 vita
1506 1014 1567 1054 sic

97 1093 298 1133 scribitur
315 1091 352 1132 :1
371 1091 441 1131 “E
456 1092 627 1140 nostris,
643 1096 691 1130 ut
709 1091 894 1143 quisquc
909 1090 951 1129 in
969 1090 1170 1129 morbum
1187 1088 1408 1135 inciderat,
1425 1088 1567 1139 cujus-

98 1167 206 1207 libet
244 1172 358 1206 esset
394 1165 568 1214 ordinis,
608 1163 837 1216 extemplo
875 1164 1002 1204 acciri
1041 1163 1262 1203 medicum
1307 1162 1564 1214 imperabat,

98 1255 149 1282 ac
201 1241 307 1281 nihil
351 1254 526 1293 prorsus
577 1239 723 1278 omitti
777 1252 938 1287 eorum,
983 1252 1082 1290 quae
1134 1238 1169 1276 is
1220 1236 1567 1289 praescripsisset,

99 1315 401 1369 oppignoratis
437 1314 570 1354 etiam
606 1312 943 1364 divenditisque,
981 1313 1016 1351 si
1054 1326 1165 1364 opus
1207 1318 1332 1358 esset,
1372 1310 1570 1350 lancibus

99 1390 393 1442 stragulisque
431 1394 474 1428 et
511 1393 670 1427 czetera
714 1386 983 1439 supellectili.
1050 1386 1167 1426 Sane
1209 1399 1309 1425 cum
1351 1399 1408 1424 ex
1452 1385 1571 1424 laicis

100 1463 372 1515 adjutoribus
408 1461 589 1514 quidam
623 1475 741 1501 saeva
778 1460 1111 1500 conflectaretur
1144 1459 1264 1508 febri,
1291 1459 1347 1498 ad
1383 1471 1572 1510 eumque

102 1537 433 1578 refocillandum
468 1536 721 1576 delicatiore
759 1535 858 1574 cibo
893 1548 1004 1586 opus
1041 1540 1166 1582 esset,
1200 1533 1408 1585 quicquid
1446 1545 1572 1571 num-

75 1612 319 1652 'mulorum
358 1611 479 1651 domi
523 1616 626 1659 erat,
671 1609 876 1649 denarios
913 1614 1011 1657 tres,
1060 1621 1156 1647 eam
1196 1608 1239 1647 in
1281 1621 1370 1646 rem
1414 1605 1573 1646 insumi

98 1687 237 1738 jussit,
262 1700 312 1726 ac
344 1686 560 1725 resistenti
593 1684 816 1737 paulisper
848 1683 1114 1731 obsonatori,
1138 1681 1331 1733 nihilque
1363 1686 1575 1733 praeterea

102 1761 299 1812 pecuniae
326 1759 383 1799 ad
416 1766 599 1799 caeteros
631 1757 812 1798 alendos
839 1770 1070 1809 superesse
1097 1756 1289 1795 dicenti:
1322 1754 1463 1806 Atqui
1496 1767 1574 1793 nos

103 1833 319 1885 quidem,'’
355 1833 508 1885 inquit,
542 1832 624 1879 ille,
660 1830 907 1878 “valemus,
945 1830 1067 1869 arido
1104 1843 1217 1882 pane
1252 1828 1447 1868 contenti
1482 1841 1575 1867 esse

103 1905 407 1960 poterimus;'’
437 1912 569 1959 atque
599 1906 660 1945 ita
692 1905 918 1957 languenti
950 1910 1205 1956 coemptum
1235 1902 1468 1942 obsonium
1499 1907 1573 1941 est.

108 1981 252 2021 Nullis
284 1981 418 2033 igitur
450 1980 659 2033 Superior
690 1979 780 2019 sive
803 1979 845 2018 in
873 1978 992 2026 cibis,
1017 1978 1106 2017 sive
1130 1978 1172 2016 in
1195 1976 1442 2029 pharmacis
1474 1989 1576 2015 con-

106 2056 329 2108 quirendis
351 2055 483 2095 debet
505 2054 753 2107 sumptibus
775 2066 964 2105 parcere,
988 2058 1036 2091 ut
1069 2066 1119 2091 ea
1142 2065 1240 2104 quae
1266 2049 1578 2103 praescripserit

107 2129 313 2177 medicus,
345 2142 561 2181 aegrorum
598 2127 781 2167 ministri
813 2127 973 2178 exequi
1008 2125 1203 2178 possint:
1236 2124 1387 2164 habita
1417 2130 1578 2172 tamen,

108 2209 155 2244 ut
192 2203 297 2251 dixi,
332 2204 500 2243 ratione
537 2208 677 2243 status
715 2201 916 2254 religiosi,
952 2214 1006 2239 ne
1045 2199 1203 2240 modus
1240 2199 1283 2238 in
1321 2204 1581 2251 paupertate

111 2278 312 2330 religiosa
354 2284 397 2317 et
439 2277 687 2330 sumptibus
730 2276 980 2316 excedatur.
1064 2273 1219 2326 Atque
1266 2273 1349 2313 hoc
1391 2273 1580 2326 primum

111 2351 245 2391 modo
296 2350 554 2391 facultatem
607 2350 822 2403 praebebit
885 2348 1095 2401 Superior
1148 2347 1417 2388 medicorum
1480 2359 1583 2386 exe-

111 2426 273 2478 quendi
315 2431 546 2478 praecepta.
630 2424 804 2464 Deinde
844 2437 946 2463 vero
989 2422 1205 2475 praebebit
1246 2422 1433 2461 eandem
1476 2419 1582 2459 deli-

112 2499 266 2551 gendis
288 2499 344 2539 ad
367 2499 451 2539 hoc
475 2513 632 2539 munus
655 2498 818 2539 sedulis
848 2497 1109 2549 idoneisque
1139 2496 1374 2536 ministris:
1407 2494 1581 2542 sedulis,

113 2574 187 2626 qui
211 2573 388 2625 aegrotis
410 2574 685 2613 continenter
717 2572 966 2613 assideant:
1000 2570 1181 2619 idoneis,
1206 2571 1280 2622 qui
1311 2571 1423 2609 bene
1455 2569 1584 2607 ratio-

115 2661 216 2688 nem
255 2652 437 2687 teneant
471 2646 601 2699 hujus
633 2645 1036 2694 administrationis,
1071 2644 1304 2696 norintque
1334 2648 1584 2695 opportuna

112 2727 314 2774 tempora
365 2721 577 2774 pascendi
630 2734 783 2772 aegros,
838 2718 1194 2770 admovendique
1246 2717 1490 2756 curationes
1542 2720 1587 2755 et

115 2794 307 2836 remedia
338 2794 394 2834 ad
428 2794 700 2835 medicorum
729 2793 1065 2847 praescriptum;
1101 2791 1248 2831 norint
1280 2790 1413 2830 etiam
1443 2801 1587 2829 acces-

689 2882 702 2901 1
727 2883 819 2914 Maff.
840 2882 860 2914 l.
883 2891 912 2923 3.
934 2893 960 2913 c.
981 2891 1011 2921 4.
