<?xml version="1.0" encoding="UTF-8"?>
<!DOCTYPE html PUBLIC "-//W3C//DTD XHTML 1.0 Transitional//EN"
    "http://www.w3.org/TR/xhtml1/DTD/xhtml1-transitional.dtd">
<html xmlns="http://www.w3.org/1999/xhtml" xml:lang="en" lang="en">
 <head>
  <title>
</title>
<meta http-equiv="Content-Type" content="text/html;charset=utf-8" />
  <meta name='ocr-system' content='tesseract 3.04.00' />
  <meta name='ocr-capabilities' content='ocr_page ocr_carea ocr_par ocr_line ocrx_word'/>
</head>
<body>
  <div class='ocr_page' id='page_1' title='image "./nicolaiorlandini00orla/nicolaiorlandini00orla_0592.png"; bbox 0 0 1903 3197; ppageno 0'>
   <div class='ocr_carea' id='block_1_1' title="bbox 231 165 1385 228">
    <p class='ocr_par' dir='ltr' id='par_1_1' title="bbox 231 165 1385 228">
     <span class='ocr_line' id='line_1_1' title="bbox 231 165 1385 228; baseline 0.001 -15"><span class='ocrx_word' id='word_1_1' title='bbox 231 180 324 228; x_wconf 86' lang='lat'>572</span> <span class='ocrx_word' id='word_1_2' title='bbox 561 166 640 213; x_wconf 80' lang='lat' dir='ltr'>De</span> <span class='ocrx_word' id='word_1_3' title='bbox 673 166 865 213; x_wconf 66' lang='lat' dir='ltr'>ratione</span> <span class='ocrx_word' id='word_1_4' title='bbox 896 165 1091 214; x_wconf 73' lang='lat' dir='ltr'>vivendi</span> <span class='ocrx_word' id='word_1_5' title='bbox 1123 167 1385 214; x_wconf 76' lang='lat' dir='ltr'>Socz&#39;etatz‘S.</span> 
     </span>
    </p>
   </div>
   <div class='ocr_carea' id='block_1_2' title="bbox 223 299 1712 2945">
    <p class='ocr_par' dir='ltr' id='par_1_2' title="bbox 223 299 1712 2945">
     <span class='ocr_line' id='line_1_2' title="bbox 227 299 1700 353; baseline 0.002 -13"><span class='ocrx_word' id='word_1_6' title='bbox 227 299 350 341; x_wconf 90' lang='lat' dir='ltr'>illam</span> <span class='ocrx_word' id='word_1_7' title='bbox 398 304 665 340; x_wconf 76' lang='lat' dir='ltr'><strong>exsaturare.</strong></span> <span class='ocrx_word' id='word_1_8' title='bbox 721 299 858 352; x_wconf 90' lang='lat' dir='ltr'>Cujus</span> <span class='ocrx_word' id='word_1_9' title='bbox 901 301 1117 341; x_wconf 89' lang='lat' dir='ltr'>rationem</span> <span class='ocrx_word' id='word_1_10' title='bbox 1155 300 1282 341; x_wconf 87' lang='lat' dir='ltr'>affert</span> <span class='ocrx_word' id='word_1_11' title='bbox 1325 299 1700 353; x_wconf 87' lang='lat' dir='ltr'>Chrysostomus:</span> 
     </span>
     <span class='ocr_line' id='line_1_3' title="bbox 229 372 1702 428; baseline 0.001 -13"><span class='ocrx_word' id='word_1_12' title='bbox 229 372 476 427; x_wconf 83' lang='lat' dir='ltr'>“Corpus‚’&#39;</span> <span class='ocrx_word' id='word_1_13' title='bbox 513 373 667 426; x_wconf 90' lang='lat' dir='ltr'>inquit,</span> <span class='ocrx_word' id='word_1_14' title='bbox 702 374 952 427; x_wconf 88' lang='lat' dir='ltr'>“paulatim</span> <span class='ocrx_word' id='word_1_15' title='bbox 994 375 1336 428; x_wconf 79' lang='lat' dir='ltr'>discerpebatur,</span> <span class='ocrx_word' id='word_1_16' title='bbox 1375 379 1590 428; x_wconf 89' lang='lat' dir='ltr'>tantaque</span> <span class='ocrx_word' id='word_1_17' title='bbox 1631 376 1702 416; x_wconf 90' lang='lat' dir='ltr'>lue</span> 
     </span>
     <span class='ocr_line' id='line_1_4' title="bbox 223 448 1696 502; baseline 0.001 -13"><span class='ocrx_word' id='word_1_18' title='bbox 223 448 466 498; x_wconf 78' lang='lat' dir='ltr'>tabescens,</span> <span class='ocrx_word' id='word_1_19' title='bbox 510 448 631 489; x_wconf 91' lang='lat' dir='ltr'>cibos</span> <span class='ocrx_word' id='word_1_20' title='bbox 678 448 894 489; x_wconf 86' lang='lat' dir='ltr'>efficiebat</span> <span class='ocrx_word' id='word_1_21' title='bbox 934 448 1166 500; x_wconf 88' lang='lat' dir='ltr'>insuaves;</span> <span class='ocrx_word' id='word_1_22' title='bbox 1211 450 1321 489; x_wconf 90' lang='lat' dir='ltr'>mira</span> <span class='ocrx_word' id='word_1_23' title='bbox 1363 462 1442 489; x_wconf 91' lang='lat' dir='ltr'>nec</span> <span class='ocrx_word' id='word_1_24' title='bbox 1484 450 1696 502; x_wconf 79' lang='lat' dir='ltr'>opinabili</span> 
     </span>
     <span class='ocr_line' id='line_1_5' title="bbox 226 522 1701 576; baseline 0.001 -14"><span class='ocrx_word' id='word_1_25' title='bbox 226 522 345 563; x_wconf 87' lang='lat' dir='ltr'>fame</span> <span class='ocrx_word' id='word_1_26' title='bbox 386 522 671 571; x_wconf 78' lang='lat' dir='ltr'>cruciabatur,</span> <span class='ocrx_word' id='word_1_27' title='bbox 709 535 809 563; x_wconf 88' lang='lat' dir='ltr'>cum</span> <span class='ocrx_word' id='word_1_28' title='bbox 851 536 932 563; x_wconf 90' lang='lat' dir='ltr'>nec</span> <span class='ocrx_word' id='word_1_29' title='bbox 974 523 1078 576; x_wconf 88' lang='lat' dir='ltr'>ejus,</span> <span class='ocrx_word' id='word_1_30' title='bbox 1113 523 1187 576; x_wconf 90' lang='lat' dir='ltr'>qui</span> <span class='ocrx_word' id='word_1_31' title='bbox 1237 523 1578 572; x_wconf 81' lang='lat' dir='ltr'>ministrabatur,</span> <span class='ocrx_word' id='word_1_32' title='bbox 1617 524 1701 564; x_wconf 87' lang='lat' dir='ltr'>cibi</span> 
     </span>
     <span class='ocr_line' id='line_1_6' title="bbox 227 595 1704 651; baseline 0 -14"><span class='ocrx_word' id='word_1_33' title='bbox 227 596 433 649; x_wconf 87' lang='lat' dir='ltr'>potiundi</span> <span class='ocrx_word' id='word_1_34' title='bbox 475 597 651 637; x_wconf 87' lang='lat' dir='ltr'>daretur</span> <span class='ocrx_word' id='word_1_35' title='bbox 692 595 912 637; x_wconf 87' lang='lat' dir='ltr'>facultas.”</span> <span class='ocrx_word' id='word_1_36' title='bbox 988 598 1158 638; x_wconf 89' lang='lat' dir='ltr'>Idcirco</span> <span class='ocrx_word' id='word_1_37' title='bbox 1199 603 1349 638; x_wconf 89' lang='lat' dir='ltr'>autem</span> <span class='ocrx_word' id='word_1_38' title='bbox 1392 611 1479 638; x_wconf 91' lang='lat' dir='ltr'>non</span> <span class='ocrx_word' id='word_1_39' title='bbox 1528 603 1704 651; x_wconf 92' lang='lat' dir='ltr'>poterat</span> 
     </span>
     <span class='ocr_line' id='line_1_7' title="bbox 227 670 1701 724; baseline 0.001 -14"><span class='ocrx_word' id='word_1_40' title='bbox 227 675 384 724; x_wconf 87' lang='lat' dir='ltr'>parata</span> <span class='ocrx_word' id='word_1_41' title='bbox 421 684 574 710; x_wconf 89' lang='lat' dir='ltr'>mensa</span> <span class='ocrx_word' id='word_1_42' title='bbox 610 670 752 724; x_wconf 87' lang='lat' dir='ltr'>potiri,</span> <span class='ocrx_word' id='word_1_43' title='bbox 784 677 832 711; x_wconf 88' lang='lat' dir='ltr'>ut</span> <span class='ocrx_word' id='word_1_44' title='bbox 866 670 922 711; x_wconf 90' lang='lat' dir='ltr'>de</span> <span class='ocrx_word' id='word_1_45' title='bbox 959 685 1111 712; x_wconf 87' lang='lat' dir='ltr'>mensa</span> <span class='ocrx_word' id='word_1_46' title='bbox 1148 671 1277 712; x_wconf 90' lang='lat' dir='ltr'>simul</span> <span class='ocrx_word' id='word_1_47' title='bbox 1315 678 1358 712; x_wconf 94' lang='lat' dir='ltr'>et</span> <span class='ocrx_word' id='word_1_48' title='bbox 1393 672 1510 712; x_wconf 86' lang='lat' dir='ltr'>fame</span> <span class='ocrx_word' id='word_1_49' title='bbox 1544 671 1701 721; x_wconf 89' lang='lat' dir='ltr'>dicam,</span> 
     </span>
     <span class='ocr_line' id='line_1_8' title="bbox 229 745 1702 798; baseline 0 -13"><span class='ocrx_word' id='word_1_50' title='bbox 229 745 331 798; x_wconf 91' lang='lat' dir='ltr'>quia</span> <span class='ocrx_word' id='word_1_51' title='bbox 373 745 519 798; x_wconf 87' lang='lat' dir='ltr'>gravis</span> <span class='ocrx_word' id='word_1_52' title='bbox 556 745 629 797; x_wconf 90' lang='lat' dir='ltr'>qui</span> <span class='ocrx_word' id='word_1_53' title='bbox 665 759 688 785; x_wconf 93' lang='lat' dir='ltr'>e</span> <span class='ocrx_word' id='word_1_54' title='bbox 722 745 914 798; x_wconf 88' lang='lat' dir='ltr'>corporis</span> <span class='ocrx_word' id='word_1_55' title='bbox 956 745 1173 785; x_wconf 82' lang='lat' dir='ltr'>ulceribus</span> <span class='ocrx_word' id='word_1_56' title='bbox 1215 746 1427 786; x_wconf 87' lang='lat' dir='ltr'>manabat</span> <span class='ocrx_word' id='word_1_57' title='bbox 1464 746 1582 795; x_wconf 87' lang='lat' dir='ltr'>odor,</span> <span class='ocrx_word' id='word_1_58' title='bbox 1618 745 1702 786; x_wconf 89' lang='lat' dir='ltr'>cibi</span> 
     </span>
     <span class='ocr_line' id='line_1_9' title="bbox 228 819 1704 872; baseline 0.001 -13"><span class='ocrx_word' id='word_1_59' title='bbox 228 819 518 872; x_wconf 82' lang='lat' dir='ltr'>cupiditatem</span> <span class='ocrx_word' id='word_1_60' title='bbox 552 832 729 859; x_wconf 89' lang='lat' dir='ltr'>omnem</span> <span class='ocrx_word' id='word_1_61' title='bbox 763 819 1066 872; x_wconf 77' lang='lat' dir='ltr'>extinguebat,</span> <span class='ocrx_word' id='word_1_62' title='bbox 1096 833 1146 859; x_wconf 89' lang='lat' dir='ltr'>ac</span> <span class='ocrx_word' id='word_1_63' title='bbox 1177 833 1342 860; x_wconf 88' lang='lat' dir='ltr'>nausea</span> <span class='ocrx_word' id='word_1_64' title='bbox 1374 833 1573 860; x_wconf 88' lang='lat' dir='ltr'>mensam</span> <span class='ocrx_word' id='word_1_65' title='bbox 1607 820 1704 860; x_wconf 86' lang='lat' dir='ltr'>red-</span> 
     </span>
     <span class='ocr_line' id='line_1_10' title="bbox 229 891 1702 946; baseline 0.001 -13"><span class='ocrx_word' id='word_1_66' title='bbox 229 891 364 933; x_wconf 84' lang='lat' dir='ltr'>debat</span> <span class='ocrx_word' id='word_1_67' title='bbox 387 893 602 933; x_wconf 87' lang='lat' dir='ltr'>infestam.</span> <span class='ocrx_word' id='word_1_68' title='bbox 668 893 769 932; x_wconf 93' lang='lat' dir='ltr'>Hoc</span> <span class='ocrx_word' id='word_1_69' title='bbox 792 898 869 942; x_wconf 82' lang='lat' dir='ltr'>est,</span> <span class='ocrx_word' id='word_1_70' title='bbox 892 893 1010 945; x_wconf 91' lang='lat' dir='ltr'>quod</span> <span class='ocrx_word' id='word_1_71' title='bbox 1040 893 1146 933; x_wconf 89' lang='lat' dir='ltr'>dicit</span> <span class='ocrx_word' id='word_1_72' title='bbox 1179 894 1271 946; x_wconf 89' lang='lat' dir='ltr'>ipse</span> <span class='ocrx_word' id='word_1_73' title='bbox 1298 894 1431 946; x_wconf 88' lang='lat' dir='ltr'>juxta</span> <span class='ocrx_word' id='word_1_74' title='bbox 1463 894 1702 934; x_wconf 87' lang='lat' dir='ltr'>editionem</span> 
     </span>
     <span class='ocr_line' id='line_1_11' title="bbox 231 967 1704 1020; baseline 0.001 -13"><span class='ocrx_word' id='word_1_75' title='bbox 231 967 552 1020; x_wconf 81' lang='lat' dir='ltr'>Septuaginta:</span> <span class='ocrx_word' id='word_1_76' title='bbox 587 967 849 1007; x_wconf 88' lang='lat' dir='ltr'>“Foetorem</span> <span class='ocrx_word' id='word_1_77' title='bbox 883 967 1011 1007; x_wconf 90' lang='lat' dir='ltr'>video</span> <span class='ocrx_word' id='word_1_78' title='bbox 1048 967 1169 1008; x_wconf 88' lang='lat' dir='ltr'>cibos</span> <span class='ocrx_word' id='word_1_79' title='bbox 1206 981 1339 1017; x_wconf 88' lang='lat' dir='ltr'>meos,</span> <span class='ocrx_word' id='word_1_80' title='bbox 1374 968 1485 1008; x_wconf 86' lang='lat' dir='ltr'>sicut</span> <span class='ocrx_word' id='word_1_81' title='bbox 1522 968 1704 1008; x_wconf 91' lang='lat' dir='ltr'>odorem</span> 
     </span>
     <span class='ocr_line' id='line_1_12' title="bbox 228 1040 1705 1095; baseline 0.001 -14"><span class='ocrx_word' id='word_1_82' title='bbox 228 1040 367 1081; x_wconf 88' lang='lat' dir='ltr'>leonis</span> <span class='ocrx_word' id='word_1_83' title='bbox 386 1041 423 1090; x_wconf 83' lang='lat'>;”</span> <span class='ocrx_word' id='word_1_84' title='bbox 458 1041 532 1081; x_wconf 91' lang='lat' dir='ltr'>ubi</span> <span class='ocrx_word' id='word_1_85' title='bbox 563 1041 698 1082; x_wconf 90' lang='lat' dir='ltr'>editio</span> <span class='ocrx_word' id='word_1_86' title='bbox 720 1040 916 1094; x_wconf 80' lang='lat' dir='ltr'>Vulgata</span> <span class='ocrx_word' id='word_1_87' title='bbox 945 1042 1006 1081; x_wconf 86' lang='lat' dir='ltr'>sic</span> <span class='ocrx_word' id='word_1_88' title='bbox 1037 1041 1200 1082; x_wconf 90' lang='lat' dir='ltr'>habet:</span> <span class='ocrx_word' id='word_1_89' title='bbox 1225 1044 1245 1062; x_wconf 90' lang='lat'>“</span> <span class='ocrx_word' id='word_1_90' title='bbox 1261 1043 1356 1082; x_wconf 75' lang='lat' dir='ltr'>1³1·ae</span> <span class='ocrx_word' id='word_1_91' title='bbox 1385 1043 1591 1095; x_wconf 88' lang='lat' dir='ltr'>angustia</span> <span class='ocrx_word' id='word_1_92' title='bbox 1621 1043 1705 1082; x_wconf 90' lang='lat' dir='ltr'>cibi</span> 
     </span>
     <span class='ocr_line' id='line_1_13' title="bbox 230 1114 1706 1168; baseline 0 -13"><span class='ocrx_word' id='word_1_93' title='bbox 230 1115 315 1155; x_wconf 88' lang='lat' dir='ltr'>mei</span> <span class='ocrx_word' id='word_1_94' title='bbox 353 1114 490 1155; x_wconf 89' lang='lat' dir='ltr'>sunt.’&#39;</span> <span class='ocrx_word' id='word_1_95' title='bbox 569 1114 658 1156; x_wconf 84' lang='lat' dir='ltr'>Sed</span> <span class='ocrx_word' id='word_1_96' title='bbox 703 1115 749 1155; x_wconf 84' lang='lat' dir='ltr'>B.</span> <span class='ocrx_word' id='word_1_97' title='bbox 774 1115 1054 1168; x_wconf 79' lang='lat' dir='ltr'>Augustinus</span> <span class='ocrx_word' id='word_1_98' title='bbox 1092 1116 1135 1155; x_wconf 90' lang='lat' dir='ltr'>in</span> <span class='ocrx_word' id='word_1_99' title='bbox 1172 1115 1259 1168; x_wconf 92' lang='lat' dir='ltr'>Job</span> <span class='ocrx_word' id='word_1_100' title='bbox 1296 1121 1443 1156; x_wconf 87' lang='lat' dir='ltr'>annot.</span> <span class='ocrx_word' id='word_1_101' title='bbox 1476 1116 1537 1156; x_wconf 88' lang='lat' dir='ltr'>ita</span> <span class='ocrx_word' id='word_1_102' title='bbox 1573 1115 1706 1167; x_wconf 86' lang='lat' dir='ltr'>legit:</span> 
     </span>
     <span class='ocr_line' id='line_1_14' title="bbox 229 1189 1708 1238; baseline 0 -9"><span class='ocrx_word' id='word_1_103' title='bbox 229 1189 469 1229; x_wconf 85' lang='lat' dir='ltr'>“Foeditas</span> <span class='ocrx_word' id='word_1_104' title='bbox 501 1203 623 1230; x_wconf 89' lang='lat' dir='ltr'>escas</span> <span class='ocrx_word' id='word_1_105' title='bbox 656 1203 777 1229; x_wconf 90' lang='lat' dir='ltr'>meas</span> <span class='ocrx_word' id='word_1_106' title='bbox 799 1190 939 1238; x_wconf 89' lang='lat' dir='ltr'>video,</span> <span class='ocrx_word' id='word_1_107' title='bbox 963 1189 1075 1230; x_wconf 88' lang='lat' dir='ltr'>sicut</span> <span class='ocrx_word' id='word_1_108' title='bbox 1102 1195 1167 1229; x_wconf 90' lang='lat' dir='ltr'>est</span> <span class='ocrx_word' id='word_1_109' title='bbox 1194 1189 1304 1230; x_wconf 90' lang='lat' dir='ltr'>odor</span> <span class='ocrx_word' id='word_1_110' title='bbox 1334 1189 1508 1230; x_wconf 84' lang='lat' dir='ltr'>leonis.‘’</span> <span class='ocrx_word' id='word_1_111' title='bbox 1574 1189 1708 1230; x_wconf 86' lang='lat' dir='ltr'>Porro</span> 
     </span>
     <span class='ocr_line' id='line_1_15' title="bbox 228 1262 1707 1316; baseline 0.001 -13"><span class='ocrx_word' id='word_1_112' title='bbox 228 1262 312 1312; x_wconf 91' lang='lat' dir='ltr'>leo,</span> <span class='ocrx_word' id='word_1_113' title='bbox 337 1269 386 1303; x_wconf 86' lang='lat' dir='ltr'>ut</span> <span class='ocrx_word' id='word_1_114' title='bbox 410 1263 757 1316; x_wconf 87' lang='lat' dir='ltr'>Chrysostomus</span> <span class='ocrx_word' id='word_1_115' title='bbox 780 1264 851 1313; x_wconf 88' lang='lat' dir='ltr'>ait,</span> <span class='ocrx_word' id='word_1_116' title='bbox 875 1263 1125 1304; x_wconf 82' lang='lat' dir='ltr'>mirandum</span> <span class='ocrx_word' id='word_1_117' title='bbox 1159 1264 1200 1303; x_wconf 91' lang='lat' dir='ltr'>in</span> <span class='ocrx_word' id='word_1_118' title='bbox 1232 1265 1414 1305; x_wconf 88' lang='lat' dir='ltr'>modum</span> <span class='ocrx_word' id='word_1_119' title='bbox 1437 1265 1538 1304; x_wconf 88' lang='lat' dir='ltr'>tetri</span> <span class='ocrx_word' id='word_1_120' title='bbox 1562 1264 1707 1304; x_wconf 84' lang='lat' dir='ltr'>odoris</span> 
     </span>
     <span class='ocr_line' id='line_1_16' title="bbox 231 1337 1708 1390; baseline 0 -12"><span class='ocrx_word' id='word_1_121' title='bbox 231 1343 306 1378; x_wconf 88' lang='lat' dir='ltr'>est.</span> <span class='ocrx_word' id='word_1_122' title='bbox 340 1337 491 1378; x_wconf 87' lang='lat' dir='ltr'>“Cum</span> <span class='ocrx_word' id='word_1_123' title='bbox 521 1337 675 1386; x_wconf 87' lang='lat' dir='ltr'>enim,”</span> <span class='ocrx_word' id='word_1_124' title='bbox 707 1337 860 1390; x_wconf 88' lang='lat' dir='ltr'>inquit,</span> <span class='ocrx_word' id='word_1_125' title='bbox 886 1338 977 1378; x_wconf 89' lang='lat' dir='ltr'>“sit</span> <span class='ocrx_word' id='word_1_126' title='bbox 1009 1343 1165 1378; x_wconf 83' lang='lat' dir='ltr'>natura</span> <span class='ocrx_word' id='word_1_127' title='bbox 1187 1337 1458 1387; x_wconf 84' lang='lat' dir='ltr'>insatiabilis,</span> <span class='ocrx_word' id='word_1_128' title='bbox 1484 1338 1569 1378; x_wconf 87' lang='lat' dir='ltr'>alia</span> <span class='ocrx_word' id='word_1_129' title='bbox 1601 1351 1708 1390; x_wconf 91' lang='lat' dir='ltr'>qua-</span> 
     </span>
     <span class='ocr_line' id='line_1_17' title="bbox 232 1411 1705 1465; baseline -0.001 -13"><span class='ocrx_word' id='word_1_130' title='bbox 232 1412 336 1452; x_wconf 89' lang='lat' dir='ltr'>dam</span> <span class='ocrx_word' id='word_1_131' title='bbox 369 1412 537 1452; x_wconf 90' lang='lat' dir='ltr'>ratione</span> <span class='ocrx_word' id='word_1_132' title='bbox 570 1425 667 1452; x_wconf 90' lang='lat' dir='ltr'>eam</span> <span class='ocrx_word' id='word_1_133' title='bbox 701 1411 803 1452; x_wconf 86' lang='lat' dir='ltr'>fecit</span> <span class='ocrx_word' id='word_1_134' title='bbox 827 1411 948 1452; x_wconf 83' lang='lat' dir='ltr'>Deus</span> <span class='ocrx_word' id='word_1_135' title='bbox 980 1413 1150 1452; x_wconf 81' lang='lat' dir='ltr'>caeteris</span> <span class='ocrx_word' id='word_1_136' title='bbox 1181 1412 1333 1452; x_wconf 89' lang='lat' dir='ltr'>bestiis</span> <span class='ocrx_word' id='word_1_137' title='bbox 1365 1412 1705 1465; x_wconf 85' lang='lat' dir='ltr'>flagitiosiorem.</span> 
     </span>
     <span class='ocr_line' id='line_1_18' title="bbox 233 1485 1707 1539; baseline 0 -14"><span class='ocrx_word' id='word_1_138' title='bbox 233 1487 400 1526; x_wconf 84' lang='lat' dir='ltr'>Ferunt</span> <span class='ocrx_word' id='word_1_139' title='bbox 433 1486 566 1526; x_wconf 91' lang='lat' dir='ltr'>etiam</span> <span class='ocrx_word' id='word_1_140' title='bbox 598 1486 729 1538; x_wconf 87' lang='lat' dir='ltr'>hujus</span> <span class='ocrx_word' id='word_1_141' title='bbox 764 1485 899 1539; x_wconf 89' lang='lat' dir='ltr'>ipsius</span> <span class='ocrx_word' id='word_1_142' title='bbox 931 1486 1085 1526; x_wconf 62' lang='lat' dir='ltr'>bestiae</span> <span class='ocrx_word' id='word_1_143' title='bbox 1122 1486 1205 1526; x_wconf 88' lang='lat' dir='ltr'>cibi</span> <span class='ocrx_word' id='word_1_144' title='bbox 1244 1486 1448 1539; x_wconf 86' lang='lat' dir='ltr'>reliquias</span> <span class='ocrx_word' id='word_1_145' title='bbox 1480 1500 1505 1526; x_wconf 93' lang='lat' dir='ltr'>a</span> <span class='ocrx_word' id='word_1_146' title='bbox 1539 1486 1707 1526; x_wconf 75' lang='lat' dir='ltr'>caeteris</span> 
     </span>
     <span class='ocr_line' id='line_1_19' title="bbox 232 1560 1707 1613; baseline 0.001 -14"><span class='ocrx_word' id='word_1_147' title='bbox 232 1560 531 1600; x_wconf 89' lang='lat' dir='ltr'>animantibus</span> <span class='ocrx_word' id='word_1_148' title='bbox 570 1561 713 1613; x_wconf 87' lang='lat' dir='ltr'>respui</span> <span class='ocrx_word' id='word_1_149' title='bbox 753 1560 958 1600; x_wconf 89' lang='lat' dir='ltr'>omnino:</span> <span class='ocrx_word' id='word_1_150' title='bbox 999 1560 1041 1600; x_wconf 90' lang='lat' dir='ltr'>id</span> <span class='ocrx_word' id='word_1_151' title='bbox 1079 1560 1137 1600; x_wconf 93' lang='lat' dir='ltr'>ob</span> <span class='ocrx_word' id='word_1_152' title='bbox 1167 1574 1347 1613; x_wconf 84' lang='lat' dir='ltr'>gravem</span> <span class='ocrx_word' id='word_1_153' title='bbox 1386 1561 1428 1600; x_wconf 87' lang='lat' dir='ltr'>in</span> <span class='ocrx_word' id='word_1_154' title='bbox 1462 1574 1536 1600; x_wconf 90' lang='lat' dir='ltr'>eos</span> <span class='ocrx_word' id='word_1_155' title='bbox 1573 1560 1707 1613; x_wconf 87' lang='lat' dir='ltr'>inspi-</span> 
     </span>
     <span class='ocr_line' id='line_1_20' title="bbox 232 1634 1707 1687; baseline 0 -12"><span class='ocrx_word' id='word_1_156' title='bbox 232 1641 378 1675; x_wconf 89' lang='lat' dir='ltr'>ratum</span> <span class='ocrx_word' id='word_1_157' title='bbox 421 1634 615 1682; x_wconf 87' lang='lat' dir='ltr'>odorem,</span> <span class='ocrx_word' id='word_1_158' title='bbox 653 1634 726 1687; x_wconf 89' lang='lat' dir='ltr'>qui</span> <span class='ocrx_word' id='word_1_159' title='bbox 771 1647 827 1674; x_wconf 84' lang='lat' dir='ltr'>ex</span> <span class='ocrx_word' id='word_1_160' title='bbox 870 1634 985 1673; x_wconf 91' lang='lat' dir='ltr'>illius</span> <span class='ocrx_word' id='word_1_161' title='bbox 1028 1647 1211 1687; x_wconf 88' lang='lat' dir='ltr'>corpore</span> <span class='ocrx_word' id='word_1_162' title='bbox 1248 1634 1516 1675; x_wconf 86' lang='lat' dir='ltr'>exhalatur.’&#39;</span> <span class='ocrx_word' id='word_1_163' title='bbox 1595 1634 1707 1675; x_wconf 80' lang='lat' dir='ltr'>Haec</span> 
     </span>
     <span class='ocr_line' id='line_1_21' title="bbox 234 1707 1706 1761; baseline 0 -13"><span class='ocrx_word' id='word_1_164' title='bbox 234 1708 601 1761; x_wconf 74' lang='lat' dir='ltr'>Chrysostomus,</span> <span class='ocrx_word' id='word_1_165' title='bbox 635 1709 708 1760; x_wconf 91' lang='lat' dir='ltr'>qui</span> <span class='ocrx_word' id='word_1_166' title='bbox 733 1713 777 1748; x_wconf 88' lang='lat' dir='ltr'>et</span> <span class='ocrx_word' id='word_1_167' title='bbox 799 1707 873 1748; x_wconf 92' lang='lat' dir='ltr'>illa</span> <span class='ocrx_word' id='word_1_168' title='bbox 896 1722 1072 1760; x_wconf 90' lang='lat' dir='ltr'>quoque</span> <span class='ocrx_word' id='word_1_169' title='bbox 1094 1707 1282 1760; x_wconf 87' lang='lat' dir='ltr'>subjicit,</span> <span class='ocrx_word' id='word_1_170' title='bbox 1306 1722 1405 1761; x_wconf 80' lang='lat' dir='ltr'>quae</span> <span class='ocrx_word' id='word_1_171' title='bbox 1427 1709 1483 1749; x_wconf 90' lang='lat' dir='ltr'>ad</span> <span class='ocrx_word' id='word_1_172' title='bbox 1508 1722 1706 1749; x_wconf 85' lang='lat' dir='ltr'>mensam</span> 
     </span>
     <span class='ocr_line' id='line_1_22' title="bbox 232 1781 1709 1835; baseline 0.001 -14"><span class='ocrx_word' id='word_1_173' title='bbox 232 1782 487 1835; x_wconf 88' lang='lat' dir='ltr'>famemque</span> <span class='ocrx_word' id='word_1_174' title='bbox 516 1783 763 1835; x_wconf 84' lang='lat' dir='ltr'>pertinent:</span> <span class='ocrx_word' id='word_1_175' title='bbox 799 1781 949 1834; x_wconf 76' lang='lat' dir='ltr'>“Quis</span> <span class='ocrx_word' id='word_1_176' title='bbox 982 1782 1113 1835; x_wconf 90' lang='lat' dir='ltr'>igitur</span> <span class='ocrx_word' id='word_1_177' title='bbox 1144 1783 1399 1823; x_wconf 87' lang='lat' dir='ltr'>inusitatam</span> <span class='ocrx_word' id='word_1_178' title='bbox 1432 1782 1552 1823; x_wconf 83' lang='lat' dir='ltr'>illam</span> <span class='ocrx_word' id='word_1_179' title='bbox 1575 1789 1709 1835; x_wconf 89' lang='lat' dir='ltr'>atque</span> 
     </span>
     <span class='ocr_line' id='line_1_23' title="bbox 231 1856 1706 1910; baseline 0 -14"><span class='ocrx_word' id='word_1_180' title='bbox 231 1856 592 1910; x_wconf 80' lang='lat' dir='ltr'>inexplicabilem</span> <span class='ocrx_word' id='word_1_181' title='bbox 617 1856 780 1897; x_wconf 85' lang='lat' dir='ltr'>famem</span> <span class='ocrx_word' id='word_1_182' title='bbox 804 1870 1001 1908; x_wconf 87' lang='lat' dir='ltr'>unquam</span> <span class='ocrx_word' id='word_1_183' title='bbox 1024 1857 1222 1897; x_wconf 89' lang='lat' dir='ltr'>oratione</span> <span class='ocrx_word' id='word_1_184' title='bbox 1251 1857 1571 1910; x_wconf 85' lang='lat' dir='ltr'>prosequatur?</span> <span class='ocrx_word' id='word_1_185' title='bbox 1605 1871 1706 1897; x_wconf 89' lang='lat' dir='ltr'>ean-</span> 
     </span>
     <span class='ocr_line' id='line_1_24' title="bbox 233 1930 1707 1984; baseline 0.001 -14"><span class='ocrx_word' id='word_1_186' title='bbox 233 1931 335 1971; x_wconf 89' lang='lat' dir='ltr'>dem</span> <span class='ocrx_word' id='word_1_187' title='bbox 368 1930 661 1971; x_wconf 87' lang='lat' dir='ltr'>voluntariam</span> <span class='ocrx_word' id='word_1_188' title='bbox 696 1937 740 1971; x_wconf 92' lang='lat' dir='ltr'>et</span> <span class='ocrx_word' id='word_1_189' title='bbox 777 1930 1007 1971; x_wconf 88' lang='lat' dir='ltr'>coactam?</span> <span class='ocrx_word' id='word_1_190' title='bbox 1084 1931 1203 1971; x_wconf 86' lang='lat' dir='ltr'>Nam</span> <span class='ocrx_word' id='word_1_191' title='bbox 1236 1945 1324 1983; x_wconf 93' lang='lat' dir='ltr'>quo</span> <span class='ocrx_word' id='word_1_192' title='bbox 1357 1945 1455 1971; x_wconf 87' lang='lat' dir='ltr'>eam</span> <span class='ocrx_word' id='word_1_193' title='bbox 1488 1930 1707 1984; x_wconf 88' lang='lat' dir='ltr'>appellem</span> 
     </span>
     <span class='ocr_line' id='line_1_25' title="bbox 233 2005 1708 2058; baseline -0.001 -13"><span class='ocrx_word' id='word_1_194' title='bbox 233 2005 412 2045; x_wconf 88' lang='lat' dir='ltr'>nomine</span> <span class='ocrx_word' id='word_1_195' title='bbox 456 2019 543 2046; x_wconf 87' lang='lat' dir='ltr'>non</span> <span class='ocrx_word' id='word_1_196' title='bbox 596 2005 782 2054; x_wconf 83' lang='lat' dir='ltr'>invenio,</span> <span class='ocrx_word' id='word_1_197' title='bbox 827 2018 906 2044; x_wconf 90' lang='lat' dir='ltr'>nec</span> <span class='ocrx_word' id='word_1_198' title='bbox 947 2005 1209 2045; x_wconf 86' lang='lat' dir='ltr'>vocabolum</span> <span class='ocrx_word' id='word_1_199' title='bbox 1252 2006 1448 2054; x_wconf 87' lang='lat' dir='ltr'>occurrit,</span> <span class='ocrx_word' id='word_1_200' title='bbox 1492 2005 1611 2058; x_wconf 93' lang='lat' dir='ltr'>quod</span> <span class='ocrx_word' id='word_1_201' title='bbox 1665 2006 1708 2045; x_wconf 90' lang='lat' dir='ltr'>in</span> 
     </span>
     <span class='ocr_line' id='line_1_26' title="bbox 232 2079 1709 2133; baseline -0.001 -13"><span class='ocrx_word' id='word_1_202' title='bbox 232 2093 372 2133; x_wconf 86' lang='lat' dir='ltr'>genus</span> <span class='ocrx_word' id='word_1_203' title='bbox 410 2080 674 2120; x_wconf 90' lang='lat' dir='ltr'>calamitatis</span> <span class='ocrx_word' id='word_1_204' title='bbox 712 2080 994 2133; x_wconf 74' lang='lat' dir='ltr'>paradoxum</span> <span class='ocrx_word' id='word_1_205' title='bbox 1029 2093 1189 2131; x_wconf 88' lang='lat' dir='ltr'>queam</span> <span class='ocrx_word' id='word_1_206' title='bbox 1226 2080 1572 2120; x_wconf 87' lang='lat' dir='ltr'>accommodare.</span> <span class='ocrx_word' id='word_1_207' title='bbox 1649 2079 1709 2119; x_wconf 87' lang='lat' dir='ltr'>Et</span> 
     </span>
     <span class='ocr_line' id='line_1_27' title="bbox 232 2153 1708 2207; baseline -0.001 -13"><span class='ocrx_word' id='word_1_208' title='bbox 232 2167 257 2194; x_wconf 91' lang='lat' dir='ltr'>a</span> <span class='ocrx_word' id='word_1_209' title='bbox 281 2167 434 2194; x_wconf 89' lang='lat' dir='ltr'>mensa</span> <span class='ocrx_word' id='word_1_210' title='bbox 457 2154 636 2206; x_wconf 88' lang='lat' dir='ltr'>quidem</span> <span class='ocrx_word' id='word_1_211' title='bbox 669 2153 874 2207; x_wconf 89' lang='lat' dir='ltr'>apposita</span> <span class='ocrx_word' id='word_1_212' title='bbox 907 2153 1168 2202; x_wconf 83' lang='lat' dir='ltr'>abstinebat,</span> <span class='ocrx_word' id='word_1_213' title='bbox 1193 2159 1246 2203; x_wconf 88' lang='lat' dir='ltr'>et,</span> <span class='ocrx_word' id='word_1_214' title='bbox 1271 2154 1344 2206; x_wconf 89' lang='lat' dir='ltr'>qui</span> <span class='ocrx_word' id='word_1_215' title='bbox 1375 2154 1455 2193; x_wconf 91' lang='lat' dir='ltr'>sub</span> <span class='ocrx_word' id='word_1_216' title='bbox 1483 2153 1708 2193; x_wconf 91' lang='lat' dir='ltr'>oculorum</span> 
     </span>
     <span class='ocr_line' id='line_1_28' title="bbox 233 2227 1710 2280; baseline -0.001 -12"><span class='ocrx_word' id='word_1_217' title='bbox 233 2242 410 2268; x_wconf 88' lang='lat' dir='ltr'>sensum</span> <span class='ocrx_word' id='word_1_218' title='bbox 453 2228 639 2280; x_wconf 89' lang='lat' dir='ltr'>subjecti</span> <span class='ocrx_word' id='word_1_219' title='bbox 684 2233 818 2277; x_wconf 87' lang='lat' dir='ltr'>erant,</span> <span class='ocrx_word' id='word_1_220' title='bbox 853 2227 973 2267; x_wconf 88' lang='lat' dir='ltr'>cibos</span> <span class='ocrx_word' id='word_1_221' title='bbox 1017 2241 1105 2267; x_wconf 88' lang='lat' dir='ltr'>non</span> <span class='ocrx_word' id='word_1_222' title='bbox 1148 2227 1424 2280; x_wconf 80' lang='lat' dir='ltr'>attingebat3</span> <span class='ocrx_word' id='word_1_223' title='bbox 1476 2233 1710 2280; x_wconf 88' lang='lat' dir='ltr'>propterea</span> 
     </span>
     <span class='ocr_line' id='line_1_29' title="bbox 233 2301 1709 2355; baseline -0.001 -13"><span class='ocrx_word' id='word_1_224' title='bbox 233 2303 351 2354; x_wconf 89' lang='lat' dir='ltr'>quod</span> <span class='ocrx_word' id='word_1_225' title='bbox 394 2303 550 2354; x_wconf 84' lang='lat' dir='ltr'>gravis,</span> <span class='ocrx_word' id='word_1_226' title='bbox 584 2303 657 2354; x_wconf 89' lang='lat' dir='ltr'>qui</span> <span class='ocrx_word' id='word_1_227' title='bbox 696 2316 719 2342; x_wconf 94' lang='lat' dir='ltr'>e</span> <span class='ocrx_word' id='word_1_228' title='bbox 757 2302 950 2355; x_wconf 86' lang='lat' dir='ltr'>corporis</span> <span class='ocrx_word' id='word_1_229' title='bbox 990 2302 1206 2342; x_wconf 87' lang='lat' dir='ltr'>ulceribus</span> <span class='ocrx_word' id='word_1_230' title='bbox 1248 2302 1458 2342; x_wconf 87' lang='lat' dir='ltr'>manabat</span> <span class='ocrx_word' id='word_1_231' title='bbox 1495 2302 1615 2351; x_wconf 85' lang='lat' dir='ltr'>odor,</span> <span class='ocrx_word' id='word_1_232' title='bbox 1649 2301 1709 2341; x_wconf 92' lang='lat' dir='ltr'>illi</span> 
     </span>
     <span class='ocr_line' id='line_1_30' title="bbox 232 2375 1711 2428; baseline 0 -13"><span class='ocrx_word' id='word_1_233' title='bbox 232 2389 477 2425; x_wconf 87' lang='lat' dir='ltr'>occursans,</span> <span class='ocrx_word' id='word_1_234' title='bbox 502 2375 587 2415; x_wconf 90' lang='lat' dir='ltr'>cibi</span> <span class='ocrx_word' id='word_1_235' title='bbox 618 2376 909 2428; x_wconf 88' lang='lat' dir='ltr'>cupiditatem</span> <span class='ocrx_word' id='word_1_236' title='bbox 938 2388 1116 2415; x_wconf 87' lang='lat' dir='ltr'>omnem</span> <span class='ocrx_word' id='word_1_237' title='bbox 1149 2375 1451 2428; x_wconf 77' lang='lat' dir='ltr'>extinguebat,</span> <span class='ocrx_word' id='word_1_238' title='bbox 1475 2389 1525 2415; x_wconf 91' lang='lat' dir='ltr'>ac</span> <span class='ocrx_word' id='word_1_239' title='bbox 1548 2388 1711 2415; x_wconf 86' lang='lat' dir='ltr'>nausea</span> 
     </span>
     <span class='ocr_line' id='line_1_31' title="bbox 234 2448 1709 2502; baseline -0.001 -13"><span class='ocrx_word' id='word_1_240' title='bbox 234 2463 434 2489; x_wconf 81' lang='lat' dir='ltr'>mensam</span> <span class='ocrx_word' id='word_1_241' title='bbox 468 2449 682 2489; x_wconf 87' lang='lat' dir='ltr'>reddebat</span> <span class='ocrx_word' id='word_1_242' title='bbox 705 2449 924 2489; x_wconf 88' lang='lat' dir='ltr'>infestam.</span> <span class='ocrx_word' id='word_1_243' title='bbox 991 2448 1122 2501; x_wconf 74' lang='lat' dir='ltr'>Quod</span> <span class='ocrx_word' id='word_1_244' title='bbox 1155 2449 1300 2502; x_wconf 88' lang='lat' dir='ltr'>ipsum</span> <span class='ocrx_word' id='word_1_245' title='bbox 1333 2449 1577 2502; x_wconf 86' lang='lat' dir='ltr'>significare</span> <span class='ocrx_word' id='word_1_246' title='bbox 1609 2463 1709 2489; x_wconf 89' lang='lat' dir='ltr'>cum</span> 
     </span>
     <span class='ocr_line' id='line_1_32' title="bbox 231 2522 1710 2575; baseline -0.001 -12"><span class='ocrx_word' id='word_1_247' title='bbox 231 2523 375 2573; x_wconf 88' lang='lat' dir='ltr'>vellet,</span> <span class='ocrx_word' id='word_1_248' title='bbox 415 2523 556 2563; x_wconf 82' lang='lat' dir='ltr'>dixit:</span> <span class='ocrx_word' id='word_1_249' title='bbox 602 2523 829 2563; x_wconf 85' lang='lat' dir='ltr'>Foetorem</span> <span class='ocrx_word' id='word_1_250' title='bbox 866 2523 996 2562; x_wconf 88' lang='lat' dir='ltr'>video</span> <span class='ocrx_word' id='word_1_251' title='bbox 1039 2523 1159 2563; x_wconf 90' lang='lat' dir='ltr'>cibos</span> <span class='ocrx_word' id='word_1_252' title='bbox 1202 2536 1333 2563; x_wconf 85' lang='lat' dir='ltr'>meos.</span> <span class='ocrx_word' id='word_1_253' title='bbox 1397 2522 1540 2575; x_wconf 85' lang='lat' dir='ltr'>Atqui</span> <span class='ocrx_word' id='word_1_254' title='bbox 1582 2522 1710 2563; x_wconf 87' lang='lat' dir='ltr'>famis</span> 
     </span>
     <span class='ocr_line' id='line_1_33' title="bbox 233 2596 1711 2650; baseline -0.001 -13"><span class='ocrx_word' id='word_1_255' title='bbox 233 2598 470 2637; x_wconf 90' lang='lat' dir='ltr'>necessitas</span> <span class='ocrx_word' id='word_1_256' title='bbox 512 2610 668 2636; x_wconf 89' lang='lat' dir='ltr'>manus</span> <span class='ocrx_word' id='word_1_257' title='bbox 717 2597 759 2636; x_wconf 90' lang='lat' dir='ltr'>in</span> <span class='ocrx_word' id='word_1_258' title='bbox 804 2610 1002 2637; x_wconf 90' lang='lat' dir='ltr'>mensam</span> <span class='ocrx_word' id='word_1_259' title='bbox 1050 2598 1274 2650; x_wconf 82' lang='lat' dir='ltr'>porrigere</span> <span class='ocrx_word' id='word_1_260' title='bbox 1320 2596 1451 2650; x_wconf 88' lang='lat' dir='ltr'>plane</span> <span class='ocrx_word' id='word_1_261' title='bbox 1493 2596 1711 2649; x_wconf 90' lang='lat' dir='ltr'>cogebat:</span> 
     </span>
     <span class='ocr_line' id='line_1_34' title="bbox 231 2670 1710 2723; baseline -0.001 -12"><span class='ocrx_word' id='word_1_262' title='bbox 231 2671 364 2711; x_wconf 87' lang='lat' dir='ltr'>foetor</span> <span class='ocrx_word' id='word_1_263' title='bbox 400 2676 549 2711; x_wconf 87' lang='lat' dir='ltr'>autem</span> <span class='ocrx_word' id='word_1_264' title='bbox 592 2670 890 2719; x_wconf 85' lang='lat' dir='ltr'>intolerabilis,</span> <span class='ocrx_word' id='word_1_265' title='bbox 928 2671 1002 2723; x_wconf 91' lang='lat' dir='ltr'>qui</span> <span class='ocrx_word' id='word_1_266' title='bbox 1042 2671 1302 2711; x_wconf 85' lang='lat' dir='ltr'>mittebatur</span> <span class='ocrx_word' id='word_1_267' title='bbox 1338 2684 1361 2710; x_wconf 91' lang='lat' dir='ltr'>e</span> <span class='ocrx_word' id='word_1_268' title='bbox 1397 2684 1589 2723; x_wconf 89' lang='lat' dir='ltr'>corpore,</span> <span class='ocrx_word' id='word_1_269' title='bbox 1621 2670 1710 2709; x_wconf 91' lang='lat' dir='ltr'>vim</span> 
     </span>
     <span class='ocr_line' id='line_1_35' title="bbox 232 2744 1710 2797; baseline -0.001 -13"><span class='ocrx_word' id='word_1_270' title='bbox 232 2744 362 2784; x_wconf 87' lang='lat' dir='ltr'>famis</span> <span class='ocrx_word' id='word_1_271' title='bbox 393 2744 520 2784; x_wconf 85' lang='lat' dir='ltr'>facile</span> <span class='ocrx_word' id='word_1_272' title='bbox 542 2744 789 2797; x_wconf 88' lang='lat' dir='ltr'>superabat.</span> <span class='ocrx_word' id='word_1_273' title='bbox 856 2744 976 2795; x_wconf 86' lang='lat' dir='ltr'>Ergo</span> <span class='ocrx_word' id='word_1_274' title='bbox 1007 2744 1065 2784; x_wconf 94' lang='lat' dir='ltr'>ob</span> <span class='ocrx_word' id='word_1_275' title='bbox 1088 2744 1131 2784; x_wconf 90' lang='lat' dir='ltr'>id</span> <span class='ocrx_word' id='word_1_276' title='bbox 1165 2745 1323 2797; x_wconf 88' lang='lat' dir='ltr'>ipsum,</span> <span class='ocrx_word' id='word_1_277' title='bbox 1347 2750 1396 2784; x_wconf 89' lang='lat' dir='ltr'>ut</span> <span class='ocrx_word' id='word_1_278' title='bbox 1418 2744 1524 2793; x_wconf 85' lang='lat' dir='ltr'>dixi,</span> <span class='ocrx_word' id='word_1_279' title='bbox 1548 2744 1710 2784; x_wconf 82' lang='lat' dir='ltr'>samem</span> 
     </span>
     <span class='ocr_line' id='line_1_36' title="bbox 232 2817 1710 2871; baseline -0.001 -14"><span class='ocrx_word' id='word_1_280' title='bbox 232 2817 352 2858; x_wconf 90' lang='lat' dir='ltr'>illam</span> <span class='ocrx_word' id='word_1_281' title='bbox 375 2817 680 2867; x_wconf 87' lang='lat' dir='ltr'>voluntariam,</span> <span class='ocrx_word' id='word_1_282' title='bbox 704 2823 960 2858; x_wconf 88' lang='lat' dir='ltr'>coactamve</span> <span class='ocrx_word' id='word_1_283' title='bbox 984 2818 1217 2871; x_wconf 86' lang='lat' dir='ltr'>appellem,</span> <span class='ocrx_word' id='word_1_284' title='bbox 1241 2817 1359 2858; x_wconf 88' lang='lat' dir='ltr'>haud</span> <span class='ocrx_word' id='word_1_285' title='bbox 1388 2824 1453 2858; x_wconf 90' lang='lat' dir='ltr'>est</span> <span class='ocrx_word' id='word_1_286' title='bbox 1476 2817 1582 2857; x_wconf 79' lang='lat' dir='ltr'>mihi</span> <span class='ocrx_word' id='word_1_287' title='bbox 1605 2818 1710 2858; x_wconf 85' lang='lat' dir='ltr'>Satis</span> 
     </span>
     <span class='ocr_line' id='line_1_37' title="bbox 231 2890 1712 2945; baseline -0.001 -13"><span class='ocrx_word' id='word_1_288' title='bbox 231 2893 535 2932; x_wconf 87' lang='lat' dir='ltr'>constitutum.</span> <span class='ocrx_word' id='word_1_289' title='bbox 600 2891 720 2931; x_wconf 89' lang='lat' dir='ltr'>Nam</span> <span class='ocrx_word' id='word_1_290' title='bbox 752 2890 825 2943; x_wconf 84' lang='lat' dir='ltr'>qui</span> <span class='ocrx_word' id='word_1_291' title='bbox 847 2890 1095 2932; x_wconf 85' lang='lat' dir='ltr'>voluntaria</span> <span class='ocrx_word' id='word_1_292' title='bbox 1116 2891 1252 2932; x_wconf 88' lang='lat' dir='ltr'>videri</span> <span class='ocrx_word' id='word_1_293' title='bbox 1285 2892 1436 2945; x_wconf 90' lang='lat' dir='ltr'>possit,</span> <span class='ocrx_word' id='word_1_294' title='bbox 1461 2906 1560 2932; x_wconf 88' lang='lat' dir='ltr'>cum</span> <span class='ocrx_word' id='word_1_295' title='bbox 1591 2891 1712 2932; x_wconf 91' lang='lat' dir='ltr'>cibos</span> 
     </span>
    </p>
   </div>
  </div>
 </body>
</html>
