1903 3197
257 182 357 225 420
586 167 665 213 De
698 168 887 214 ratione
919 169 1112 215 vivendi
1145 170 1404 218 Socz'etatc's.

257 302 386 343 fuerit
427 315 510 342 ovo
545 303 763 356 acceperit
797 309 945 343 autem
978 302 1230 353 olusculam‚
1261 304 1378 344 dicat
1412 305 1494 345 sibi
1527 306 1634 359 ipsi:
1673 306 1720 348 Si

258 377 363 416 mihi
402 391 512 430 opus
546 379 804 430 expedierit,
840 378 946 418 illud
984 385 1141 431 potens
1178 385 1244 419 est
1281 377 1500 419 Dominus
1537 381 1728 429 mitterer

255 450 324 491 vel
358 454 582 505 potentius
616 456 735 497 olera
768 458 811 497 in
846 469 976 497 ovum
1015 465 1294 505 convertere;
1336 456 1574 508 credatque
1609 456 1720 505 Deo,

256 529 465 579 quoniam
502 531 586 572 hoc
622 532 704 573 sibi
741 533 817 573 fiet
854 534 896 574 in
929 533 1224 586 martyrium.''
1270 530 1406 582 Cujus
1443 531 1502 571 rei
1540 545 1717 572 causam

254 604 405 643 statim
447 606 633 659 subjicit.
731 608 1029 661 “Quoniam,”
1072 609 1225 662 inquit,
1270 607 1431 647 “Deus
1477 606 1720 646 misericors

256 678 492 731 unicuique
552 684 795 723 necessaria
860 684 1065 736 impertit,
1124 689 1254 736 prout
1316 681 1528 734 cujusque
1590 680 1723 721 saluti

256 755 474 807 expedit.''
549 757 609 798 Et
649 756 732 797 hoc
773 765 840 798 est
881 758 999 811 quod
1039 758 1224 798 Basilius
1267 758 1328 797 ait
1370 757 1577 797 adversus
1619 770 1720 797 eum·

255 829 329 881 qui
371 831 655 871 contristatur
700 846 799 871 curn
842 831 897 881 id,
941 833 1059 884 quod
1103 832 1184 872 sibi
1228 833 1411 872 noxium
1465 846 1559 872 esse
1610 832 1722 871 indi-

255 905 427 953 caverit,
463 918 550 945 non
583 911 889 946 commutatur.
953 905 1225 958 “Apparet‚⁷’
1260 906 1412 958 inquit,
1446 906 1600 946 “hunc
1632 920 1720 946 non

253 978 495 1031 intelligere
526 979 785 1019 charitatem
820 979 923 1030 ejus,
957 979 1024 1018 cui
1057 979 1267 1026 omnium,
1300 985 1342 1018 et
1372 980 1507 1031 ipsius
1541 993 1719 1032 quoque

253 1066 356 1092 cura
398 1053 633 1093 commissa
669 1052 770 1093 est.'’
855 1053 956 1093 Hoc
998 1060 1063 1093 est
1112 1054 1245 1105 igitur
1288 1053 1405 1105 quod
1451 1053 1722 1095 Constitutio

257 1131 404 1166 nostra
438 1133 618 1167 monet:
662 1128 967 1168 “Persuadere
999 1127 1081 1167 sibi
1114 1141 1334 1180 quemque
1367 1127 1526 1167 debere
1562 1128 1605 1167 id
1639 1127 1720 1167 sibi

257 1200 478 1253 expedire,
513 1201 632 1254 quod
676 1201 774 1242 Deo
805 1201 1077 1253 gubernante
1110 1216 1135 1242 a
1167 1201 1401 1254 Superiore
1433 1202 1722 1241 constitutum

260 1273 425 1314 fuerit.’'

347 1349 546 1389 Proderit
589 1350 729 1399 tertio,
776 1355 870 1390 tum
917 1350 973 1390 ad
1017 1349 1391 1402 tranquillandum
1439 1350 1634 1389 animum
1679 1350 1722 1389 in

257 1424 545 1477 impetrandis
576 1430 653 1465 aut
684 1438 771 1464 non
804 1424 1091 1477 impetrandis
1120 1438 1219 1477 quae
1245 1438 1324 1477 pro
1354 1438 1534 1476 corpore
1569 1429 1719 1476 postu-

258 1497 412 1545 lantur,
451 1503 546 1538 tum
594 1498 649 1538 ad
692 1497 983 1550 abjiciendam
1027 1512 1203 1539 omnem
1245 1498 1438 1550 corporis
1481 1511 1628 1537 curam
1673 1511 1724 1538 ac

256 1570 607 1621 sollicitudinem,
645 1573 898 1612 meminisse
929 1572 1080 1625 quales
1123 1573 1165 1612 in
1207 1571 1290 1611 hoc
1323 1584 1483 1624 genere
1515 1570 1722 1611 fuerimus

259 1649 418 1684 nostrae
465 1645 759 1686 conversionis
811 1646 1016 1694 exordiis,
1065 1646 1138 1697 qui
1191 1644 1425 1685 obfirmato
1467 1645 1615 1684 animo
1656 1644 1724 1684 vel

260 1718 502 1758 necessaria
525 1719 845 1767 recusabamus,
869 1720 943 1771 qui
974 1733 1089 1758 nunc
1116 1731 1440 1771 supervacanea
1462 1716 1725 1768 flagitamus.

261 1790 493 1843 “Quidam
546 1793 698 1840 enim‚'’
752 1792 1001 1833 Bernardus
1062 1792 1216 1844 inquit,
1270 1791 1367 1831 “ad
1419 1790 1726 1830 verecundiam

260 1864 433 1905 illorum
456 1865 566 1913 dico,
591 1867 664 1918 qui
695 1872 797 1906 ante
830 1865 1012 1906 inhiberi
1046 1880 1132 1906 non
1166 1871 1381 1918 poterant,
1406 1865 1466 1904 ita
1498 1865 1541 1904 in
1573 1865 1725 1917 spiritu

260 1939 508 1979 vehementi
527 1940 582 1979 ad
607 1941 755 1980 omnia
773 1939 1043 1988 ferebantur;
1066 1946 1220 1993 postea
1238 1939 1293 1979 ad
1313 1944 1482 1979 tantam
1507 1938 1725 1991 ignaviam

261 2012 541 2061 devenerunt,
575 2018 623 2053 ut
665 2014 907 2053 secundum
955 2012 1060 2053 illud
1099 2011 1336 2065 Apostoli:
1400 2011 1537 2052 ‘Cum
1575 2011 1727 2064 spiritu

262 2085 485 2137 coeperint,
518 2099 632 2126 nunc
670 2100 798 2127 carne
835 2085 1169 2126 consumentur.'
1254 2085 1400 2138 Quam
1435 2090 1562 2136 turpe
1596 2084 1728 2124 iniere

262 2159 406 2198 foedus
454 2173 552 2200 cum
605 2160 858 2212 corporibus
909 2160 1010 2209 suis,
1058 2159 1217 2212 quibus
1258 2157 1433 2198 crudele
1475 2163 1577 2197 ante
1618 2157 1729 2197 indi-

261 2238 418 2272 xerant
452 2232 645 2272 bellum!
708 2233 873 2273 Videas
905 2247 985 2286 pro
1018 2234 1169 2273 dolor!
1224 2233 1473 2285 importune
1510 2231 1728 2283 superflua

263 2306 505 2357 quaeritare,
533 2307 605 2357 qui
636 2306 754 2358 prius
787 2307 1029 2346 necessaria
1059 2305 1402 2346 obstinatissime
1434 2304 1728 2344 1·ecusabant.”

266 2378 414 2430 Hujus
447 2392 550 2430 ergo
583 2379 793 2432 temporis
826 2380 1069 2420 recordatio
1102 2386 1145 2419 et
1178 2379 1380 2419 ruborem
1418 2377 1544 2418 nobis
1577 2378 1729 2417 afferet

265 2457 308 2491 et
346 2452 551 2503 quietem,
591 2458 638 2492 ut
675 2453 832 2493 anxios
875 2466 952 2493 nos
986 2466 1078 2492 esse
1111 2452 1409 2504 sollicitosque
1441 2465 1519 2504 pro
1552 2464 1731 2504 corpore

265 2525 348 2565 hoc
380 2526 467 2565 cito
500 2526 728 2565 interituro
761 2526 1044 2566 vehementer
1074 2526 1250 2578 pudeat.

354 2599 590 2639 Addamus
613 2605 829 2652 quartum,
854 2601 887 2639 si
920 2599 1075 2652 placet,
1100 2614 1157 2639 ex
1188 2599 1361 2648 Basilio,
1385 2599 1502 2651 quod
1536 2599 1730 2638 animum

267 2672 395 2713 valde
417 2673 671 2725 tranquillat
694 2679 736 2712 et
759 2672 961 2725 placeat.2
1015 2673 1114 2713 Hoc
1138 2679 1229 2713 est:
1264 2672 1341 2713 “Si
1366 2674 1465 2725 quis
1489 2672 1734 2712 meminerit

269 2747 478 2787 mandata
503 2748 683 2787 Domini
707 2747 910 2797 dicentis;
946 2747 1047 2799 quia
1071 2747 1230 2799 dignus
1253 2753 1329 2795 est,
1354 2761 1441 2787 non
1465 2747 1733 2799 quicumque

267 2821 342 2861 sed
376 2822 598 2874 operarius
643 2822 844 2861 mercede
893 2835 980 2861 sua.
1065 2821 1286 2861 Discutiat
1329 2834 1432 2872 ergo
1470 2821 1660 2874 seipsum
1699 2819 1732 2859 si

479 2909 489 2928 ¹
518 2912 632 2952 Supra.
654 2922 684 2953 q.
710 2919 777 2952 132.
923 2909 936 2928 ²
963 2911 1000 2942 C.
1023 2911 1063 2942 de
1089 2911 1196 2943 Instit.
1219 2912 1288 2943 Mo.
1311 2910 1389 2942 Nat.
1414 2921 1440 2942 c.
1463 2919 1513 2950 30.
