1903 3197
294 207 319 252 7
329 209 352 238 2
749 195 829 241 De
842 237 853 248 ,
863 195 907 242 S
904 195 1113 243 ocz‘elatz's
1148 197 1203 242 F
1198 198 1284 243 ine.

288 327 330 365 in
366 327 526 367 virtute
554 327 775 380 proficere,
807 329 912 369 illud
946 336 1096 370 tamen
1130 328 1284 377 addit,1
1320 328 1672 370 “Animadverte
1703 343 1761 369 ne

286 407 363 440 tua
405 401 533 454 culpa
567 402 610 442 id
653 402 741 451 fiat,
775 417 863 455 quo
906 405 1052 444 minus
1093 403 1309 457 proficias,
1349 417 1451 443 nam
1496 398 1766 456 quocunque·

286 489 454 527 perges,
477 482 520 516 te
543 476 685 528 ipsum
710 477 838 517 feres:
867 479 1055 518 mutatio
1079 479 1194 518 enim
1221 478 1303 518 loci
1328 491 1415 517 non
1441 483 1506 517 est
1529 478 1683 518 eadem
1708 492 1757 518 ac

287 549 429 589 cordis
456 551 654 599 mutatio,
678 551 877 603 quisquis
907 552 1022 591 enim
1054 553 1096 592 in
1125 551 1272 604 aliquo
1302 551 1401 591 loco
1430 551 1656 604 improbus
1680 558 1757 599 est,

288 625 329 662 in
363 625 568 664 omnibus
596 624 697 664 talis
723 632 799 673 est,
834 631 881 665 ut
913 627 1045 666 etiam
1079 627 1152 678 qui
1185 626 1343 666 alicubi
1377 627 1520 665 bonus
1552 630 1631 674 est,
1661 625 1755 666 ubi-

286 712 370 750 que
402 698 543 738 bonus
576 699 691 739 erit.”
756 699 981 752 Idemque,
1017 700 1133 753 “Qui
1166 701 1290 753 proni
1325 700 1478 752 inquit,
1518 713 1568 739 ac
1605 698 1767 740 faciles-

285 771 341 810 ad
386 771 693 823 migrationem
738 773 1118 826 mutationemque
1165 774 1358 814 locorum
1411 779 1523 821 sunt,
1566 772 1754 825 improbi

286 846 468 885 omnino
485 845 747 897 judicarunt.
813 847 933 887 Nihil
965 849 1026 888 ita
1048 848 1150 888 boni
1174 849 1318 901 operis
1342 848 1510 888 fructus
1532 848 1759 888 consuevit

287 919 545 968 obtundere,
568 927 616 960 ut
639 920 834 961 locorum
858 922 1008 962 crebra
1031 921 1255 962 mutatio.’'

374 993 586 1034 Basilius2
613 1001 774 1043 autem,
800 1009 854 1035 ne
885 997 1114 1036 occasione
1147 995 1325 1048 quidem
1359 996 1552 1035 sanctius
1585 996 1771 1048 agendi„

288 1069 331 1107 in
369 1068 502 1108 alium
542 1069 686 1108 locum
727 1069 944 1120 migrandi
983 1075 1249 1121 potestatem
1289 1069 1402 1114 facit.
1443 1070 1532 1108 imo
1573 1070 1634 1109 ait
1676 1069 1759 1109 hoc

288 1148 421 1195 pacto
457 1144 538 1182 toti
576 1143 906 1195 congregationi
952 1143 1143 1183 infamiae
1186 1150 1337 1184 notam
1375 1143 1498 1182 inuri.
1561 1142 1760 1183 Alterius

287 1230 333 1256 se
363 1216 525 1263 dicunt,
557 1217 709 1269 inquit,
733 1218 871 1257 vitare
901 1219 1167 1270 contagium,
1192 1223 1234 1257 et
1266 1219 1488 1270 propriam
1521 1217 1759 1258 ostendunt

289 1292 644 1337 inconstantiam,
689 1291 790 1331 inde
834 1292 936 1332 alibi
991 1293 1033 1332 id
1086 1306 1224 1344 genus
1275 1291 1503 1331 hominum
1547 1299 1757 1345 tanquam

288 1365 538 1406 instabilem
576 1366 806 1406 vitandum
843 1366 1023 1406 monet.3
1068 1367 1278 1419 Ephraem
1312 1367 1444 1406 etiam
1478 1380 1565 1407 non
1601 1368 1759 1419 probat

288 1453 439 1480 eorum
483 1441 829 1487 excusationem,
872 1441 945 1492 qui
998 1440 1149 1481 dicunt
1195 1439 1307 1480 velle
1358 1454 1404 1480 se
1455 1441 1664 1481 scandala
1716 1447 1759 1481 et

288 1514 635 1554 obtrectationes
673 1514 834 1567 fugere,
870 1528 971 1554 nam
1011 1528 1284 1567 quocunque,
1323 1515 1474 1566 inquit,
1515 1514 1759 1562 abierimus,

290 1588 333 1626 in
367 1587 492 1627 nobis
524 1588 799 1640 portabimus
831 1602 856 1628 a
886 1589 1044 1641 quibus
1077 1588 1412 1641 oppugnemus.4

379 1661 627 1702 Bernardus
668 1668 817 1702 autem
861 1676 948 1702 non
991 1662 1133 1703 solum
1176 1667 1425 1715 suspectam
1469 1662 1605 1703 habet
1646 1662 1774 1702 hanc-

290 1736 425 1776 animi
459 1736 683 1776 levitatem
711 1737 800 1785 sed,
826 1751 924 1777 cum
955 1737 1104 1776 scribit
1127 1737 1182 1776 ad
1213 1736 1367 1776 fratres
1397 1736 1451 1776 de
1482 1742 1633 1776 monte
1661 1737 1758 1784 Dei,

290 1809 397 1849 dicit
418 1809 500 1850 loci
532 1812 776 1850 mutatione
799 1811 909 1851 effici
941 1811 1135 1850 animum
1165 1810 1372 1850 leviorem
1395 1824 1445 1850 ac
1469 1809 1754 1850 mobiliorem.

288 1882 415 1935 “Qui
455 1884 797 1936 aegritiidine1]],’‘
823 1885 975 1937 inquit,
1001 1885 1169 1924 “animi
1210 1884 1441 1937 migrando
1476 1885 1530 1924 de
1567 1883 1664 1924 1060
1701 1884 1757 1924 ad

290 1957 435 1998 locum
479 1957 669 2011 effugere
711 1959 875 2007 nititur,
913 1959 973 1999 sic
1015 1964 1081 1998 est
1123 1959 1245 2006 sieut,
1284 1959 1357 2010 qui
1404 1958 1515 2010 fugit
1558 1958 1757 1998 umbram

290 2033 486 2084 corporis
522 2033 586 2072 sui
623 2046 668 2072 se
706 2033 848 2085 ipsum
893 2033 1014 2085 fugit,
1051 2046 1097 2072 se
1135 2033 1278 2085 ipsum
1317 2031 1574 2080 circumfert,
1613 2031 1756 2071 locum

292 2113 435 2146 mutat
462 2119 549 2146 non
582 2107 791 2154 animum,
825 2107 1013 2146 eundem
1048 2107 1208 2157 ubique
1240 2119 1285 2145 se
1318 2106 1493 2153 invenit,
1525 2105 1605 2144 nisi
1638 2105 1756 2157 quod

292 2179 553 2219 deteriorem
581 2179 684 2219 facit
716 2179 810 2231 ipsa
843 2179 1091 2229 mobilitas;
1122 2179 1232 2219 sicut
1258 2179 1417 2219 laedere
1445 2178 1557 2219 solet
1579 2192 1772 2232 aegrum,.

291 2253 366 2305 qui
399 2251 746 2292 circumferendo
784 2254 979 2293 concutit
1008 2267 1119 2302 eum,
1154 2267 1320 2306 aegrum
1356 2266 1458 2292 nam
1491 2266 1537 2292 se
1571 2252 1690 2300 sciat,
1715 2258 1757 2292 et

292 2332 418 2367 vacet
447 2327 559 2367 circa
589 2326 807 2367 causarias
840 2334 986 2380 partes
1016 2327 1289 2380 aegritudinis
1319 2325 1445 2366 suae.’'

379 2400 423 2439 A
478 2400 646 2441 Seneca
700 2401 836 2441 videri
898 2407 1044 2454 potest
1104 2400 1199 2441 haec
1261 2406 1498 2448 mutuatus,
1557 2399 1591 2438 is
1654 2413 1755 2439 nam

293 2474 375 2527 Ep.
400 2484 464 2525 27,
489 2475 548 2514 sic
580 2475 653 2514 ait.
718 2474 884 2515 “Vadis
915 2474 1000 2516 huc
1033 2481 1077 2515 et
1109 2475 1221 2523 illuc,
1249 2480 1297 2514 ut
1329 2474 1528 2514 excutias
1561 2473 1768 2513 insidens

290 2548 475 2602 pondus,
514 2550 631 2601 quod
671 2550 764 2602 ipsa
798 2549 1039 2601 jactatione
1077 2548 1397 2589 incommodius
1440 2547 1514 2587 fit:
1556 2548 1668 2588 sicut
1710 2548 1752 2586 in

291 2623 388 2662 navi
427 2635 560 2662 onera
598 2624 781 2663 immota
819 2624 963 2663 minus
1006 2629 1172 2675 urgent,
1204 2621 1478 2673 inaequaliter
1519 2620 1753 2661 convoluta

288 2697 415 2738 citius
438 2709 534 2736 eam
557 2702 742 2749 partem,
766 2696 808 2736 in
827 2710 960 2749 quam
985 2696 1228 2741 incubuere,
1248 2695 1520 2748 demergunt,
1538 2694 1751 2747 quidquid

287 2770 405 2818 facis,
428 2776 580 2811 contra
605 2776 649 2810 te
682 2770 799 2821 facis,
823 2776 866 2811 et
889 2776 1011 2810 motu
1045 2771 1139 2822 ipso
1172 2783 1302 2810 noces
1334 2769 1426 2818 tibi,
1450 2782 1614 2821 regrum
1648 2781 1750 2809 nam

375 2867 386 2886 ¹
415 2869 517 2899 Grad.
536 2878 567 2908 4.
703 2867 716 2886 ²
742 2868 794 2899 De
811 2868 906 2899 Instr.
923 2868 999 2899 vitae
1016 2868 1145 2899 coenob.
1299 2866 1311 2885 ³
1336 2867 1443 2898 Instit.
1462 2877 1550 2898 mon.
1568 2877 1594 2897 6.
1615 2874 1661 2896 10.

836 2918 849 2936 4
874 2920 999 2951 Par-cen.
1021 2918 1062 2950 26
1080 2924 1148 2950 tom
1167 2927 1195 2949 2.
