<?xml version="1.0" encoding="UTF-8"?>
<!DOCTYPE html PUBLIC "-//W3C//DTD XHTML 1.0 Transitional//EN"
    "http://www.w3.org/TR/xhtml1/DTD/xhtml1-transitional.dtd">
<html xmlns="http://www.w3.org/1999/xhtml" xml:lang="en" lang="en">
 <head>
  <title>
</title>
<meta http-equiv="Content-Type" content="text/html;charset=utf-8" />
  <meta name='ocr-system' content='tesseract 3.04.00' />
  <meta name='ocr-capabilities' content='ocr_page ocr_carea ocr_par ocr_line ocrx_word'/>
</head>
<body>
  <div class='ocr_page' id='page_1' title='image "./nicolaiorlandini00orla/nicolaiorlandini00orla_0323.png"; bbox 0 0 1903 3197; ppageno 0'>
   <div class='ocr_carea' id='block_1_1' title="bbox 642 113 1547 171">
    <p class='ocr_par' dir='ltr' id='par_1_1' title="bbox 642 113 1547 171">
     <span class='ocr_line' id='line_1_1' title="bbox 642 113 1547 171; baseline 0 -12"><span class='ocrx_word' id='word_1_1' title='bbox 642 113 722 159; x_wconf 80' lang='lat' dir='ltr'>De</span> <span class='ocrx_word' id='word_1_2' title='bbox 753 114 1007 160; x_wconf 65' lang='lat' dir='ltr'>Examina</span> <span class='ocrx_word' id='word_1_3' title='bbox 1453 125 1547 171; x_wconf 83' lang='lat'>303</span> 
     </span>
    </p>
   </div>
   <div class='ocr_carea' id='block_1_2' title="bbox 86 242 1562 2777">
    <p class='ocr_par' dir='ltr' id='par_1_2' title="bbox 86 242 1552 1162">
     <span class='ocr_line' id='line_1_2' title="bbox 86 242 1546 297; baseline -0.002 -12"><span class='ocrx_word' id='word_1_4' title='bbox 86 245 359 297; x_wconf 87' lang='lat' dir='ltr'>dejiciuntur,</span> <span class='ocrx_word' id='word_1_5' title='bbox 379 257 477 285; x_wconf 90' lang='lat' dir='ltr'>cum</span> <span class='ocrx_word' id='word_1_6' title='bbox 496 244 650 283; x_wconf 89' lang='lat' dir='ltr'>vitium</span> <span class='ocrx_word' id='word_1_7' title='bbox 668 244 846 295; x_wconf 76' lang='lat' dir='ltr'>aliquod</span> <span class='ocrx_word' id='word_1_8' title='bbox 869 257 1136 296; x_wconf 83' lang='lat' dir='ltr'>expugnare,</span> <span class='ocrx_word' id='word_1_9' title='bbox 1157 244 1317 296; x_wconf 78' lang='lat' dir='ltr'>saepius</span> <span class='ocrx_word' id='word_1_10' title='bbox 1340 242 1546 296; x_wconf 76' lang='lat' dir='ltr'>aggressi,</span> 
     </span>
     <span class='ocr_line' id='line_1_3' title="bbox 90 316 1547 370; baseline -0.003 -12"><span class='ocrx_word' id='word_1_11' title='bbox 90 331 177 358; x_wconf 88' lang='lat' dir='ltr'>non</span> <span class='ocrx_word' id='word_1_12' title='bbox 208 324 452 370; x_wconf 87' lang='lat' dir='ltr'>potuerunt.</span> <span class='ocrx_word' id='word_1_13' title='bbox 519 316 580 356; x_wconf 87' lang='lat' dir='ltr'>Hi</span> <span class='ocrx_word' id='word_1_14' title='bbox 614 330 670 356; x_wconf 85' lang='lat' dir='ltr'>ex</span> <span class='ocrx_word' id='word_1_15' title='bbox 705 317 887 356; x_wconf 88' lang='lat' dir='ltr'>adverso</span> <span class='ocrx_word' id='word_1_16' title='bbox 924 316 1217 368; x_wconf 89' lang='lat' dir='ltr'>superioribus</span> <span class='ocrx_word' id='word_1_17' title='bbox 1253 321 1547 368; x_wconf 85' lang='lat' dir='ltr'>opponuntur,</span> 
     </span>
     <span class='ocr_line' id='line_1_4' title="bbox 89 387 1548 444; baseline -0.003 -13"><span class='ocrx_word' id='word_1_18' title='bbox 89 404 200 444; x_wconf 89' lang='lat' dir='ltr'>quos</span> <span class='ocrx_word' id='word_1_19' title='bbox 232 391 484 431; x_wconf 76' lang='lat' dir='ltr'>dicebamus</span> <span class='ocrx_word' id='word_1_20' title='bbox 517 391 604 429; x_wconf 91' lang='lat' dir='ltr'>suis</span> <span class='ocrx_word' id='word_1_21' title='bbox 635 389 796 429; x_wconf 87' lang='lat' dir='ltr'>viribus</span> <span class='ocrx_word' id='word_1_22' title='bbox 829 389 1010 428; x_wconf 78' lang='lat' dir='ltr'>nlmium</span> <span class='ocrx_word' id='word_1_23' title='bbox 1046 389 1242 428; x_wconf 90' lang='lat' dir='ltr'>tribuere.</span> <span class='ocrx_word' id='word_1_24' title='bbox 1308 389 1396 428; x_wconf 87' lang='lat' dir='ltr'>Ubi</span> <span class='ocrx_word' id='word_1_25' title='bbox 1433 387 1548 427; x_wconf 87' lang='lat' dir='ltr'>enim</span> 
     </span>
     <span class='ocr_line' id='line_1_5' title="bbox 92 460 1549 513; baseline -0.002 -11"><span class='ocrx_word' id='word_1_26' title='bbox 92 464 233 504; x_wconf 84' lang='lat' dir='ltr'>irritos</span> <span class='ocrx_word' id='word_1_27' title='bbox 275 464 468 503; x_wconf 88' lang='lat' dir='ltr'>sentiunt</span> <span class='ocrx_word' id='word_1_28' title='bbox 505 468 687 502; x_wconf 88' lang='lat' dir='ltr'>conatus</span> <span class='ocrx_word' id='word_1_29' title='bbox 728 476 840 511; x_wconf 87' lang='lat' dir='ltr'>suos,</span> <span class='ocrx_word' id='word_1_30' title='bbox 880 475 989 513; x_wconf 85' lang='lat' dir='ltr'>quos</span> <span class='ocrx_word' id='word_1_31' title='bbox 1028 462 1069 500; x_wconf 91' lang='lat' dir='ltr'>in</span> <span class='ocrx_word' id='word_1_32' title='bbox 1112 461 1396 513; x_wconf 83' lang='lat' dir='ltr'>profligandis</span> <span class='ocrx_word' id='word_1_33' title='bbox 1435 460 1549 500; x_wconf 87' lang='lat' dir='ltr'>vitiis</span> 
     </span>
     <span class='ocr_line' id='line_1_6' title="bbox 93 533 1550 587; baseline -0.003 -10"><span class='ocrx_word' id='word_1_34' title='bbox 93 537 384 586; x_wconf 78' lang='lat' dir='ltr'>adhibuerint,</span> <span class='ocrx_word' id='word_1_35' title='bbox 438 538 491 576; x_wconf 89' lang='lat' dir='ltr'>de</span> <span class='ocrx_word' id='word_1_36' title='bbox 542 536 722 575; x_wconf 88' lang='lat' dir='ltr'>victoria</span> <span class='ocrx_word' id='word_1_37' title='bbox 772 535 902 587; x_wconf 88' lang='lat' dir='ltr'>plane</span> <span class='ocrx_word' id='word_1_38' title='bbox 954 536 1224 586; x_wconf 86' lang='lat' dir='ltr'>desperant;</span> <span class='ocrx_word' id='word_1_39' title='bbox 1278 540 1321 573; x_wconf 88' lang='lat' dir='ltr'>et</span> <span class='ocrx_word' id='word_1_40' title='bbox 1373 533 1550 585; x_wconf 87' lang='lat' dir='ltr'>quidem</span> 
     </span>
     <span class='ocr_line' id='line_1_7' title="bbox 92 607 1550 662; baseline -0.004 -12"><span class='ocrx_word' id='word_1_41' title='bbox 92 609 320 662; x_wconf 89' lang='lat' dir='ltr'>pulchrum</span> <span class='ocrx_word' id='word_1_42' title='bbox 363 616 477 649; x_wconf 89' lang='lat' dir='ltr'>esset</span> <span class='ocrx_word' id='word_1_43' title='bbox 528 610 614 648; x_wconf 86' lang='lat' dir='ltr'>suis</span> <span class='ocrx_word' id='word_1_44' title='bbox 666 608 861 648; x_wconf 85' lang='lat' dir='ltr'>diffidere</span> <span class='ocrx_word' id='word_1_45' title='bbox 902 608 1077 655; x_wconf 82' lang='lat' dir='ltr'>viribus,</span> <span class='ocrx_word' id='word_1_46' title='bbox 1121 607 1154 646; x_wconf 87' lang='lat' dir='ltr'>si</span> <span class='ocrx_word' id='word_1_47' title='bbox 1197 607 1349 658; x_wconf 59' lang='lat' dir='ltr'>gratiae</span> <span class='ocrx_word' id='word_1_48' title='bbox 1401 611 1550 645; x_wconf 86' lang='lat' dir='ltr'>tamen</span> 
     </span>
     <span class='ocr_line' id='line_1_8' title="bbox 95 679 1552 731; baseline -0.003 -8"><span class='ocrx_word' id='word_1_49' title='bbox 95 684 267 723; x_wconf 80' lang='lat' dir='ltr'>Divinae</span> <span class='ocrx_word' id='word_1_50' title='bbox 305 682 582 723; x_wconf 88' lang='lat' dir='ltr'>confiderent.</span> <span class='ocrx_word' id='word_1_51' title='bbox 646 682 775 721; x_wconf 87' lang='lat' dir='ltr'>Nunc</span> <span class='ocrx_word' id='word_1_52' title='bbox 811 687 956 721; x_wconf 85' lang='lat' dir='ltr'>autem</span> <span class='ocrx_word' id='word_1_53' title='bbox 992 687 1034 720; x_wconf 89' lang='lat' dir='ltr'>et</span> <span class='ocrx_word' id='word_1_54' title='bbox 1066 680 1195 731; x_wconf 86' lang='lat' dir='ltr'>hujus</span> <span class='ocrx_word' id='word_1_55' title='bbox 1227 679 1350 719; x_wconf 89' lang='lat' dir='ltr'>obliti</span> <span class='ocrx_word' id='word_1_56' title='bbox 1390 679 1432 717; x_wconf 89' lang='lat' dir='ltr'>in</span> <span class='ocrx_word' id='word_1_57' title='bbox 1465 692 1552 730; x_wconf 84' lang='lat' dir='ltr'>qua</span> 
     </span>
     <span class='ocr_line' id='line_1_9' title="bbox 93 750 1552 808; baseline -0.003 -13"><span class='ocrx_word' id='word_1_58' title='bbox 93 756 240 796; x_wconf 90' lang='lat' dir='ltr'>omnia</span> <span class='ocrx_word' id='word_1_59' title='bbox 273 761 463 808; x_wconf 79' lang='lat' dir='ltr'>possent,</span> <span class='ocrx_word' id='word_1_60' title='bbox 492 760 535 794; x_wconf 87' lang='lat' dir='ltr'>et</span> <span class='ocrx_word' id='word_1_61' title='bbox 566 768 655 794; x_wconf 58' lang='lat' dir='ltr'>suae</span> <span class='ocrx_word' id='word_1_62' title='bbox 689 753 999 794; x_wconf 78' lang='lat' dir='ltr'>imbecillitatis</span> <span class='ocrx_word' id='word_1_63' title='bbox 1035 752 1261 800; x_wconf 78' lang='lat' dir='ltr'>admoniti,</span> <span class='ocrx_word' id='word_1_64' title='bbox 1294 752 1336 790; x_wconf 84' lang='lat' dir='ltr'>in</span> <span class='ocrx_word' id='word_1_65' title='bbox 1367 765 1413 790; x_wconf 86' lang='lat' dir='ltr'>se</span> <span class='ocrx_word' id='word_1_66' title='bbox 1447 750 1552 803; x_wconf 85' lang='lat' dir='ltr'>ipsis</span> 
     </span>
     <span class='ocr_line' id='line_1_10' title="bbox 94 824 1552 882; baseline -0.005 -13"><span class='ocrx_word' id='word_1_67' title='bbox 94 828 349 882; x_wconf 82' lang='lat' dir='ltr'>superandis</span> <span class='ocrx_word' id='word_1_68' title='bbox 381 829 528 868; x_wconf 89' lang='lat' dir='ltr'>animo</span> <span class='ocrx_word' id='word_1_69' title='bbox 561 828 721 867; x_wconf 89' lang='lat' dir='ltr'>sensim</span> <span class='ocrx_word' id='word_1_70' title='bbox 745 828 990 874; x_wconf 85' lang='lat' dir='ltr'>concidunt,</span> <span class='ocrx_word' id='word_1_71' title='bbox 1017 832 1059 866; x_wconf 90' lang='lat' dir='ltr'>et</span> <span class='ocrx_word' id='word_1_72' title='bbox 1086 832 1297 878; x_wconf 84' lang='lat' dir='ltr'>tanquam</span> <span class='ocrx_word' id='word_1_73' title='bbox 1328 824 1552 864; x_wconf 87' lang='lat' dir='ltr'>deditione</span> 
     </span>
     <span class='ocr_line' id='line_1_11' title="bbox 92 898 1552 952; baseline -0.004 -11"><span class='ocrx_word' id='word_1_74' title='bbox 92 901 216 950; x_wconf 89' lang='lat' dir='ltr'>facta,</span> <span class='ocrx_word' id='word_1_75' title='bbox 239 902 359 941; x_wconf 89' lang='lat' dir='ltr'>taciti</span> <span class='ocrx_word' id='word_1_76' title='bbox 393 901 604 941; x_wconf 87' lang='lat' dir='ltr'>inducunt</span> <span class='ocrx_word' id='word_1_77' title='bbox 635 902 676 940; x_wconf 93' lang='lat' dir='ltr'>in</span> <span class='ocrx_word' id='word_1_78' title='bbox 708 901 904 940; x_wconf 87' lang='lat' dir='ltr'>animum</span> <span class='ocrx_word' id='word_1_79' title='bbox 927 901 981 939; x_wconf 91' lang='lat' dir='ltr'>de</span> <span class='ocrx_word' id='word_1_80' title='bbox 1011 900 1193 952; x_wconf 85' lang='lat' dir='ltr'>pristino</span> <span class='ocrx_word' id='word_1_81' title='bbox 1216 898 1361 937; x_wconf 86' lang='lat' dir='ltr'>studio</span> <span class='ocrx_word' id='word_1_82' title='bbox 1384 903 1427 936; x_wconf 89' lang='lat' dir='ltr'>et</span> <span class='ocrx_word' id='word_1_83' title='bbox 1450 910 1552 936; x_wconf 91' lang='lat' dir='ltr'>con—</span> 
     </span>
     <span class='ocr_line' id='line_1_12' title="bbox 92 970 1551 1025; baseline -0.005 -11"><span class='ocrx_word' id='word_1_84' title='bbox 92 975 288 1015; x_wconf 87' lang='lat' dir='ltr'>tentione</span> <span class='ocrx_word' id='word_1_85' title='bbox 312 975 541 1014; x_wconf 82' lang='lat' dir='ltr'>remittere.</span> <span class='ocrx_word' id='word_1_86' title='bbox 606 973 679 1013; x_wconf 83' lang='lat' dir='ltr'>Ad</span> <span class='ocrx_word' id='word_1_87' title='bbox 703 973 817 1012; x_wconf 88' lang='lat' dir='ltr'>hunc</span> <span class='ocrx_word' id='word_1_88' title='bbox 841 972 1068 1025; x_wconf 89' lang='lat' dir='ltr'>scopulum</span> <span class='ocrx_word' id='word_1_89' title='bbox 1092 971 1265 1024; x_wconf 76' lang='lat' dir='ltr'>plurimi</span> <span class='ocrx_word' id='word_1_90' title='bbox 1290 970 1551 1022; x_wconf 81' lang='lat' dir='ltr'>impingunt,</span> 
     </span>
     <span class='ocr_line' id='line_1_13' title="bbox 94 1046 1552 1100; baseline -0.005 -12"><span class='ocrx_word' id='word_1_91' title='bbox 94 1054 139 1088; x_wconf 87' lang='lat' dir='ltr'>ut</span> <span class='ocrx_word' id='word_1_92' title='bbox 173 1048 260 1087; x_wconf 85' lang='lat' dir='ltr'>suis</span> <span class='ocrx_word' id='word_1_93' title='bbox 301 1048 473 1088; x_wconf 83' lang='lat' dir='ltr'>casibus</span> <span class='ocrx_word' id='word_1_94' title='bbox 515 1046 825 1100; x_wconf 84' lang='lat' dir='ltr'>perterrefiant,</span> <span class='ocrx_word' id='word_1_95' title='bbox 862 1060 960 1086; x_wconf 86' lang='lat' dir='ltr'>cum</span> <span class='ocrx_word' id='word_1_96' title='bbox 1004 1046 1092 1084; x_wconf 83' lang='lat' dir='ltr'>suis</span> <span class='ocrx_word' id='word_1_97' title='bbox 1135 1049 1357 1096; x_wconf 87' lang='lat' dir='ltr'>nequeunt</span> <span class='ocrx_word' id='word_1_98' title='bbox 1398 1055 1552 1095; x_wconf 88' lang='lat' dir='ltr'>parere</span> 
     </span>
     <span class='ocr_line' id='line_1_14' title="bbox 95 1121 288 1162; baseline 0 -2"><span class='ocrx_word' id='word_1_99' title='bbox 95 1121 288 1162; x_wconf 85' lang='lat' dir='ltr'>decretis.</span> 
     </span>
    </p>

    <p class='ocr_par' dir='ltr' id='par_1_3' title="bbox 94 1189 1562 2777">
     <span class='ocr_line' id='line_1_15' title="bbox 183 1189 1554 1246; baseline -0.004 -12"><span class='ocrx_word' id='word_1_100' title='bbox 183 1195 378 1246; x_wconf 86' lang='lat' dir='ltr'>Ideoque</span> <span class='ocrx_word' id='word_1_101' title='bbox 406 1193 505 1233; x_wconf 88' lang='lat' dir='ltr'>huic</span> <span class='ocrx_word' id='word_1_102' title='bbox 536 1207 709 1246; x_wconf 84' lang='lat' dir='ltr'>quoque</span> <span class='ocrx_word' id='word_1_103' title='bbox 743 1194 895 1232; x_wconf 86' lang='lat' dir='ltr'>morbo</span> <span class='ocrx_word' id='word_1_104' title='bbox 925 1206 1002 1232; x_wconf 89' lang='lat' dir='ltr'>sua</span> <span class='ocrx_word' id='word_1_105' title='bbox 1031 1197 1096 1231; x_wconf 91' lang='lat' dir='ltr'>est</span> <span class='ocrx_word' id='word_1_106' title='bbox 1122 1189 1402 1231; x_wconf 85' lang='lat' dir='ltr'>admonenda</span> <span class='ocrx_word' id='word_1_107' title='bbox 1432 1202 1554 1229; x_wconf 88' lang='lat' dir='ltr'>cura-</span> 
     </span>
     <span class='ocr_line' id='line_1_16' title="bbox 94 1263 1553 1318; baseline -0.003 -11"><span class='ocrx_word' id='word_1_108' title='bbox 94 1267 168 1317; x_wconf 88' lang='lat' dir='ltr'>tio,</span> <span class='ocrx_word' id='word_1_109' title='bbox 187 1281 240 1307; x_wconf 92' lang='lat' dir='ltr'>ne</span> <span class='ocrx_word' id='word_1_110' title='bbox 263 1267 466 1307; x_wconf 87' lang='lat' dir='ltr'>irridendi</span> <span class='ocrx_word' id='word_1_111' title='bbox 497 1267 632 1306; x_wconf 91' lang='lat' dir='ltr'>nostri</span> <span class='ocrx_word' id='word_1_112' title='bbox 656 1280 833 1306; x_wconf 85' lang='lat' dir='ltr'>causam</span> <span class='ocrx_word' id='word_1_113' title='bbox 857 1266 1132 1318; x_wconf 64' lang='lat' dir='ltr'>przebeamus</span> <span class='ocrx_word' id='word_1_114' title='bbox 1162 1264 1359 1304; x_wconf 83' lang='lat' dir='ltr'>hostibus</span> <span class='ocrx_word' id='word_1_115' title='bbox 1384 1263 1553 1303; x_wconf 88' lang='lat' dir='ltr'>nostris.</span> 
     </span>
     <span class='ocr_line' id='line_1_17' title="bbox 97 1338 1554 1392; baseline -0.003 -13"><span class='ocrx_word' id='word_1_116' title='bbox 97 1340 279 1392; x_wconf 81' lang='lat' dir='ltr'>Triplex</span> <span class='ocrx_word' id='word_1_117' title='bbox 313 1346 460 1379; x_wconf 88' lang='lat' dir='ltr'>autem</span> <span class='ocrx_word' id='word_1_118' title='bbox 499 1339 678 1379; x_wconf 87' lang='lat' dir='ltr'>omnino</span> <span class='ocrx_word' id='word_1_119' title='bbox 715 1353 766 1378; x_wconf 87' lang='lat' dir='ltr'>ea</span> <span class='ocrx_word' id='word_1_120' title='bbox 804 1353 896 1378; x_wconf 89' lang='lat' dir='ltr'>esse</span> <span class='ocrx_word' id='word_1_121' title='bbox 934 1344 1088 1390; x_wconf 88' lang='lat' dir='ltr'>potest.</span> <span class='ocrx_word' id='word_1_122' title='bbox 1166 1338 1310 1376; x_wconf 88' lang='lat' dir='ltr'>Prima</span> <span class='ocrx_word' id='word_1_123' title='bbox 1347 1341 1423 1385; x_wconf 89' lang='lat' dir='ltr'>est,</span> <span class='ocrx_word' id='word_1_124' title='bbox 1459 1348 1554 1388; x_wconf 89' lang='lat' dir='ltr'>per-</span> 
     </span>
     <span class='ocr_line' id='line_1_18' title="bbox 95 1408 1557 1459; baseline -0.003 -6"><span class='ocrx_word' id='word_1_125' title='bbox 95 1413 277 1454; x_wconf 90' lang='lat' dir='ltr'>suadere</span> <span class='ocrx_word' id='word_1_126' title='bbox 319 1413 399 1452; x_wconf 89' lang='lat' dir='ltr'>sibi</span> <span class='ocrx_word' id='word_1_127' title='bbox 442 1413 566 1452; x_wconf 88' lang='lat' dir='ltr'>initio</span> <span class='ocrx_word' id='word_1_128' title='bbox 609 1413 873 1451; x_wconf 82' lang='lat' dir='ltr'>necessarios</span> <span class='ocrx_word' id='word_1_129' title='bbox 916 1425 1018 1459; x_wconf 86' lang='lat' dir='ltr'>esse,</span> <span class='ocrx_word' id='word_1_130' title='bbox 1057 1411 1099 1449; x_wconf 89' lang='lat' dir='ltr'>in</span> <span class='ocrx_word' id='word_1_131' title='bbox 1141 1410 1223 1449; x_wconf 89' lang='lat' dir='ltr'>hoc</span> <span class='ocrx_word' id='word_1_132' title='bbox 1264 1408 1468 1449; x_wconf 88' lang='lat' dir='ltr'>conflictu</span> <span class='ocrx_word' id='word_1_133' title='bbox 1512 1414 1557 1448; x_wconf 89' lang='lat' dir='ltr'>et</span> 
     </span>
     <span class='ocr_line' id='line_1_19' title="bbox 96 1480 1555 1539; baseline -0.004 -13"><span class='ocrx_word' id='word_1_134' title='bbox 96 1486 300 1539; x_wconf 63' lang='lat' dir='ltr'>palaestra</span> <span class='ocrx_word' id='word_1_135' title='bbox 341 1485 565 1538; x_wconf 82' lang='lat' dir='ltr'>spirituali,</span> <span class='ocrx_word' id='word_1_136' title='bbox 600 1499 717 1538; x_wconf 75' lang='lat' dir='ltr'>saepe</span> <span class='ocrx_word' id='word_1_137' title='bbox 759 1499 883 1524; x_wconf 87' lang='lat' dir='ltr'>casus</span> <span class='ocrx_word' id='word_1_138' title='bbox 920 1485 1091 1536; x_wconf 84' lang='lat' dir='ltr'>aliquos</span> <span class='ocrx_word' id='word_1_139' title='bbox 1129 1489 1172 1522; x_wconf 88' lang='lat' dir='ltr'>et</span> <span class='ocrx_word' id='word_1_140' title='bbox 1199 1483 1390 1530; x_wconf 86' lang='lat' dir='ltr'>vulnera,</span> <span class='ocrx_word' id='word_1_141' title='bbox 1428 1486 1475 1521; x_wconf 91' lang='lat' dir='ltr'>ut</span> <span class='ocrx_word' id='word_1_142' title='bbox 1512 1480 1555 1520; x_wconf 82' lang='lat' dir='ltr'>in</span> 
     </span>
     <span class='ocr_line' id='line_1_20' title="bbox 98 1556 1557 1611; baseline -0.004 -12"><span class='ocrx_word' id='word_1_143' title='bbox 98 1559 191 1611; x_wconf 86' lang='lat' dir='ltr'>ipsa</span> <span class='ocrx_word' id='word_1_144' title='bbox 232 1572 463 1611; x_wconf 89' lang='lat' dir='ltr'>corporum</span> <span class='ocrx_word' id='word_1_145' title='bbox 505 1572 653 1611; x_wconf 85' lang='lat' dir='ltr'>pugna</span> <span class='ocrx_word' id='word_1_146' title='bbox 690 1558 764 1607; x_wconf 82' lang='lat' dir='ltr'>fit;</span> <span class='ocrx_word' id='word_1_147' title='bbox 803 1572 858 1597; x_wconf 76' lang='lat' dir='ltr'>ex</span> <span class='ocrx_word' id='word_1_148' title='bbox 897 1571 983 1609; x_wconf 86' lang='lat' dir='ltr'>qua</span> <span class='ocrx_word' id='word_1_149' title='bbox 1025 1570 1111 1596; x_wconf 88' lang='lat' dir='ltr'>non</span> <span class='ocrx_word' id='word_1_150' title='bbox 1154 1556 1312 1595; x_wconf 86' lang='lat' dir='ltr'>idcirco</span> <span class='ocrx_word' id='word_1_151' title='bbox 1355 1560 1557 1595; x_wconf 87' lang='lat' dir='ltr'>strenuus</span> 
     </span>
     <span class='ocr_line' id='line_1_21' title="bbox 99 1629 1556 1683; baseline -0.002 -13"><span class='ocrx_word' id='word_1_152' title='bbox 99 1631 223 1671; x_wconf 90' lang='lat' dir='ltr'>miles</span> <span class='ocrx_word' id='word_1_153' title='bbox 274 1632 450 1672; x_wconf 77' lang='lat' dir='ltr'>excedit</span> <span class='ocrx_word' id='word_1_154' title='bbox 492 1632 594 1683; x_wconf 88' lang='lat' dir='ltr'>quia</span> <span class='ocrx_word' id='word_1_155' title='bbox 635 1631 887 1671; x_wconf 87' lang='lat' dir='ltr'>vulneratus</span> <span class='ocrx_word' id='word_1_156' title='bbox 937 1636 1012 1678; x_wconf 88' lang='lat' dir='ltr'>est,</span> <span class='ocrx_word' id='word_1_157' title='bbox 1057 1643 1144 1670; x_wconf 89' lang='lat' dir='ltr'>non</span> <span class='ocrx_word' id='word_1_158' title='bbox 1196 1630 1371 1682; x_wconf 87' lang='lat' dir='ltr'>ignarus</span> <span class='ocrx_word' id='word_1_159' title='bbox 1423 1629 1556 1668; x_wconf 88' lang='lat' dir='ltr'>etiam</span> 
     </span>
     <span class='ocr_line' id='line_1_22' title="bbox 98 1700 1559 1757; baseline -0.003 -13"><span class='ocrx_word' id='word_1_160' title='bbox 98 1704 348 1745; x_wconf 87' lang='lat' dir='ltr'>vulneribus</span> <span class='ocrx_word' id='word_1_161' title='bbox 390 1705 633 1757; x_wconf 83' lang='lat' dir='ltr'>comparari</span> <span class='ocrx_word' id='word_1_162' title='bbox 676 1705 913 1752; x_wconf 88' lang='lat' dir='ltr'>victoriam,</span> <span class='ocrx_word' id='word_1_163' title='bbox 951 1717 1118 1755; x_wconf 84' lang='lat' dir='ltr'>usuque</span> <span class='ocrx_word' id='word_1_164' title='bbox 1160 1703 1306 1742; x_wconf 87' lang='lat' dir='ltr'>venire</span> <span class='ocrx_word' id='word_1_165' title='bbox 1348 1702 1391 1741; x_wconf 89' lang='lat' dir='ltr'>in</span> <span class='ocrx_word' id='word_1_166' title='bbox 1433 1700 1559 1741; x_wconf 90' lang='lat' dir='ltr'>bellis</span> 
     </span>
     <span class='ocr_line' id='line_1_23' title="bbox 98 1775 1560 1830; baseline -0.003 -13"><span class='ocrx_word' id='word_1_167' title='bbox 98 1777 349 1830; x_wconf 87' lang='lat' dir='ltr'>proeliisque</span> <span class='ocrx_word' id='word_1_168' title='bbox 391 1777 533 1830; x_wconf 70' lang='lat' dir='ltr'>plagae</span> <span class='ocrx_word' id='word_1_169' title='bbox 578 1784 624 1817; x_wconf 89' lang='lat' dir='ltr'>ut</span> <span class='ocrx_word' id='word_1_170' title='bbox 661 1777 912 1830; x_wconf 88' lang='lat' dir='ltr'>infligantur</span> <span class='ocrx_word' id='word_1_171' title='bbox 945 1777 1134 1815; x_wconf 83' lang='lat' dir='ltr'>vicissim</span> <span class='ocrx_word' id='word_1_172' title='bbox 1177 1781 1220 1815; x_wconf 90' lang='lat' dir='ltr'>et</span> <span class='ocrx_word' id='word_1_173' title='bbox 1256 1775 1560 1827; x_wconf 81' lang='lat' dir='ltr'>accipiantur3</span> 
     </span>
     <span class='ocr_line' id='line_1_24' title="bbox 99 1846 1559 1903; baseline -0.003 -12"><span class='ocrx_word' id='word_1_174' title='bbox 99 1856 232 1903; x_wconf 88' lang='lat' dir='ltr'>atque</span> <span class='ocrx_word' id='word_1_175' title='bbox 270 1851 429 1891; x_wconf 90' lang='lat' dir='ltr'>idcirco</span> <span class='ocrx_word' id='word_1_176' title='bbox 467 1864 554 1890; x_wconf 91' lang='lat' dir='ltr'>non</span> <span class='ocrx_word' id='word_1_177' title='bbox 591 1856 721 1903; x_wconf 87' lang='lat' dir='ltr'>pavet</span> <span class='ocrx_word' id='word_1_178' title='bbox 758 1863 993 1902; x_wconf 84' lang='lat' dir='ltr'>generosus</span> <span class='ocrx_word' id='word_1_179' title='bbox 1031 1848 1155 1888; x_wconf 83' lang='lat' dir='ltr'>miles</span> <span class='ocrx_word' id='word_1_180' title='bbox 1193 1848 1248 1888; x_wconf 86' lang='lat' dir='ltr'>ad</span> <span class='ocrx_word' id='word_1_181' title='bbox 1280 1848 1449 1895; x_wconf 88' lang='lat' dir='ltr'>vulnus,</span> <span class='ocrx_word' id='word_1_182' title='bbox 1480 1846 1559 1887; x_wconf 89' lang='lat' dir='ltr'>sed</span> 
     </span>
     <span class='ocr_line' id='line_1_25' title="bbox 99 1919 1562 1975; baseline -0.001 -12"><span class='ocrx_word' id='word_1_183' title='bbox 99 1937 158 1964; x_wconf 81' lang='lat' dir='ltr'>ex</span> <span class='ocrx_word' id='word_1_184' title='bbox 182 1924 361 1964; x_wconf 87' lang='lat' dir='ltr'>vulnere</span> <span class='ocrx_word' id='word_1_185' title='bbox 394 1925 534 1975; x_wconf 83' lang='lat' dir='ltr'>magis</span> <span class='ocrx_word' id='word_1_186' title='bbox 569 1923 758 1962; x_wconf 85' lang='lat' dir='ltr'>irritatur</span> <span class='ocrx_word' id='word_1_187' title='bbox 791 1923 834 1962; x_wconf 85' lang='lat' dir='ltr'>in</span> <span class='ocrx_word' id='word_1_188' title='bbox 868 1922 1052 1971; x_wconf 79' lang='lat' dir='ltr'>hostem,</span> <span class='ocrx_word' id='word_1_189' title='bbox 1081 1927 1128 1961; x_wconf 87' lang='lat' dir='ltr'>ut</span> <span class='ocrx_word' id='word_1_190' title='bbox 1162 1921 1255 1972; x_wconf 88' lang='lat' dir='ltr'>ejus</span> <span class='ocrx_word' id='word_1_191' title='bbox 1288 1920 1469 1960; x_wconf 88' lang='lat' dir='ltr'>tandem</span> <span class='ocrx_word' id='word_1_192' title='bbox 1504 1919 1562 1961; x_wconf 89' lang='lat' dir='ltr'>sit</span> 
     </span>
     <span class='ocr_line' id='line_1_26' title="bbox 98 1993 1560 2049; baseline -0.003 -13"><span class='ocrx_word' id='word_1_193' title='bbox 98 1996 279 2037; x_wconf 44' lang='lat' dir='ltr'>victor&amp;</span> <span class='ocrx_word' id='word_1_194' title='bbox 327 1996 522 2049; x_wconf 80' lang='lat' dir='ltr'>felixque</span> <span class='ocrx_word' id='word_1_195' title='bbox 564 1997 709 2035; x_wconf 79' lang='lat' dir='ltr'>exitus</span> <span class='ocrx_word' id='word_1_196' title='bbox 759 1995 869 2036; x_wconf 89' lang='lat' dir='ltr'>belli.</span> <span class='ocrx_word' id='word_1_197' title='bbox 955 1995 1065 2034; x_wconf 77' lang='lat' dir='ltr'>Haec</span> <span class='ocrx_word' id='word_1_198' title='bbox 1108 2000 1173 2034; x_wconf 91' lang='lat' dir='ltr'>est</span> <span class='ocrx_word' id='word_1_199' title='bbox 1209 1994 1374 2033; x_wconf 87' lang='lat' dir='ltr'>curatio</span> <span class='ocrx_word' id='word_1_200' title='bbox 1417 1993 1560 2045; x_wconf 85' lang='lat' dir='ltr'>prima</span> 
     </span>
     <span class='ocr_line' id='line_1_27' title="bbox 99 2066 1560 2122; baseline -0.001 -13"><span class='ocrx_word' id='word_1_201' title='bbox 99 2082 233 2122; x_wconf 88' lang='lat' dir='ltr'>quam</span> <span class='ocrx_word' id='word_1_202' title='bbox 263 2068 414 2109; x_wconf 85' lang='lat' dir='ltr'>Sancti</span> <span class='ocrx_word' id='word_1_203' title='bbox 445 2069 681 2118; x_wconf 79' lang='lat' dir='ltr'>adhibent3</span> <span class='ocrx_word' id='word_1_204' title='bbox 715 2069 775 2108; x_wconf 88' lang='lat' dir='ltr'>ita</span> <span class='ocrx_word' id='word_1_205' title='bbox 809 2067 1025 2120; x_wconf 68' lang='lat' dir='ltr'>Ephrcem.</span> <span class='ocrx_word' id='word_1_206' title='bbox 1092 2067 1175 2107; x_wconf 80' lang='lat' dir='ltr'>“Si</span> <span class='ocrx_word' id='word_1_207' title='bbox 1198 2067 1285 2106; x_wconf 89' lang='lat' dir='ltr'>telo</span> <span class='ocrx_word' id='word_1_208' title='bbox 1307 2066 1560 2107; x_wconf 85' lang='lat' dir='ltr'>vulneratus</span> 
     </span>
     <span class='ocr_line' id='line_1_28' title="bbox 101 2139 1558 2195; baseline -0.001 -13"><span class='ocrx_word' id='word_1_209' title='bbox 101 2143 169 2192; x_wconf 88' lang='lat' dir='ltr'>sis,</span> <span class='ocrx_word' id='word_1_210' title='bbox 192 2143 367 2195; x_wconf 90' lang='lat' dir='ltr'>penitus</span> <span class='ocrx_word' id='word_1_211' title='bbox 395 2142 544 2182; x_wconf 88' lang='lat' dir='ltr'>animo</span> <span class='ocrx_word' id='word_1_212' title='bbox 575 2155 628 2181; x_wconf 89' lang='lat' dir='ltr'>ne</span> <span class='ocrx_word' id='word_1_213' title='bbox 655 2141 870 2189; x_wconf 82' lang='lat' dir='ltr'>concidas,</span> <span class='ocrx_word' id='word_1_214' title='bbox 896 2141 951 2180; x_wconf 88' lang='lat' dir='ltr'>ad</span> <span class='ocrx_word' id='word_1_215' title='bbox 982 2146 1167 2180; x_wconf 88' lang='lat' dir='ltr'>mortem</span> <span class='ocrx_word' id='word_1_216' title='bbox 1190 2153 1327 2192; x_wconf 87' lang='lat' dir='ltr'>usque</span> <span class='ocrx_word' id='word_1_217' title='bbox 1355 2139 1558 2191; x_wconf 87' lang='lat' dir='ltr'>perferas,</span> 
     </span>
     <span class='ocr_line' id='line_1_29' title="bbox 101 2213 1560 2263; baseline -0.001 -8"><span class='ocrx_word' id='word_1_218' title='bbox 101 2228 155 2255; x_wconf 90' lang='lat' dir='ltr'>ne</span> <span class='ocrx_word' id='word_1_219' title='bbox 186 2216 343 2255; x_wconf 86' lang='lat' dir='ltr'>timeas</span> <span class='ocrx_word' id='word_1_220' title='bbox 375 2216 521 2263; x_wconf 90' lang='lat' dir='ltr'>ictum,</span> <span class='ocrx_word' id='word_1_221' title='bbox 552 2215 736 2255; x_wconf 83' lang='lat' dir='ltr'>ostende</span> <span class='ocrx_word' id='word_1_222' title='bbox 767 2221 890 2254; x_wconf 87' lang='lat' dir='ltr'>tuam</span> <span class='ocrx_word' id='word_1_223' title='bbox 927 2214 969 2253; x_wconf 87' lang='lat' dir='ltr'>in</span> <span class='ocrx_word' id='word_1_224' title='bbox 1008 2213 1215 2253; x_wconf 88' lang='lat' dir='ltr'>certando</span> <span class='ocrx_word' id='word_1_225' title='bbox 1247 2213 1476 2253; x_wconf 88' lang='lat' dir='ltr'>scientiam</span> <span class='ocrx_word' id='word_1_226' title='bbox 1509 2226 1560 2253; x_wconf 88' lang='lat' dir='ltr'>ac</span> 
     </span>
     <span class='ocr_line' id='line_1_30' title="bbox 102 2285 1562 2340; baseline -0.001 -13"><span class='ocrx_word' id='word_1_227' title='bbox 102 2288 242 2338; x_wconf 88' lang='lat' dir='ltr'>robur,</span> <span class='ocrx_word' id='word_1_228' title='bbox 276 2294 323 2328; x_wconf 88' lang='lat' dir='ltr'>ut</span> <span class='ocrx_word' id='word_1_229' title='bbox 357 2288 573 2340; x_wconf 82' lang='lat' dir='ltr'>refulgens</span> <span class='ocrx_word' id='word_1_230' title='bbox 610 2288 758 2339; x_wconf 70' lang='lat' dir='ltr'>gloriae</span> <span class='ocrx_word' id='word_1_231' title='bbox 797 2300 958 2327; x_wconf 88' lang='lat' dir='ltr'>corona</span> <span class='ocrx_word' id='word_1_232' title='bbox 995 2292 1172 2326; x_wconf 86' lang='lat' dir='ltr'>texatur</span> <span class='ocrx_word' id='word_1_233' title='bbox 1207 2285 1295 2326; x_wconf 89' lang='lat' dir='ltr'>tibi.</span> <span class='ocrx_word' id='word_1_234' title='bbox 1372 2286 1432 2326; x_wconf 86' lang='lat' dir='ltr'>Et</span> <span class='ocrx_word' id='word_1_235' title='bbox 1468 2285 1504 2325; x_wconf 90' lang='lat' dir='ltr'>si</span> <span class='ocrx_word' id='word_1_236' title='bbox 1535 2299 1562 2326; x_wconf 89' lang='lat' dir='ltr'>a</span> 
     </span>
     <span class='ocr_line' id='line_1_31' title="bbox 103 2358 1561 2414; baseline 0 -14"><span class='ocrx_word' id='word_1_237' title='bbox 103 2360 271 2401; x_wconf 90' lang='lat' dir='ltr'>latrone</span> <span class='ocrx_word' id='word_1_238' title='bbox 292 2360 504 2414; x_wconf 90' lang='lat' dir='ltr'>spoliatus</span> <span class='ocrx_word' id='word_1_239' title='bbox 527 2361 595 2410; x_wconf 80' lang='lat' dir='ltr'>sis,</span> <span class='ocrx_word' id='word_1_240' title='bbox 618 2374 643 2400; x_wconf 90' lang='lat' dir='ltr'>a</span> <span class='ocrx_word' id='word_1_241' title='bbox 665 2374 789 2400; x_wconf 88' lang='lat' dir='ltr'>cursu</span> <span class='ocrx_word' id='word_1_242' title='bbox 813 2361 986 2412; x_wconf 88' lang='lat' dir='ltr'>incepto</span> <span class='ocrx_word' id='word_1_243' title='bbox 1009 2373 1113 2400; x_wconf 88' lang='lat' dir='ltr'>cave</span> <span class='ocrx_word' id='word_1_244' title='bbox 1136 2359 1348 2410; x_wconf 84' lang='lat' dir='ltr'>desistas;</span> <span class='ocrx_word' id='word_1_245' title='bbox 1378 2359 1422 2398; x_wconf 88' lang='lat' dir='ltr'>in</span> <span class='ocrx_word' id='word_1_246' title='bbox 1445 2358 1561 2400; x_wconf 90' lang='lat' dir='ltr'>bello</span> 
     </span>
     <span class='ocr_line' id='line_1_32' title="bbox 103 2431 1561 2486; baseline 0 -14"><span class='ocrx_word' id='word_1_247' title='bbox 103 2434 316 2486; x_wconf 84' lang='lat' dir='ltr'>contingit</span> <span class='ocrx_word' id='word_1_248' title='bbox 352 2440 400 2474; x_wconf 90' lang='lat' dir='ltr'>ut</span> <span class='ocrx_word' id='word_1_249' title='bbox 436 2439 480 2473; x_wconf 91' lang='lat' dir='ltr'>et</span> <span class='ocrx_word' id='word_1_250' title='bbox 511 2433 726 2482; x_wconf 87' lang='lat' dir='ltr'>feriamus,</span> <span class='ocrx_word' id='word_1_251' title='bbox 759 2440 801 2473; x_wconf 91' lang='lat' dir='ltr'>et</span> <span class='ocrx_word' id='word_1_252' title='bbox 832 2433 1116 2473; x_wconf 86' lang='lat' dir='ltr'>vulneremur.</span> <span class='ocrx_word' id='word_1_253' title='bbox 1181 2432 1368 2473; x_wconf 86' lang='lat' dir='ltr'>Etiamsi</span> <span class='ocrx_word' id='word_1_254' title='bbox 1405 2431 1561 2484; x_wconf 84' lang='lat' dir='ltr'>pruina</span> 
     </span>
     <span class='ocr_line' id='line_1_33' title="bbox 103 2503 1560 2559; baseline -0.001 -14"><span class='ocrx_word' id='word_1_255' title='bbox 103 2511 228 2545; x_wconf 87' lang='lat' dir='ltr'>tuum</span> <span class='ocrx_word' id='word_1_256' title='bbox 260 2520 412 2559; x_wconf 87' lang='lat' dir='ltr'>agrum</span> <span class='ocrx_word' id='word_1_257' title='bbox 450 2507 618 2555; x_wconf 81' lang='lat' dir='ltr'>laeserit,</span> <span class='ocrx_word' id='word_1_258' title='bbox 650 2507 805 2546; x_wconf 91' lang='lat' dir='ltr'>iterum</span> <span class='ocrx_word' id='word_1_259' title='bbox 841 2520 892 2546; x_wconf 92' lang='lat' dir='ltr'>ac</span> <span class='ocrx_word' id='word_1_260' title='bbox 925 2507 1054 2546; x_wconf 88' lang='lat' dir='ltr'>tertio</span> <span class='ocrx_word' id='word_1_261' title='bbox 1091 2505 1213 2546; x_wconf 90' lang='lat' dir='ltr'>illum</span> <span class='ocrx_word' id='word_1_262' title='bbox 1251 2505 1402 2554; x_wconf 87' lang='lat' dir='ltr'>fodito,</span> <span class='ocrx_word' id='word_1_263' title='bbox 1433 2503 1560 2557; x_wconf 86' lang='lat' dir='ltr'>impi—</span> 
     </span>
     <span class='ocr_line' id='line_1_34' title="bbox 101 2576 1559 2631; baseline -0.001 -14"><span class='ocrx_word' id='word_1_264' title='bbox 101 2591 265 2630; x_wconf 85' lang='lat' dir='ltr'>greque</span> <span class='ocrx_word' id='word_1_265' title='bbox 294 2578 414 2618; x_wconf 91' lang='lat' dir='ltr'>illum</span> <span class='ocrx_word' id='word_1_266' title='bbox 448 2580 651 2628; x_wconf 80' lang='lat' dir='ltr'>excolito‚</span> <span class='ocrx_word' id='word_1_267' title='bbox 676 2585 719 2619; x_wconf 90' lang='lat' dir='ltr'>et</span> <span class='ocrx_word' id='word_1_268' title='bbox 741 2578 972 2631; x_wconf 82' lang='lat' dir='ltr'>diligenter</span> <span class='ocrx_word' id='word_1_269' title='bbox 999 2577 1187 2619; x_wconf 81' lang='lat' dir='ltr'>serito.&#39;&#39;l</span> <span class='ocrx_word' id='word_1_270' title='bbox 1240 2579 1300 2619; x_wconf 88' lang='lat' dir='ltr'>Et</span> <span class='ocrx_word' id='word_1_271' title='bbox 1325 2591 1432 2618; x_wconf 85' lang='lat' dir='ltr'>mox</span> <span class='ocrx_word' id='word_1_272' title='bbox 1453 2576 1559 2625; x_wconf 89' lang='lat' dir='ltr'>vult,</span> 
     </span>
     <span class='ocr_line' id='line_1_35' title="bbox 103 2649 1559 2704; baseline -0.001 -14"><span class='ocrx_word' id='word_1_273' title='bbox 103 2656 152 2691; x_wconf 90' lang='lat' dir='ltr'>ut</span> <span class='ocrx_word' id='word_1_274' title='bbox 173 2664 231 2690; x_wconf 86' lang='lat' dir='ltr'>ex</span> <span class='ocrx_word' id='word_1_275' title='bbox 254 2652 348 2704; x_wconf 88' lang='lat' dir='ltr'>ipso</span> <span class='ocrx_word' id='word_1_276' title='bbox 375 2653 471 2692; x_wconf 91' lang='lat' dir='ltr'>loco</span> <span class='ocrx_word' id='word_1_277' title='bbox 493 2652 680 2692; x_wconf 91' lang='lat' dir='ltr'>vulneris</span> <span class='ocrx_word' id='word_1_278' title='bbox 702 2653 957 2692; x_wconf 88' lang='lat' dir='ltr'>studeamus</span> <span class='ocrx_word' id='word_1_279' title='bbox 980 2652 1136 2692; x_wconf 87' lang='lat' dir='ltr'>referre</span> <span class='ocrx_word' id='word_1_280' title='bbox 1157 2651 1393 2692; x_wconf 85' lang='lat' dir='ltr'>victoriam.</span> <span class='ocrx_word' id='word_1_281' title='bbox 1449 2649 1559 2688; x_wconf 84' lang='lat' dir='ltr'>“Ex</span> 
     </span>
     <span class='ocr_line' id='line_1_36' title="bbox 103 2722 1561 2777; baseline -0.001 -14"><span class='ocrx_word' id='word_1_282' title='bbox 103 2723 341 2775; x_wconf 87' lang='lat' dir='ltr'>conflictu‚&#39;&#39;</span> <span class='ocrx_word' id='word_1_283' title='bbox 384 2725 536 2777; x_wconf 87' lang='lat' dir='ltr'>inquit,</span> <span class='ocrx_word' id='word_1_284' title='bbox 572 2725 682 2765; x_wconf 90' lang='lat' dir='ltr'>“ubi</span> <span class='ocrx_word' id='word_1_285' title='bbox 723 2725 973 2766; x_wconf 88' lang='lat' dir='ltr'>vulneratus</span> <span class='ocrx_word' id='word_1_286' title='bbox 1026 2740 1082 2775; x_wconf 86' lang='lat' dir='ltr'>es,</span> <span class='ocrx_word' id='word_1_287' title='bbox 1124 2725 1351 2765; x_wconf 87' lang='lat' dir='ltr'>victoriam</span> <span class='ocrx_word' id='word_1_288' title='bbox 1403 2722 1561 2762; x_wconf 89' lang='lat' dir='ltr'>referre</span> 
     </span>
    </p>
   </div>
   <div class='ocr_carea' id='block_1_3' title="bbox 656 2811 991 2847">
    <p class='ocr_par' dir='ltr' id='par_1_4' title="bbox 656 2811 991 2847">
     <span class='ocr_line' id='line_1_37' title="bbox 656 2811 991 2847; baseline 0.006 -2"><span class='ocrx_word' id='word_1_289' title='bbox 656 2811 667 2831; x_wconf 76' lang='lat'><em>²</em></span> <span class='ocrx_word' id='word_1_290' title='bbox 694 2815 762 2845; x_wconf 78' lang='lat' dir='ltr'>Ser.</span> <span class='ocrx_word' id='word_1_291' title='bbox 783 2822 812 2846; x_wconf 90' lang='lat'>2.</span> <span class='ocrx_word' id='word_1_292' title='bbox 833 2814 875 2846; x_wconf 86' lang='lat' dir='ltr'>de</span> <span class='ocrx_word' id='word_1_293' title='bbox 899 2815 991 2847; x_wconf 83' lang='lat' dir='ltr'>Poen.</span> 
     </span>
    </p>
   </div>
  </div>
 </body>
</html>
