1903 3197
776 140 855 185 De
890 137 1139 184 societatis
1173 138 1228 183 F
1223 139 1308 185 ἕπε.

317 158 341 202 <2³

352 159 374 188 1ο

400 274 558 314 Dices:
593 286 797 325 quaenam
828 271 1052 325 perfectio,
1077 278 1125 311 ut
1147 271 1244 323 quis
1267 270 1322 311 ad
1353 271 1602 311 animarum
1625 286 1780 313 causas

312 355 409 389 tuto
453 361 499 387 se
541 346 749 395 conferat,
788 346 830 384 in
875 345 1099 386 Societate
1140 345 1406 396 requiritur?
1484 345 1784 397 Respondeo:

313 428 430 463 certe
492 434 655 473 magna
717 420 987 472 minimeque
1037 418 1240 471 vulgaris.
1325 417 1610 470 Quamquam
1663 421 1778 460 enim

314 497 462 549 aliqua
514 495 653 548 possit
706 507 799 533 esse
848 493 965 541 satis,
1010 494 1114 544 quia
1160 493 1367 544 juvandis
1419 492 1783 546 perficiendisque

311 571 540 625 proximis,
584 568 739 609 eadem
793 581 926 619 opera
978 580 1096 619 saepe
1148 567 1302 606 crescit
1344 572 1493 606 nostra
1539 566 1779 619 perfectio:

310 653 460 687 tamen
491 651 538 684 ut
570 644 625 683 sit
654 643 901 682 animarum
932 641 1182 693 procuratio
1209 646 1305 680 tuta
1341 654 1603 693 semperque
1633 641 1780 682 fructi-

310 719 411 767 fera,
457 732 545 758 non
587 716 779 768 vulgaris
822 715 969 766 aliqua
1011 714 1196 762 bonitas,
1236 719 1284 753 ut
1326 714 1434 763 dixi,
1476 715 1778 768 perfectioque

313 792 556 845 requiritur.
642 790 882 830 Sciendum
937 789 1053 827 enim
1106 802 1163 827 ex
1217 788 1549 828 Bonaventura1
1592 797 1783 842 quatuor

311 880 405 906 csse
460 865 503 904 in
558 863 790 915 Religione
841 861 996 902 horum
1059 875 1230 914 genera,
1274 875 1384 913 quos
1436 862 1577 902 bonos
1631 864 1775 903 dicere

312 940 513 982 solemus.
599 938 769 977 Primos
813 951 919 984 esse,
956 936 1030 988 qui
1074 935 1240 975 malum
1282 935 1341 975 illi
1385 937 1564 987 quidem
1608 938 1776 978 nullum

311 1014 489 1061 faciunt,
534 1012 611 1051 sed
653 1018 803 1051 tamen
857 1010 1099 1049 benefactis
1147 1022 1235 1048 non
1278 1009 1520 1049 admodum
1574 1013 1781 1052 student:

312 1089 449 1140 quieti
487 1086 770 1126 nihilominus
804 1090 847 1123 et
885 1083 1087 1136 graciffici,
1123 1082 1433 1135 neminemque
1465 1090 1542 1124 aut
1573 1085 1782 1138 exemplo

312 1162 588 1203 offendentes
621 1165 697 1200 aut
729 1159 889 1207 verbo;
923 1164 966 1197 et
998 1157 1042 1196 hi
1074 1157 1236 1196 similes
1270 1171 1421 1197 eorum
1454 1164 1566 1207 sunt,
1601 1160 1656 1199 de
1689 1161 1783 1212 qui-

311 1237 393 1276 bus
417 1235 577 1275 dicitur
606 1246 635 1273 1.
664 1234 771 1285 Reg.
802 1241 864 1282 25.
931 1232 1187 1271 “Homines
1219 1231 1288 1270 isti
1323 1233 1427 1271 satis
1460 1233 1563 1273 boni
1594 1233 1781 1283 fuerunt,

311 1317 354 1350 et
393 1323 480 1349 non
519 1307 729 1348 molesti.‘'
794 1305 997 1347 Solemus
1036 1306 1153 1344 enim
1187 1305 1260 1356 qui
1305 1307 1546 1346 mansuetis
1585 1308 1780 1348 moribus

312 1390 427 1432 sunt,
471 1395 716 1435 pacemque
769 1393 869 1419 cum
913 1380 1083 1419 caeteris
1134 1378 1310 1428 habent,
1354 1379 1494 1419 bonos
1547 1382 1782 1434 appellare,

313 1457 516 1510 quamvis
554 1456 793 1507 langueant
837 1455 880 1493 in
924 1453 1243 1492 exercitatione
1276 1452 1499 1493 virtutum.
1565 1454 1654 1495 Sed
1698 1457 1783 1496 isto

314 1532 448 1571 modo
487 1530 620 1570 etiam
663 1529 785 1581 pueri
829 1541 854 1567 a
896 1527 1119 1579 baptismo
1161 1526 1265 1566 boni
1308 1527 1522 1568 dicuntur.
1588 1528 1782 1570 Secundi

313 1619 417 1658 ergo
450 1610 551 1644 sunt
583 1602 796 1649 meliores,
821 1601 894 1653 qui
928 1614 1015 1640 non
1049 1601 1183 1640 modo
1217 1599 1342 1640 malis
1375 1601 1626 1643 abstineant
1649 1610 1783 1655 atque

312 1679 518 1732 peccatis,
563 1677 640 1717 sed
687 1677 866 1728 insuper
912 1680 1028 1714 recte
1081 1673 1205 1714 factis
1258 1674 1499 1726 invigilant,
1543 1676 1782 1729 coluntque

313 1753 510 1800 virtutes,
542 1751 838 1798 sobrietatem,
870 1749 1133 1796 castitatem,
1166 1747 1475 1797 humilitatem,
1500 1749 1781 1790 dilectionem

313 1826 520 1879 proximi.
560 1823 768 1877 precandi
811 1822 1106 1862 sedulitatem.
1172 1821 1261 1861 Sed
1299 1827 1449 1861 tamen
1485 1821 1552 1862 his
1587 1825 1781 1864 contenti

312 1901 368 1941 ad
402 1900 617 1952 ampliora
647 1904 691 1937 et
722 1897 983 1950 perfectiora
1015 1896 1263 1936 sanctitatis
1286 1895 1503 1936 desideria
1535 1911 1622 1937 non
1656 1912 1782 1939 exar-

314 1975 508 2015 descunt.
576 1973 684 2012 Ideo
717 1972 833 2011 tertii
867 1977 969 2010 sunt
1003 1970 1146 2010 adhuc
1180 1970 1394 2019 meliores,
1419 1972 1493 2023 qui
1527 1985 1614 2011 non
1648 1974 1783 2013 modo

314 2048 478 2089 malum
510 2047 785 2087 detestantur
817 2051 860 2085 et
894 2044 1078 2097 fugiunt,
1103 2049 1151 2083 ut
1180 2044 1336 2096 primi;
1380 2057 1460 2083 nec
1498 2046 1632 2085 modo
1667 2047 1783 2086 bona

313 2136 411 2175 quae
453 2126 639 2174 possunt
682 2120 878 2159 studiose
919 2124 1147 2170 peragunt,
1192 2124 1239 2157 ut
1292 2118 1498 2168 secundi;
1549 2120 1638 2168 sed,
1682 2134 1783 2160 cum

313 2196 464 2236 omnia
508 2194 700 2242 fecerint,
739 2192 920 2246 perinde
955 2206 1005 2232 ac
1048 2193 1081 2230 si
1121 2190 1227 2230 nihil
1271 2192 1475 2244 egissent,
1515 2194 1571 2232 ad
1615 2193 1783 2246 majora

314 2277 357 2310 et
409 2268 670 2323 perfectiora
721 2268 977 2319 suspirant:
1039 2266 1094 2305 ad
1147 2265 1410 2306 familiarem
1463 2267 1644 2319 inquam
1697 2268 1782 2309 Dei

314 2344 532 2392 notitiam,
586 2342 642 2382 ad
696 2341 913 2381 interioris
965 2340 1212 2380 devotionis
1269 2353 1483 2393 saporem,
1538 2341 1593 2381 ad
1646 2342 1781 2382 divini

314 2417 475 2458 amoris
527 2416 886 2469 experientiam;
949 2427 1048 2466 quae
1091 2413 1197 2453 dum
1250 2427 1329 2466 pro
1370 2420 1474 2454 voto
1525 2427 1612 2454 non
1664 2429 1781 2456 asse-

314 2496 522 2544 quuntur,
560 2502 804 2541 numquam
842 2502 888 2528 se
922 2487 1089 2539 aliquid
1126 2501 1219 2527 esse
1252 2488 1459 2535 sentiunt,
1498 2501 1577 2528 nec
1615 2488 1782 2541 aliquid

310 2566 553 2608 admittunt
590 2565 634 2604 in
671 2564 754 2604 hac
789 2563 881 2603 vita
918 2561 1234 2602 delectationis.
1312 2560 1400 2602 Sed
1440 2568 1592 2602 tamen
1635 2563 1785 2604 adhuc

309 2640 474 2693 aliquid
517 2638 584 2678 his
623 2637 757 2678 etiam
799 2637 925 2677 deest
968 2635 1025 2676 ad
1068 2648 1178 2684 eam,
1217 2648 1349 2687 quam
1393 2636 1641 2687 quaerimus,
1683 2651 1780 2691 per-

308 2715 583 2756 fectionem:
646 2713 750 2764 quia
796 2717 950 2751 contra
1000 2709 1186 2749 aliorum
1237 2709 1355 2758 vitia,
1408 2717 1782 2764 peccatorumque

307 2787 562 2830 discrimina
594 2785 780 2838 justitiae
821 2784 915 2825 zelo
947 2797 1035 2824 non
1079 2783 1381 2833 incenduntur,
1415 2798 1495 2825 1166
1531 2786 1781 2826 animarum

868 2873 881 2893 ²
904 2875 958 2906 De
975 2884 1031 2906 sex
1054 2873 1125 2913 alis,
1146 2883 1172 2906 c.
1195 2881 1223 2913 3.
