1903 3197
261 176 356 219 320
581 160 661 205 De
693 159 883 205 ratione
918 160 1110 205 vivendi
1143 160 1404 206 Socz'etalz's.

258 307 344 334 non
362 293 541 342 desunt3
569 298 616 332 ut
634 292 675 331 in
696 291 822 344 Greg.
841 291 1047 332 NazianZ.
1064 293 1118 332 de
1138 293 1342 332 daemone
1357 306 1444 344 quo
1464 292 1722 346 Cyprianus,

256 373 359 407 ante
402 366 686 419 baptismum,
723 366 778 406 ad
822 365 1130 407 solicitandam
1174 366 1592 419 despiciendamque
1624 368 1723 419 Jus-

255 441 394 481 tinam
416 440 630 492 virginem
654 439 924 479 familiariter
950 438 1185 480 utebatur.1
1242 438 1330 491 Qui
1354 440 1532 492 quidem
1560 441 1725 481 daemo-

257 527 357 554 nem
405 514 554 554 scribit
601 527 695 553 esse
741 527 999 565 corporeum
1053 527 1103 552 ac
1151 513 1429 566 voluptatum
1487 520 1723 562 amantem,

256 587 443 639 ideoque
480 601 558 640 pro
596 586 753 627 lenone
789 586 1013 639 Cypriano
1053 586 1253 626 famulari
1288 587 1478 626 solitum.
1558 587 1726 628 Reddit

256 667 404 701 autem
434 662 648 701 rationem
683 660 871 701 Sanctus
895 660 1092 700 Thomas
1126 674 1201 699 cur
1234 660 1375 700 malus
1410 660 1598 708 daemon,
1623 674 1723 700 cum

254 736 311 776 sit
345 749 504 788 expers
535 735 737 787 corporis,
768 735 1141 774 contaminatione
1180 734 1316 774 nostri
1355 735 1549 787 corporis
1583 734 1725 774 delec-

253 815 392 860 tatur;
420 809 522 861 quia
545 809 732 857 daemon,
757 808 908 859 inquit,
936 807 1141 860 intelligit
1164 807 1248 847 hoc
1271 814 1502 860 peccatum
1528 809 1725 848 maxime

253 882 476 923 adhaerere
518 881 724 921 humanae
767 887 946 930 naturae,
980 881 1246 933 difficileque
1286 882 1341 921 ab
1380 896 1431 921 eo
1469 883 1723 935 quempiam

252 957 423 997 liberari
453 969 592 1008 posse,
616 969 716 994 cum
747 954 1005 994 insatiabilis
1038 956 1094 994 sit
1122 968 1264 994 rerum
1296 955 1568 996 delectabilis
1590 969 1725 1009 appe-

253 1030 369 1078 titus,
409 1035 457 1069 ut
493 1027 680 1069 dicitur.2
745 1028 827 1068 His
871 1029 1004 1080 igitur
1045 1029 1184 1067 tribus
1222 1028 1278 1068 de
1317 1029 1458 1068 causis
1495 1030 1723 1081 proximis,

254 1117 353 1156 quae
383 1103 502 1142 nullo
534 1103 678 1149 modo,
703 1115 803 1141 cum
838 1101 964 1141 malis
997 1101 1177 1154 angelis,
1212 1101 1340 1141 bonis
1372 1102 1595 1154 spiritibus
1625 1109 1726 1143 sunt

252 1190 521 1225 communes,
555 1176 718 1216 sanctis
751 1175 917 1227 angelis
951 1175 1213 1215 adscribitur
1247 1176 1444 1228 puritas;
1480 1176 1725 1228 meritoque

251 1251 309 1291 ab
359 1251 534 1303 Ignatio
583 1256 732 1289 nostro
779 1249 986 1301 perfectze
1037 1249 1252 1288 castitatis
1297 1249 1396 1289 idea
1443 1263 1500 1289 ex
1554 1248 1724 1289 illorum

252 1325 534 1378 potissimum
564 1324 896 1376 comparatione
926 1324 1065 1375 petita
1096 1329 1171 1363 est.
1237 1323 1309 1362 Ex
1340 1323 1407 1362 his
1437 1328 1584 1363 autem
1608 1323 1726 1363 colli-

252 1411 354 1451 gere
392 1398 504 1447 licet,
528 1411 615 1450 quo
648 1398 744 1450 quis
778 1402 844 1437 est
876 1398 918 1436 in
952 1398 1156 1436 castitate
1187 1396 1353 1436 tuenda
1384 1397 1645 1449 vigilantior,
1671 1411 1722 1437 eo

252 1472 431 1525 propius
469 1472 525 1512 ad
568 1477 744 1511 sanctos
783 1471 964 1523 angelos
1002 1471 1243 1523 beatasque
1282 1471 1377 1511 illas
1415 1476 1586 1511 mentes
1623 1484 1723 1511 eum

252 1547 490 1595 accedere;
529 1559 617 1597 quo
649 1558 752 1584 vero
785 1545 1089 1597 negligentior,
1126 1559 1177 1584 eo
1215 1559 1455 1597 congruere
1496 1558 1595 1585 cum
1635 1545 1724 1585 dae-

252 1620 457 1659 monibus
490 1619 642 1671 magis.

337 1693 438 1744 Jam
481 1705 583 1731 vero
627 1705 737 1743 quos
781 1692 825 1730 B.
854 1692 1052 1744 Ignatius
1102 1692 1211 1732 fines
1259 1698 1302 1732 et
1350 1694 1473 1744 quasi
1511 1693 1722 1732 terminos

251 1766 466 1818 religiosae
504 1765 696 1805 castitati
740 1766 1016 1805 constituerit
1051 1767 1156 1805 satis
1190 1772 1415 1806 ostensum
1451 1772 1527 1807 est.
1591 1766 1721 1806 Nunc

251 1840 370 1892 quod
404 1839 534 1878 tertio
568 1839 664 1878 loco
696 1839 972 1891 propositum
1006 1845 1127 1879 erat:
1168 1839 1315 1892 Quam
1349 1840 1546 1890 difficilis,
1570 1854 1723 1892 quam-

248 1927 335 1966 que
367 1913 504 1953 ardua
537 1914 592 1952 sit
625 1913 841 1952 castitatis
874 1913 978 1962 laus,
1002 1913 1197 1966 pluribus
1231 1914 1526 1956 ostendamus.

437 2134 463 2190 §⁴
501 2145 853 2187 3.—ANc;E1„lCA
890 2146 1100 2176 l’URITAS
1133 2146 1220 2176 EST
1254 2146 1527 2177 DIFFICILIS.

340 2243 614 2282 Enitendum
639 2249 788 2282 autem
813 2256 911 2282 cum
936 2243 1053 2282 dicat
1077 2249 1225 2283 noster
1249 2244 1377 2283 Pater
1399 2243 1454 2283 ad
1478 2243 1722 2296 angelicam

246 2315 499 2369 puritatem,
544 2330 631 2355 non
684 2317 867 2355 obscure
920 2317 1138 2368 significat
1186 2323 1351 2369 quanta
1402 2317 1497 2357 haec
1543 2318 1721 2358 castitas

250 2389 510 2429 difficultate
557 2395 745 2442 paretur,
785 2391 959 2441 quantis
1012 2404 1110 2429 cum
1165 2391 1388 2430 laboribus
1439 2390 1721 2431 custodiatur.

255 2462 456 2502 Difficilis
504 2469 570 2503 cst
612 2469 760 2502 autem
814 2464 1029 2503 castitatis
1081 2478 1230 2516 pugna
1273 2465 1412 2504 tribus
1464 2465 1518 2504 de
1570 2466 1721 2505 causis.

247 2537 458 2587 Primum,
497 2537 665 2577 ratione
709 2537 1023 2577 imbecillitatis
1065 2538 1281 2578 humanae.
1368 2539 1584 2585 Secundo,
1618 2540 1721 2591 quia

249 2611 516 2660 universalis,
541 2610 719 2663 fereque
742 2612 963 2651 neminem
999 2613 1175 2664 excipit.
1231 2613 1392 2661 Tertio,
1417 2613 1518 2665 quia
1541 2614 1721 2653 castitas

243 2684 392 2725 multis
427 2692 550 2738 patet
585 2686 765 2735 insidiis,
791 2686 984 2738 doloque
1019 2688 1365 2727 circumvenitur.

413 2791 425 2810 1
452 2794 543 2824 Orat.
570 2792 616 2824 IS.
638 2793 679 2824 de
705 2794 877 2824 Daemone.
1026 2792 1038 2810 '³
1065 2794 1251 2826 Comment.
1275 2795 1308 2825 in
1334 2795 1440 2827 Eihie.
1462 2796 1480 2827 l.
1504 2804 1532 2836 3.
