1903 3197
342 195 367 240 3
375 182 403 226 8
799 177 879 223 De
912 175 1161 223 societatis
1194 175 1329 222 Fine.

331 312 517 366 jamjam
567 309 813 350 viventibus
864 310 908 349 in
958 307 1212 349 barathrum
1261 307 1486 360 porrigens
1530 308 1553 326 “
1578 305 1799 355 Percute,''

337 385 488 438 inquit,
514 385 780 425 “adversum
814 397 895 431 me,
930 382 1098 435 Carpe:
1141 395 1244 421 nam
1282 387 1459 433 paratus
1491 393 1588 419 sum
1621 392 1699 431 pro
1731 378 1798 419 his

337 459 561 500 servandis
584 458 739 497 iterum
763 455 890 509 pati.”
954 455 1074 508 Lege
1097 469 1187 495 rem
1210 460 1350 494 totam
1383 453 1502 506 apud
1534 452 1799 505 Dionysium

339 533 420 585 Ep.
441 532 497 572 ad
521 529 849 582 Demophilum,
875 536 918 569 et
941 530 984 569 in
1008 528 1101 581 ejus
1124 529 1224 568 vita.

428 605 630 646 Charitas
683 617 785 656 ergo
837 603 921 643 Dei
974 608 1017 642 et
1064 603 1309 642 animarum
1352 600 1485 640 debet
1537 600 1670 639 etiam
1722 613 1805 639 nos·

339 679 529 733 primum
573 677 629 717 ad
671 676 824 716 alienae
867 676 1019 716 salutis
1061 675 1256 715 studium
1300 674 1511 714 incitare:
1559 679 1602 713 et
1644 672 1809 712 idcirco

339 752 543 807 perfectae
585 750 785 790 charitati
833 749 1025 789 dandam
1078 748 1197 801 prius
1250 761 1345 787 esse
1395 760 1574 800 operam
1627 746 1806 799 privatis

338 826 494 867 studiis
526 831 659 876 atque
700 823 1090 864 exercitationibus
1133 822 1340 870 diximus,
1380 828 1428 861 ut
1466 822 1509 861 in
1547 835 1597 861 ea
1634 820 1805 861 fundati

340 906 474 951 atque
496 897 685 952 perfecti,
710 898 753 937 in
776 897 959 937 aliorum
984 909 1159 948 quoque
1190 895 1377 935 salutem
1401 909 1450 935 ac
1480 895 1809 947 perfectionem,

339 979 388 1013 ut
410 972 508 1012 finis
530 977 679 1011 noster
701 970 851 1022 exigit,
875 970 1192 1009 incumbamus.
1541 1012 1543 1014 ,

427 1045 631 1085 Alterum
674 1057 787 1091 vero,
831 1042 949 1094 quod
1001 1041 1057 1081 ad
1110 1040 1228 1079 idem
1272 1040 1466 1079 studium
1510 1053 1684 1080 movere
1730 1054 1808 1080 nos

339 1119 483 1167 debet,
526 1124 591 1157 est
634 1117 800 1156 bonum
844 1120 1041 1154 nostrum
1085 1126 1135 1153 ac
1177 1113 1425 1165 privatum:
1475 1114 1592 1165 quod
1631 1113 1809 1164 quidem

339 1192 503 1244 triplex
541 1197 615 1230 est.
681 1189 874 1228 Primum
908 1194 974 1227 est
1011 1188 1177 1227 bonum
1221 1186 1484 1236 honestum;
1519 1186 1621 1238 quia
1655 1186 1811 1226 hones-

339 1264 509 1304 tissima
541 1268 585 1302 et
617 1261 891 1301 nobilissima
922 1274 988 1300 res
1019 1266 1084 1300 est
1116 1273 1294 1299 omnem
1328 1273 1506 1312 operam
1541 1266 1584 1299 et
1614 1259 1809 1300 laborem

341 1351 420 1390 pro
462 1336 707 1376 animarum
750 1334 892 1374 salute
935 1334 1163 1386 suscipere.
1245 1332 1522 1385 Angelorum
1559 1334 1725 1386 quippe
1766 1333 1810 1372 id

342 1423 502 1450 munus
535 1415 611 1456 est,
636 1408 709 1460 qui
742 1413 845 1447 sunt
872 1406 1289 1446 “Administratorii
1327 1406 1503 1458 spiritus
1538 1407 1581 1445 in
1617 1406 1811 1445 ministe-

342 1485 454 1523 rium
489 1483 607 1522 missi
640 1487 820 1534 propter
841 1495 926 1529 eos,
951 1482 1024 1533 qui
1057 1480 1362 1520 haereditatem
1393 1480 1568 1532 capient
1598 1478 1811 1519 5ε).1ιιῖί5.”1

344 1558 444 1597 Imo
474 1557 608 1609 ipsius
632 1555 729 1595 Filii
758 1556 843 1595 Dei
874 1568 1034 1594 munus
1057 1560 1133 1603 est,
1161 1554 1285 1606 “Qui
1309 1554 1430 1593 venit
1462 1554 1505 1592 in
1538 1553 1654 1593 hunc
1688 1567 1814 1593 mun-

343 1632 449 1671 dum
473 1636 724 1683 peccatores
747 1628 891 1669 salvos
914 1628 1055 1669 facere
1074 1626 1140 1667 :'’²'
1162 1634 1209 1667 ut
1228 1627 1324 1679 jure
1345 1627 1546 1667 videatur
1570 1628 1812 1680 Dionysius

344 1704 622 1756 Areopagita
653 1703 831 1751 dixisse,
856 1703 1103 1742 divinorum
1136 1701 1332 1741 omnium
1366 1701 1687 1740 divinissimum
1718 1714 1819 1740 esse«

345 1778 569 1831 cooperari
613 1777 656 1816 in
699 1777 886 1816 salutem
929 1776 1186 1816 animarum.
1270 1774 1387 1814 Nam
1432 1774 1555 1814 Deus
1597 1775 1690 1827 ipse
1726 1788 1813 1814 non

346 1852 535 1893 alienam
568 1865 646 1891 sua
679 1850 910 1902 majestate
943 1850 1083 1897 duxit,
1114 1849 1156 1888 in
1187 1848 1310 1888 terris
1343 1847 1448 1900 ipsis
1471 1848 1618 1896 videri,
1643 1854 1685 1888 et
1714 1861 1813 1888 cum

347 1925 599 1966 hominibus
650 1923 880 1964 hominum
933 1936 1066 1963 causa
1106 1920 1382 1962 conversari.3
1456 1922 1655 1974 Ideoque
1697 1935 1813 1974 saepc

350 1998 522 2047 Paulus,
547 2011 657 2051 quos
692 1997 747 2037 ad
788 1996 1011 2038 Christum
1049 1995 1322 2048 adjungebat
1357 2000 1400 2034 et
1437 1995 1480 2034 in
1511 1995 1627 2034 viam
1662 1995 1823 2034 salutis>

350 2072 580 2125 dirigebat,
614 2085 689 2110 eos
722 2070 906 2123 gloriam
944 2083 1069 2109 suam
1106 2075 1150 2108 et
1187 2081 1393 2108 coronam
1431 2081 1555 2107 suam
1594 2066 1815 2119 appellat:

352 2152 476 2188 crant
509 2145 623 2185 enim
657 2145 694 2183 ei
731 2143 913 2183 materia
945 2142 1107 2194 gloriae,
1133 2147 1175 2181 et
1206 2154 1377 2181 coronae
1409 2154 1545 2193 seges,
1570 2146 1618 2180 ut
1654 2140 1817 2193 Philip-

351 2218 531 2272 penses4
554 2224 598 2258 et
619 2214 1063 2265 Thessalonicenses?
1087 2221 1129 2255 et
1162 2214 1245 2263 alii,
1269 2228 1379 2266 quos
1411 2227 1490 2267 per
1522 2213 1817 2266 Evangelium

352 2292 584 2346 genuisset.

443 2365 696 2407 Secundum
738 2364 904 2404 bonum
942 2369 1018 2411 est,
1061 2362 1226 2402 bonum
1268 2361 1386 2409 utile,
1425 2360 1675 2413 spirituale:
1713 2363 1817 2413 quia

358 2439 465 2480 dum
506 2439 688 2479 aliorum
733 2437 861 2478 saluti
914 2451 965 2477 ac
1004 2436 1259 2489 perfectioni
1303 2449 1482 2488 operam
1524 2435 1691 2482 damus,
1735 2435 1816 2487 ipsi

355 2526 531 2566 quoque
573 2513 727 2552 eadem
770 2524 904 2564 opera
954 2509 1101 2563 perfici
1144 2515 1277 2561 atque
1320 2507 1505 2561 expoliri
1559 2508 1602 2547 in
1643 2508 1817 2548 virtutis

355 2600 484 2629 cursu
518 2585 734 2627 solemus:
767 2584 1061 2625 erubescimus
1098 2583 1214 2623 enim
1248 2583 1283 2622 si
1321 2596 1419 2634 quae
1457 2582 1565 2622 alios
1596 2582 1818 2628 docemus,

357 2674 409 2702 ea
440 2673 527 2700 non
559 2660 641 2713 ipsi
675 2665 946 2712 praestemus,
971 2663 1019 2697 ut
1050 2657 1106 2697 de
1138 2656 1320 2697 Abbate
1351 2656 1587 2708 Jammone
1620 2655 1817 2708 legimus,

359 2735 434 2788 qui
467 2734 548 2774 nisi
580 2734 699 2786 quod
723 2733 907 2782 fecisset,
929 2731 1037 2772 alios
1066 2731 1244 2773 omnino
1277 2743 1363 2770 non
1396 2730 1594 2770 docebat.
1659 2729 1823 2769 Metui·

573 2845 586 2865 ¹
612 2847 701 2879 Heb.
726 2855 753 2878 1.
953 2844 966 2863 ‘⁸'
994 2854 1007 2876 1
1027 2845 1112 2877 Tim.
1137 2853 1164 2876 1.
1375 2842 1389 2861 ³
1413 2843 1542 2874 Baruch
1566 2850 1596 2883 3.

744 2896 760 2916 ⁴
783 2897 926 2938 Philipp.
946 2905 978 2936 4.
1182 2895 1196 2914 ⁵
1222 2903 1235 2926 1
1263 2895 1377 2927 Thess.
1398 2902 1428 2926 2.
