1903 3197
564 636 941 698 JOSEPHUS
1008 636 1255 684 BoERo

754 780 784 807 E
807 780 959 808 socictate
981 778 1061 817 Jeslt

237 894 497 930 PATRIBUS
534 896 600 930 AC
637 896 938 930 FRATRIBUS
975 895 1224 940 EJUSDEM
1263 894 1588 929 SOCIETATIS.

805 1020 1014 1040 -—§—

182 1125 506 1172 PERLEGENTI
566 1126 683 1172 mihi
750 1124 982 1172 nonnulla
1043 1125 1290 1188 opuscula,
1354 1142 1466 1188 quae
1527 1124 1643 1172 olim

181 1210 351 1256 Patres
400 1210 552 1257 nostri
596 1210 658 1256 de
706 1209 938 1256 Instituto
988 1209 1250 1256 Societatis
1298 1226 1354 1256 ac
1402 1209 1465 1255 de
1514 1226 1643 1255 com-

177 1293 312 1339 muni
372 1293 574 1340 vivendi
640 1293 922 1356 agendique
987 1293 1176 1340 ratione
1235 1293 1642 1355 conscripserunt,

177 1393 390 1438 quaeque
416 1394 514 1423 non
541 1376 646 1423 sine
672 1375 836 1438 aliqua
864 1376 960 1422 Dei
987 1376 1300 1438 providentia
1329 1386 1379 1423 et
1412 1375 1644 1439 singulari

175 1459 427 1517 beneficio,
467 1471 541 1507 tot
579 1461 705 1507 inter
740 1470 1020 1522 temporum
1058 1460 1192 1507 vices
1229 1477 1491 1522 rerumque
1528 1459 1647 1522 pub-

174 1542 376 1590 licarum
435 1544 843 1606 perturbationes,
894 1544 956 1590 ad
1005 1561 1095 1591 nos
1144 1561 1301 1606 usque
1360 1560 1644 1606 pervenere,

174 1627 345 1674 incidit
388 1627 436 1674 in
475 1645 651 1675 manus
684 1627 918 1675 volumen
958 1628 1076 1675 satis
1114 1628 1327 1690 spissum
1369 1628 1416 1674 P.
1453 1626 1646 1674 Nicolai

180 1711 450 1769 Orlandini,
503 1713 550 1758 in
601 1729 700 1774 quo
749 1712 870 1759 varii
921 1712 1234 1759 continentur
1275 1722 1511 1758 tractatus
1560 1729 1646 1758 seu

177 1796 514 1843 commentarii
565 1797 610 1842 in
662 1796 997 1843 Summarium
1037 1796 1457 1842 Constitutionum
1501 1806 1550 1842 et
1599 1796 1647 1841 in

182 1877 399 1942 Regulas
429 1879 743 1926 Communes.
817 1879 1004 1926 Placuit
1041 1879 1398 1942 praeclarissimi
1436 1879 1649 1926 auctoris

176 1962 419 2009 scribendi
480 1963 624 2025 copia
683 1973 734 2010 et
794 1962 1066 2026 elegantia;
1120 1962 1302 2025 placuit
1358 1962 1649 2009 scholastica

176 2046 449 2093 disserendi
488 2047 788 2102 methodus;
832 2047 1013 2109 placuit
1049 2047 1270 2102 eruditio,
1310 2047 1646 2109 perspicuitas,

175 2130 390 2177 maxime
433 2141 600 2177 autem
649 2141 876 2178 accurata
922 2130 1200 2194 regularum
1253 2130 1535 2193 explanatio
1583 2131 1648 2177 ad

177 2223 395 2260 mentem
432 2214 479 2261 S.
519 2214 676 2261 Patris
718 2215 929 2278 Ignatii:
970 2232 1276 2277 summaeque
1312 2215 1552 2271 omnibus,
1591 2232 1648 2261 ac

176 2298 451 2359 praesertim
503 2298 572 2353 iis,
605 2299 702 2362 *qui
748 2299 1025 2361 junioribus
1067 2299 1245 2345 nostris
1293 2299 1399 2345 sive
1448 2299 1647 2346 novitiis

176 2380 283 2427 sive
325 2381 630 2429 scholasticis
674 2383 905 2445 regendis
953 2383 1366 2445 instituendisque
1414 2393 1644 2445 praesunt.

177 2464 373 2512 utilitati
411 2465 629 2512 futurum
667 2466 957 2522 existimavi,
986 2467 1025 2513 si
1060 2467 1343 2530 hujusmodi
1381 2467 1561 2529 scripta
1598 2467 1644 2513 in

175 2547 335 2595 lucem
372 2549 644 2596 ederentur.

284 2632 545 2695 Proposito
595 2634 724 2680 enim
772 2645 887 2681 ante
934 2633 1102 2681 oculos
1158 2635 1251 2681 hoc
1298 2635 1644 2697 probatissimo

180 2715 461 2778 exemplari,
523 2727 628 2763 tum
690 2717 982 2780 Superiores
1042 2719 1207 2774 nostri,
1264 2729 1369 2765 tum
1422 2718 1643 2764 Praefecti

179 2815 343 2845 rerum
403 2800 728 2863 spiritualium
789 2801 901 2848 hinc
961 2802 1179 2849 ediscere
1243 2812 1486 2864 poterunt,
1548 2818 1646 2863 qua

181 2882 384 2939 ratione,
430 2901 528 2946 qua
575 2884 812 2932 methodo
860 2886 923 2932 ad
971 2885 1250 2949 regularum
1297 2885 1645 2948 acquirendam
