1903 3197
551 186 631 232 De
663 190 789 232 recta
825 188 1096 234 intentione.
1461 200 1552 249 227

92 331 195 359 suos
226 317 465 371 discipulos
497 317 725 358 alacriores
757 317 865 356 effici
896 316 951 357 ad
984 331 1063 357 sua
1097 319 1322 371 sequenda
1355 320 1552 373 vestigia,

93 391 255 432 idcirco
287 397 330 431 et
367 391 446 439 hic,
481 397 524 431 et
552 390 667 439 alibi,
701 403 774 430 eos
803 404 880 443 spe
914 391 1126 430 mercedis
1159 398 1284 432 tanto
1318 395 1458 446 magis
1490 395 1553 435 in-

93 465 250 506 cendit.
333 464 407 505 Ob
449 464 722 516 eandemque
763 477 940 503 eausam
993 465 1199 516 proponit
1247 480 1297 504 ea
1351 480 1450 518 quae
1496 468 1551 508 ad

94 543 260 578 metum
293 538 536 590 pertinent:
570 536 814 585 “Timete‚''
849 536 1000 588 inquit,
1034 539 1177 585 “eum,
1206 538 1279 589 qui
1316 545 1550 591 postquam

91 610 308 659 occiderit,
332 610 465 650 habet
496 615 761 662 potestatem
795 610 967 649 mittere
1001 610 1042 648 in
1074 609 1387 661 gehennam.''¹
1449 611 1553 662 Jure

89 684 221 736 igitur
245 683 453 724 admonet
486 683 528 722 P.
555 683 751 735 Ignatius
784 689 831 722 ut
864 682 964 722 hinc
994 696 1170 735 quoque
1207 696 1285 722 nos
1320 684 1400 735 ipsi
1427 683 1550 736 juve-

90 770 213 807 mur;
261 757 359 805 imo,
399 763 446 796 ut
487 756 548 796 ait
595 756 857 808 Gregorius:
907 755 1165 808 “Quaelibet
1198 770 1372 797 summa
1419 771 1552 811 opera

90 830 275 870 inaniter
316 829 437 877 fiunt,
480 829 513 868 si
565 829 827 869 intentiones
870 829 1067 870 cordium
1114 836 1242 871 extra
1293 831 1551 872 :eternitatis

89 902 391 943 celsitudinem
427 900 779 942 deflectuntur.''2

177 975 237 1015 Et
279 976 497 1015 Macarius
542 981 673 1028 negat
714 989 983 1028 quemquam
1018 977 1059 1016 in
1093 977 1245 1028 spiritu
1279 989 1549 1029 promovere,

90 1048 171 1088 nisi
223 1049 462 1088 certissime
510 1048 590 1088 sibi
634 1048 896 1101 persuadeat
939 1063 984 1088 se
1028 1048 1247 1089 laboribus
1291 1048 1551 1091 fruiturum.3

89 1121 263 1161 Mavult
293 1126 442 1161 tamen
476 1127 623 1161 noster
660 1121 798 1169 Pater,
834 1121 953 1161 nulla
989 1122 1216 1174 proposita
1248 1123 1448 1163 mercede
1480 1123 1549 1164 vel

85 1207 230 1248 poena,
263 1194 421 1233 divinae
454 1208 532 1233 nos
568 1194 753 1234 bonitati
787 1194 989 1246 placere;
1022 1195 1125 1246 quia
1156 1195 1448 1248 perfectorum
1481 1202 1548 1237 est

87 1281 175 1307 una
211 1266 448 1306 dumtaxat
481 1266 692 1306 charitate
729 1267 839 1306 duci.
920 1267 1035 1307 Nam
1075 1281 1154 1307 nee
1188 1268 1401 1321 discipuli,
1437 1282 1547 1321 quos

87 1338 286 1380 Christus
318 1353 395 1391 spe
428 1339 639 1379 mercedis
672 1339 918 1380 incitandos
951 1340 1148 1392 putabat,
1171 1347 1273 1380 ante
1306 1342 1544 1382 adventum

84 1411 237 1454 Sancti
263 1411 451 1464 Spiritus
474 1418 596 1452 erant
619 1413 661 1452 in
684 1412 896 1452 charitate
919 1412 1109 1465 perfecti.
1158 1413 1216 1452 Iit
1239 1414 1424 1466 reperire
1447 1413 1548 1455 licet

83 1491 260 1526 sanctos
292 1485 472 1537 aliquos,
497 1486 571 1538 qui
602 1486 658 1526 ad
698 1486 739 1526 id
779 1485 1003 1526 charitatis
1040 1499 1275 1538 pervenere
1308 1486 1545 1539 fastigium,

84 1563 132 1599 ut
164 1571 251 1598 non
281 1570 379 1597 cum
415 1558 544 1598 I‘etro
570 1558 718 1599 dicant
747 1558 961 1611 amplius:
995 1559 1148 1599 “Ecce
1178 1572 1257 1598 nos
1293 1558 1547 1612 reliquimus

83 1632 232 1672 omnia
267 1637 311 1672 et
352 1631 488 1671 secuti
530 1645 680 1672 sumus
721 1637 776 1680 te,
811 1631 917 1684 quid
961 1645 1064 1684 ergo
1107 1632 1187 1672 erit
1229 1632 1421 1672 nobis?''
1469 1633 1547 1674 sed

82 1717 183 1744 cum
219 1703 355 1744 Paulo
381 1704 473 1756 jam
509 1704 722 1757 perfecto:
755 1704 901 1756 “Quis
931 1718 1010 1744 nos
1043 1705 1265 1757 separabit
1286 1720 1311 1745 a
1333 1705 1547 1747 charitate

82 1775 244 1818 Christi
263 1777 276 1816 ?
293 1776 312 1792 '’
337 1776 442 1816 dum
466 1777 729 1830 respondet:
763 1778 956 1818 “Certus
978 1791 1087 1827 sum,
1112 1779 1217 1831 quia
1244 1792 1386 1831 neque
1417 1792 1547 1830 mors,

81 1863 224 1902 neque
245 1849 345 1898 vita,
370 1863 511 1902 neque
539 1850 695 1902 angeli,
718 1863 859 1902 neque
891 1851 1172 1903 principatus,
1197 1865 1339 1904 neque
1361 1852 1544 1893 virtutes

81 1928 175 1972 etc.‚
209 1935 351 1975 neque
383 1928 580 1963 creatura
609 1923 695 1962 alia
727 1923 888 1975 poterit
921 1937 1000 1962 nos
1031 1937 1233 1976 separare
1269 1938 1295 1964 a
1331 1924 1545 1966 charitate

79 1996 177 2045 Dei,
201 2009 299 2048 quae
322 2001 387 2035 est
410 1996 453 2035 in
477 1995 652 2036 Christo
673 1996 776 2047 Jesu
796 2010 804 2046 ;
822 1995 865 2018 '³4
896 2002 972 2036 aut
995 2010 1093 2037 cum
1119 1998 1296 2050 Ignatio
1320 1998 1543 2052 Martyre:

78 2068 247 2109 “Nunc
287 2068 448 2121 incipio
486 2068 647 2109 Christi
685 2082 779 2109 esse
816 2069 1065 2122 discipulus,
1099 2070 1205 2110 nihil
1242 2071 1298 2110 de
1339 2071 1406 2111 his
1442 2086 1543 2126 qua:

76 2142 281 2183 videntur
313 2142 576 2192 desiderans,
606 2147 655 2183 ut
681 2143 833 2194 Jesum
866 2142 1088 2183 Christum
1119 2144 1538 2199 inveniam‚—ignis‚

77 2228 198 2264 crux,
241 2215 407 2265 bestiae,
450 2215 689 2256 confractio
731 2217 908 2266 ossium,
951 2216 1247 2257 membrorum
1292 2218 1460 2270 divisio,
1499 2225 1545 2260 et

75 2288 211 2329 totius
245 2290 437 2342 corporis
470 2290 684 2338 contritio,
720 2295 764 2330 et
796 2295 891 2329 tota
924 2295 1145 2331 tormenta
1178 2291 1342 2332 diaboli
1386 2293 1426 2332 in
1472 2305 1542 2334 me

76 2363 265 2412 veniant,
288 2367 462 2403 tantum
496 2362 656 2404 Christi
690 2362 839 2403 fruar.''
902 2362 1021 2415 Quid
1044 2364 1188 2404 dicam
1216 2365 1271 2405 de
1302 2365 1543 2409 Catharina

78 2433 310 2485 Genuensi,
333 2442 381 2476 ut
413 2435 522 2476 alios
555 2442 737 2485 taceam,
762 2450 860 2489 qua:
894 2436 956 2477 ita
990 2438 1139 2478 omnia
1174 2444 1354 2492 propter
1389 2440 1539 2482 Deum

75 2509 350 2549 consuevisse
392 2509 533 2550 facere
573 2510 836 2563 perhibetur,
881 2511 1117 2564 Deumque
1157 2518 1338 2566 propter
1390 2514 1538 2555 Deum

75 2586 168 2621 tam
201 2580 320 2622 nullo
351 2596 430 2622 suo
462 2582 760 2624 emolumento
782 2584 974 2636 diligere,
999 2590 1047 2625 ut
1081 2598 1134 2625 ne
1168 2600 1323 2627 vocem
1358 2587 1537 2640 quidem

75 2652 196 2694 illam
220 2655 470 2708 “propter‚'’
494 2669 581 2709 qua
602 2657 788 2697 dicimur
819 2663 998 2711 propter
1020 2658 1167 2699 Deum
1192 2659 1333 2700 faeere
1359 2659 1539 2712 aliquid,

75 2725 381 2780 interpositam
422 2734 654 2782 pateretur.
736 2730 836 2780 Sed,
880 2732 915 2771 si
961 2744 1112 2772 verum
1155 2734 1405 2786 qua-rimus,
1442 2732 1539 2774 haec

72 2804 167 2840 tam
209 2801 399 2854 simplex
441 2809 622 2856 tamque
662 2804 829 2845 sincera
870 2805 1030 2846 mentis
1070 2806 1267 2857 intentio,
1304 2807 1535 2856 beatorum

124 2887 135 2908 ²
161 2890 240 2922 Luc.
266 2899 315 2923 12.
451 2891 464 2910 ²
488 2892 572 2925 Mor.
594 2892 616 2926 l.
636 2893 688 2926 28.
709 2904 735 2926 c.
760 2903 808 2927 12.
945 2895 958 2914 ³
983 2895 1085 2927 IIom.
1111 2904 1158 2935 ¹4·
1295 2895 1309 2914 ⁴
1333 2897 1430 2929 Rom.
1452 2895 1482 2928 8.

248 2951 274 2982 P
306 2954 330 2982 2
