1903 3197
610 135 690 180 De
721 136 1040 183 Poem'lenlz'z's.
1474 151 1485 180 1
1504 150 1519 180 Ι
1531 149 1560 192 9

102 268 270 318 celebri,
332 266 627 315 “declaratiS,''
690 267 960 307 Constitutio
1025 269 1178 319 inquit,
1232 269 1310 308 “iis
1373 273 1560 316 tantum,

102 355 200 394 quae
233 342 289 382 ad
320 342 517 381 Omnium
551 340 890 381 aedificationem
923 340 1122 380 faciunt.''
1187 341 1346 393 Quoad
1379 342 1564 381 circum-

102 417 322 464 stantiam,
375 415 625 455 habendam
690 415 905 455 rationem
968 415 1168 467 praecipit
1229 416 1562 467 praeparationis

101 489 236 530 animi
279 495 323 530 et
364 489 672 542 dispositionis,
718 489 821 540 quia
872 502 959 528 non
1012 502 1185 540 semper
1228 489 1383 527 eodem
1427 489 1562 529 modo

84 564 373 616 vcompositus
429 569 473 603 et
528 563 710 603 affectus
769 569 834 602 est
891 563 1101 602 subditus.
1197 561 1287 602 Sed
1349 568 1562 614 tanquam

102 637 298 676 medicus
359 650 477 689 aegro
536 642 774 689 expectata
834 637 1044 689 temporis
1107 636 1449 688 opportunitate,
1501 637 1563 675 sic

103 709 367 762 Praepositus
439 709 626 759 subdito,
690 710 969 750 correctionis
1041 710 1304 749 medicinam
1368 709 1563 762 praebere

101 783 233 823 debet
285 783 327 822 in
379 789 588 836 tempore.
692 784 983 824 Personarum
1035 798 1136 823 vero
1189 783 1565 823 circumstantiam

99 857 310 907 attendet,
363 857 466 909 quia
517 857 614 897 aliae
665 857 760 897 aliis
813 859 1091 911 imponendae
1144 864 1246 898 sunt
1296 871 1452 911 poenae,
1499 857 1566 897 his

100 930 361 980 minuendae,
406 930 489 970 illis
531 931 757 984 augendae,
796 932 955 983 quibus
997 932 1332 980 connivendum,
1372 932 1415 971 in
1457 931 1568 971 alios

80 1003 552 1044 animadvertendum.
594 1005 688 1044 Nec
711 1018 996 1057 personarum
1021 1005 1154 1045 modo
1179 1006 1392 1045 rationem
1416 1004 1567 1045 haberi

84 1077 373 1119 >Constitutio
391 1077 529 1130 jubet,
544 1092 694 1118 verum
718 1079 852 1119 etiam
871 1080 1116 1119 communis
1135 1079 1350 1132 exempli:
1374 1083 1393 1098 “
1412 1080 1568 1119 Habe·

100 1150 247 1200 bunt‚''
282 1151 433 1204 inquit,
463 1151 798 1204 “dispositionis
841 1167 1138 1205 personarum,
1173 1160 1217 1193 et
1259 1153 1567 1194 aedificationis

84 1224 367 1274 anniversalis,
401 1231 445 1265 et
476 1225 750 1277 particularis
783 1239 932 1265 earum
956 1227 1011 1266 ad
1034 1226 1220 1278 gloriam
1256 1226 1401 1267 Dei.”1
1466 1228 1567 1267 Hoc

101 1305 177 1347 est,
223 1304 270 1337 ut
317 1303 361 1338 et
401 1299 546 1338 caeteri
590 1299 716 1338 unius
765 1299 975 1351 juventur
1016 1301 1236 1352 exemplo,
1282 1307 1325 1341 et
1367 1301 1429 1340 illi
1471 1301 1566 1353 ipsi,

79 1371 259 1424 *quibus
290 1384 523 1423 poenarum
557 1371 722 1424 aliquid
757 1373 981 1425 irrogatur,
1014 1373 1356 1422 exaedificentur,
1381 1381 1424 1414 et
1456 1374 1568 1414 fruc-

100 1451 195 1486 tum
217 1445 431 1486 hauriant.
482 1446 595 1485 Fieri
620 1447 736 1486 enim
760 1452 908 1499 potest
931 1452 989 1495 ut,
1014 1448 1280 1499 imponentis
1303 1448 1410 1487 vitio
1432 1454 1567 1500 atque

100 1519 409 1572 imprudentia,
444 1525 488 1559 et
519 1519 593 1571 qui
632 1519 849 1572 plectitur,
884 1525 927 1559 et
965 1520 1038 1571 qui
1082 1520 1213 1572 plecti
1250 1534 1372 1560 reum
1403 1521 1568 1570 vident,

100 1593 197 1646 ipso
239 1606 384 1646 poenae
426 1606 587 1646 genere
638 1593 921 1633 offendantur
965 1594 1112 1646 potius
1165 1608 1299 1646 quam
1347 1595 1566 1647 juventur.

102 1667 339 1720 Propterea
361 1673 512 1707 monet
537 1667 697 1707 Paulus
720 1674 866 1720 patres
885 1681 892 1707 :
927 1671 947 1687 “
965 1667 1114 1708 Nolite
1138 1668 1193 1708 ad
1216 1668 1568 1722 indignationem

100 1753 337 1793 provocare
360 1740 471 1780 filios
494 1739 718 1780 vestros.''2
779 1740 912 1793 Quod
940 1748 1213 1794 praeceptum
1238 1743 1389 1783 Patres
1412 1756 1567 1783 omnes

102 1813 348 1867 spirituales
371 1819 520 1854 tenere
542 1815 705 1854 debent
728 1815 771 1853 in
795 1815 1065 1867 corrigendo.

191 1888 243 1927 In
267 1888 400 1928 modo
422 1901 524 1928 vero
546 1888 780 1940 prudentia
803 1889 1049 1928 necessaria
1071 1894 1147 1938 est,
1172 1895 1220 1929 ut
1242 1890 1412 1930 delictis
1434 1900 1569 1943 poena

102 1962 381 2015 respondeat,
418 1962 537 2013 quod
580 1961 769 2001 faciebat
811 1962 856 2001 B.
891 1962 1020 2002 Pater
1063 1963 1273 2014 Ignatius,
1310 1969 1353 2003 et
1395 1964 1438 2003 in
1480 1976 1569 2016 quo

76 2035 198 2088 rquis
234 2034 468 2086 deliquerit
504 2035 547 2073 in
584 2048 636 2074 eo
673 2035 899 2087 plectatur.

189 2108 364 2148 Deinde
398 2107 561 2148 habeat
595 2108 809 2148 rationem
845 2115 1031 2161 oportet,
1070 2110 1145 2162 qui
1179 2124 1335 2163 poenas
1369 2111 1569 2163 imponit,

102 2182 293 2236 primum
325 2182 508 2235 generis,
532 2182 655 2235 cujus
687 2183 858 2234 generis
889 2184 946 2223 sit
976 2184 1071 2237 ipsa
1103 2198 1246 2237 poena,
1276 2199 1417 2238 neque
1450 2186 1568 2227 enim

100 2269 240 2297 novas
262 2261 306 2296 et
328 2256 558 2296 inusitatas
590 2257 780 2308 irrogare
812 2257 942 2307 licet;
975 2258 1136 2299 deinde
1159 2260 1489 2312 magnitudinis,
1521 2266 1566 2302 et

78 2330 378 2383 quantitatis,
408 2343 463 2369 ne
494 2330 677 2370 modum
711 2331 909 2371 excedat.
973 2332 1100 2384 Quia,
1136 2339 1184 2373 ut
1218 2334 1280 2373 ait
1316 2333 1564 2387 Gregorius,

74 2417 81 2421 “
101 2404 328 2445 “Modum
350 2417 469 2457 saepe
491 2404 728 2445 ulciscendi
755 2407 1075 2458 transgreditur
1095 2407 1142 2456 is,
1167 2409 1240 2460 qui
1268 2415 1438 2461 praeest,
1462 2409 1567 2461 quia

103 2489 308 2517 mensura
325 2477 508 2529 justitiae
532 2491 620 2518 non
643 2477 882 2519 fraenatur.3

192 2548 476 2602 Omninoque
508 2552 753 2591 cavendum
785 2558 829 2593 et
859 2554 1180 2605 providendum
1204 2568 1257 2594 ne
1279 2555 1337 2596 sis
1359 2569 1567 2609 praeceps,

78 2629 149 2664 «et
184 2623 514 2676 perturbatione
551 2625 734 2674 ducaris,
771 2640 871 2666 cum
909 2641 1088 2680 poenam
1126 2630 1300 2682 irrogas.
1364 2630 1482 2670 Nam
1521 2636 1569 2671 ut

102 2697 223 2738 idem
266 2697 502 2750 Gregorius
551 2698 626 2748 ait,
670 2699 973 2753 “Plerumque
1019 2708 1214 2743 mentem
1255 2703 1338 2743 sub
1379 2703 1565 2743 obtentu

74 2818 79 2821 ¹
99 2770 284 2824 justitiae
320 2771 396 2812 irae
433 2772 686 2813 immanitas
722 2779 879 2825 vastat,
917 2781 961 2816 et
996 2776 1103 2816 dum
1146 2777 1270 2829 quasi
1312 2776 1437 2816 saevit
1474 2775 1569 2818 zelo

245 2859 258 2879 ²
286 2863 322 2894 P.
339 2871 369 2904 3.
390 2873 417 2895 c.
439 2871 465 2895 1.
484 2864 499 2902 ἓ
519 2870 567 2904 15.
715 2862 728 2882 2
752 2864 860 2898 Colos.
882 2873 913 2906 3.
1055 2865 1068 2886 ³
1092 2867 1179 2898 Mor.
1199 2866 1220 2898 1.
1242 2866 1293 2898 26.
1314 2876 1340 2898 c.
1355 2874 1407 2907 43.
