1903 3197
325 153 386 198 82
648 153 727 198 De
758 152 949 199 ratione
982 153 1173 200 vivendi
1212 155 1472 202 Societatz‘s.

325 284 536 337 Quisquis
559 285 675 324 enim
705 286 901 325 nondum
929 287 1034 326 satis
1065 289 1107 326 in
1137 288 1289 340 spiritu
1312 301 1363 327 ac
1386 289 1546 328 virtute
1569 292 1792 341 processit,

324 358 487 399 offendi
526 359 651 399 facile
688 360 810 408 solet,
849 361 883 400 si
922 374 1008 400 non
1046 361 1201 401 eadem
1245 362 1456 414 aequitate
1493 363 1704 403 contineri
1747 378 1793 404 se

322 439 483 473 cernat.
576 434 668 475 Sibi
721 448 824 474 nam
877 436 1062 487 quisque
1111 436 1284 475 videtur
1335 448 1483 487 egens,
1527 436 1594 475 cui
1647 437 1792 478 danda

320 507 575 549 immunitas
598 509 664 557 sit,
688 509 769 549 sibi
792 509 950 561 dignus
973 523 1098 561 aeque
1120 515 1254 561 atque
1277 509 1399 549 alius.
1455 509 1588 561 Quod
1611 511 1790 562 quidem

320 583 366 621 B.
393 581 681 623 Benedictum
725 581 927 634 impulit,1
962 588 1009 622 ut
1046 584 1089 622 in
1124 582 1454 623 conscribendis
1491 582 1651 634 regulis
1688 598 1790 624 suos

318 657 558 698 monachos
586 662 889 710 praemoneret,
921 671 974 697 ne
997 658 1094 709 quis
1123 657 1440 705 obmurmuret,
1465 657 1499 696 si
1532 671 1611 709 pro
1644 670 1790 698 neces-

317 733 448 772 sitate
485 733 641 784 cuique
678 732 949 772 succurritur.
1015 731 1087 770 Ex
1127 730 1263 770 altera
1309 736 1447 783 parte,
1488 731 1648 782 quibus
1691 731 1790 784 plus

316 805 481 858 aliquid
541 806 784 858 meliusque
837 805 963 845 fuerit
1015 805 1338 856 dispensatum,
1397 804 1448 843 iis
1501 805 1633 844 etiam
1694 819 1789 845 sese

316 880 523 920 efferendi
556 881 776 933 praebetur
804 879 986 928 occasio,
1017 879 1134 930 quod
1168 878 1272 917 item
1305 877 1539 917 discordiae
1571 891 1695 929 seges
1724 885 1789 918 est

315 961 449 1006 atque
484 954 638 994 disidii.
702 954 804 1006 Quo
839 953 950 992 circa
984 958 1228 1004 praemonet
1268 950 1385 989 idem
1425 951 1582 990 Abbas
1626 958 1673 991 ut
1715 953 1789 1003 qui

314 1028 412 1080 plus
447 1029 614 1080 indiget
646 1027 899 1067 humilietur
932 1039 1010 1077 pro
1048 1024 1318 1072 infirmitate,
1353 1030 1396 1063 et
1431 1037 1517 1063 non
1552 1025 1792 1065 extollatur

315 1116 395 1155 pro
432 1101 737 1147 misericordia,
777 1105 819 1139 et
861 1100 931 1145 ita,
966 1098 1116 1150 inquit,
1155 1098 1309 1137 omnia
1342 1098 1544 1137 membra
1583 1105 1707 1139 erunt
1746 1100 1789 1139 in

316 1189 432 1228 pace.
500 1174 647 1226 Hujus
688 1173 932 1213 concordiae
976 1185 1107 1212 causa
1149 1172 1310 1211 scimus
1357 1172 1403 1210 B.
1432 1172 1702 1211 Bernardum
1736 1172 1791 1212 de

315 1249 499 1301 pristina
541 1261 618 1287 sua
660 1247 901 1295 severitate,
945 1259 1031 1298 qua
1074 1245 1227 1285 fratres
1274 1252 1471 1284 senserat
1509 1244 1791 1286 vehementer

316 1322 490 1369 offendi,
528 1321 744 1361 remisisse
778 1334 864 1360 non
897 1333 1063 1372 parum,
1099 1325 1141 1359 et
1171 1332 1454 1358 communem
1489 1332 1588 1357 cum
1619 1321 1793 1359 caeteris.

316 1396 555 1436 instituisse
576 1395 712 1435 vitam
731 1408 738 1443 ;
773 1401 816 1434 et
838 1400 986 1433 noster
1016 1394 1145 1433 Pater
1167 1406 1254 1432 non
1282 1392 1414 1432 modo
1437 1393 1613 1441 victum,
1637 1407 1791 1433 vemm

317 1469 450 1509 etiam
480 1468 645 1509 cultum
676 1469 879 1521 corporis,
905 1468 961 1507 ad
993 1468 1239 1507 animorum
1274 1466 1629 1518 conjunctionem
1656 1472 1794 1518 atque*

319 1542 675 1589 uniformitatem,
715 1542 841 1581 unius
884 1541 1016 1588 modi,
1057 1541 1274 1592 uniusque
1313 1540 1465 1579 formae
1504 1539 1707 1579 omnibus
1745 1541 1790 1579 in

319 1616 542 1657 Societate
580 1629 674 1655 esse
709 1615 858 1663 voluit,
897 1621 944 1654 ut
981 1615 1024 1654 in
1058 1620 1215 1654 octava
1250 1613 1625 1653 Constitutionum
1663 1620 1787 1666 parte

319 1697 478 1730 monet.
574 1691 693 1742 Ergo
740 1695 787 1728 ut
839 1689 1064 1740 geminum
1132 1688 1246 1727 hunc
1306 1687 1534 1739 scopulum
1590 1687 1787 1728 Societas

319 1764 529 1815 effugeret
567 1770 609 1803 et
641 1763 883 1815 disciplinae
916 1762 1134 1809 laxandae,
1170 1767 1213 1801 ct
1244 1761 1488 1801 concordiae
1522 1761 1787 1811 minuendae,

318 1838 454 1877 satius
492 1837 621 1877 duxit
660 1837 822 1877 Beatus
861 1837 990 1876 Pater
1022 1836 1216 1875 medium
1251 1835 1476 1886 quoddam
1509 1848 1647 1886 genus
1680 1835 1787 1874 inire

318 1911 430 1957 vitae,
462 1911 554 1951 sine
586 1910 827 1963 disciplinae
862 1909 1075 1949 interioris
1109 1909 1401 1954 incommodo,
1433 1907 1650 1961 salvisque
1681 1908 1788 1961 legi-

320 1986 412 2035 bus,
467 1999 612 2038 quam,
666 1986 816 2024 crebra
880 1984 1026 2036 legum
1080 1983 1342 2035 exceptione
1392 1983 1427 2021 si
1479 1983 1628 2022 durius
1680 1982 1785 2022 illud

319 2060 582 2112 arripuisset,
636 2058 691 2098 ad
758 2057 993 2097 dissolutos
1054 2057 1215 2097 sensim
1270 2069 1412 2095 mores
1475 2055 1785 2108 licentiamque

318 2134 519 2173 defluere.

407 2206 574 2258 Quinta
611 2206 722 2245 ratio
760 2211 825 2245 est
858 2205 1118 2244 humilitatis
1156 2203 1330 2243 tuenda:
1369 2216 1510 2251 causa,
1543 2202 1785 2255 solidaeque

318 2281 614 2333 adipiscendae
666 2280 848 2327 virtutis,
906 2280 949 2318 in
1002 2293 1089 2331 quo
1146 2291 1365 2318 summam
1417 2276 1630 2329 religiosae
1683 2277 1784 2317 vitae

318 2355 508 2407 positam
552 2354 714 2394 Beatus
758 2354 886 2393 Pater
929 2352 1209 2392 existimavit.
1277 2351 1383 2390 Vita
1424 2350 1587 2403 quippe
1630 2364 1784 2402 aspera

318 2434 450 2480 atque
473 2428 580 2468 dura
613 2428 828 2480 superbiae
861 2441 911 2467 ac
944 2426 1222 2467 coenodoxia?
1255 2430 1377 2477 patet
1407 2424 1585 2473 insidiis,
1609 2437 1707 2464 cum
1740 2425 1782 2464 in

319 2502 609 2541 admiratione
652 2503 706 2541 sit
739 2501 868 2553 vulgi.
934 2501 1031 2540 Imo
1069 2501 1317 2539 universum
1359 2511 1498 2551 genus
1539 2497 1779 2545 hominum,

319 2582 365 2615 ut
410 2575 598 2627 Cyrillus
650 2576 721 2623 ait,
769 2575 984 2627 jejunium
1038 2580 1081 2614 et
1129 2574 1283 2613 duram
1326 2572 1461 2612 vitam
1515 2571 1785 2612 admiratur:

319 2662 458 2701 eaque
481 2649 536 2688 de
558 2662 689 2688 causa
719 2649 863 2699 Judaei
887 2654 1060 2688 tantum
1090 2648 1248 2699 Joanni
1284 2647 1496 2698 Baptistae
1519 2645 1781 2693 tribuebant,

320 2730 365 2763 ut
389 2736 642 2775 quanquam
673 2722 802 2762 nullis
826 2722 1009 2774 fulgeret
1040 2720 1268 2768 miraculis,
1294 2733 1392 2759 eum
1424 2726 1572 2759 tamen
1605 2725 1783 2771 propter

319 2797 600 2848 asperitatem
622 2796 724 2836 vitae
757 2796 980 2836 Christum
1011 2795 1353 2846 suspicarentur:
1388 2793 1611 2833 Christum
1635 2797 1781 2832 autem

976 2882 985 2901 ¹
1013 2884 1049 2914 C.
1072 2892 1121 2923 34.
