<?xml version="1.0" encoding="UTF-8"?>
<!DOCTYPE html PUBLIC "-//W3C//DTD XHTML 1.0 Transitional//EN"
    "http://www.w3.org/TR/xhtml1/DTD/xhtml1-transitional.dtd">
<html xmlns="http://www.w3.org/1999/xhtml" xml:lang="en" lang="en">
 <head>
  <title>
</title>
<meta http-equiv="Content-Type" content="text/html;charset=utf-8" />
  <meta name='ocr-system' content='tesseract 3.04.00' />
  <meta name='ocr-capabilities' content='ocr_page ocr_carea ocr_par ocr_line ocrx_word'/>
</head>
<body>
  <div class='ocr_page' id='page_1' title='image "./nicolaiorlandini00orla/nicolaiorlandini00orla_0664.png"; bbox 0 0 1903 3197; ppageno 0'>
   <div class='ocr_carea' id='block_1_1' title="bbox 291 215 1443 273">
    <p class='ocr_par' dir='ltr' id='par_1_1' title="bbox 291 215 1443 273">
     <span class='ocr_line' id='line_1_1' title="bbox 291 215 1443 273; baseline 0.003 -13"><span class='ocrx_word' id='word_1_1' title='bbox 291 217 390 273; x_wconf 85' lang='lat'><strong>644</strong></span> <span class='ocrx_word' id='word_1_2' title='bbox 620 215 699 261; x_wconf 77' lang='lat' dir='ltr'><strong>De</strong></span> <span class='ocrx_word' id='word_1_3' title='bbox 733 217 922 263; x_wconf 74' lang='lat' dir='ltr'><strong>ratione</strong></span> <span class='ocrx_word' id='word_1_4' title='bbox 955 217 1149 264; x_wconf 78' lang='lat' dir='ltr'><strong>vivendi</strong></span> <span class='ocrx_word' id='word_1_5' title='bbox 1180 217 1443 264; x_wconf 74' lang='lat' dir='ltr'><strong>Socz&#39;elcztz‘s.</strong></span> 
     </span>
    </p>
   </div>
   <div class='ocr_carea' id='block_1_2' title="bbox 287 349 1765 3011">
    <p class='ocr_par' dir='ltr' id='par_1_2' title="bbox 289 349 1761 552">
     <span class='ocr_line' id='line_1_2' title="bbox 290 349 1760 404; baseline 0.001 -16"><span class='ocrx_word' id='word_1_6' title='bbox 290 354 335 388; x_wconf 90' lang='lat' dir='ltr'><strong>et</strong></span> <span class='ocrx_word' id='word_1_7' title='bbox 387 349 502 388; x_wconf 90' lang='lat' dir='ltr'><strong>senis</strong></span> <span class='ocrx_word' id='word_1_8' title='bbox 554 349 597 389; x_wconf 91' lang='lat' dir='ltr'><strong>in</strong></span> <span class='ocrx_word' id='word_1_9' title='bbox 641 350 913 401; x_wconf 86' lang='lat' dir='ltr'><strong>incedendo;</strong></span> <span class='ocrx_word' id='word_1_10' title='bbox 965 352 1084 404; x_wconf 89' lang='lat' dir='ltr'><strong>prius</strong></span> <span class='ocrx_word' id='word_1_11' title='bbox 1127 352 1244 391; x_wconf 89' lang='lat' dir='ltr'><strong>enim</strong></span> <span class='ocrx_word' id='word_1_12' title='bbox 1287 351 1551 403; x_wconf 80' lang='lat' dir='ltr'>procurrisse</span> <span class='ocrx_word' id='word_1_13' title='bbox 1602 350 1760 390; x_wconf 89' lang='lat' dir='ltr'><strong>dicitur</strong></span> 
     </span>
     <span class='ocr_line' id='line_1_3' title="bbox 289 422 1761 478; baseline 0.001 -16"><span class='ocrx_word' id='word_1_14' title='bbox 289 422 487 474; x_wconf 85' lang='lat' dir='ltr'><strong>Joannes</strong></span> <span class='ocrx_word' id='word_1_15' title='bbox 519 424 574 463; x_wconf 90' lang='lat' dir='ltr'><strong>ad</strong></span> <span class='ocrx_word' id='word_1_16' title='bbox 608 431 955 473; x_wconf 83' lang='lat' dir='ltr'><strong>monumentum,</strong></span> <span class='ocrx_word' id='word_1_17' title='bbox 991 439 1124 478; x_wconf 86' lang='lat' dir='ltr'><strong>quarn</strong></span> <span class='ocrx_word' id='word_1_18' title='bbox 1160 426 1324 475; x_wconf 85' lang='lat' dir='ltr'><strong>Petrus,</strong></span> <span class='ocrx_word' id='word_1_19' title='bbox 1355 426 1457 478; x_wconf 90' lang='lat' dir='ltr'><strong>quia</strong></span> <span class='ocrx_word' id='word_1_20' title='bbox 1489 425 1560 465; x_wconf 90' lang='lat' dir='ltr'><strong>ille</strong></span> <span class='ocrx_word' id='word_1_21' title='bbox 1592 424 1761 465; x_wconf 89' lang='lat' dir='ltr'><strong>adoles-</strong></span> 
     </span>
     <span class='ocr_line' id='line_1_4' title="bbox 289 497 1229 552; baseline 0.004 -16"><span class='ocrx_word' id='word_1_22' title='bbox 289 510 402 545; x_wconf 89' lang='lat' dir='ltr'><strong>cens,</strong></span> <span class='ocrx_word' id='word_1_23' title='bbox 427 497 495 537; x_wconf 90' lang='lat' dir='ltr'><strong>hic</strong></span> <span class='ocrx_word' id='word_1_24' title='bbox 514 497 607 549; x_wconf 90' lang='lat' dir='ltr'><strong>jam</strong></span> <span class='ocrx_word' id='word_1_25' title='bbox 630 499 804 551; x_wconf 77' lang='lat' dir='ltr'><strong>gravior</strong></span> <span class='ocrx_word' id='word_1_26' title='bbox 825 500 951 540; x_wconf 91' lang='lat' dir='ltr'><strong>annis</strong></span> <span class='ocrx_word' id='word_1_27' title='bbox 972 514 980 550; x_wconf 86' lang='lat'>;</span> <span class='ocrx_word' id='word_1_28' title='bbox 1013 500 1138 552; x_wconf 91' lang='lat' dir='ltr'><strong>Joan.</strong></span> <span class='ocrx_word' id='word_1_29' title='bbox 1165 511 1229 539; x_wconf 85' lang='lat'><strong>20.</strong></span> 
     </span>
    </p>

    <p class='ocr_par' dir='ltr' id='par_1_3' title="bbox 287 572 1759 1209">
     <span class='ocr_line' id='line_1_5' title="bbox 380 572 1757 627; baseline 0.001 -16"><span class='ocrx_word' id='word_1_30' title='bbox 380 577 435 612; x_wconf 83' lang='lat'><strong>20.</strong></span> <span class='ocrx_word' id='word_1_31' title='bbox 474 572 696 613; x_wconf 75' lang='lat' dir='ltr'>Habenda</span> <span class='ocrx_word' id='word_1_32' title='bbox 725 580 791 613; x_wconf 89' lang='lat' dir='ltr'><strong>est</strong></span> <span class='ocrx_word' id='word_1_33' title='bbox 821 575 954 614; x_wconf 88' lang='lat' dir='ltr'><strong>etiarn</strong></span> <span class='ocrx_word' id='word_1_34' title='bbox 978 575 1089 615; x_wconf 86' lang='lat' dir='ltr'><strong>ratio</strong></span> <span class='ocrx_word' id='word_1_35' title='bbox 1123 588 1283 615; x_wconf 82' lang='lat' dir='ltr'><strong>sexus:</strong></span> <span class='ocrx_word' id='word_1_36' title='bbox 1317 588 1458 627; x_wconf 89' lang='lat' dir='ltr'><strong>neque</strong></span> <span class='ocrx_word' id='word_1_37' title='bbox 1481 574 1596 613; x_wconf 87' lang='lat' dir='ltr'><strong>enim</strong></span> <span class='ocrx_word' id='word_1_38' title='bbox 1620 573 1757 621; x_wconf 91' lang='lat' dir='ltr'><strong>decet,</strong></span> 
     </span>
     <span class='ocr_line' id='line_1_6' title="bbox 290 647 1756 698; baseline 0.001 -13"><span class='ocrx_word' id='word_1_39' title='bbox 290 652 339 686; x_wconf 94' lang='lat' dir='ltr'><strong>ut</strong></span> <span class='ocrx_word' id='word_1_40' title='bbox 366 647 445 686; x_wconf 86' lang='lat' dir='ltr'><strong>viri</strong></span> <span class='ocrx_word' id='word_1_41' title='bbox 483 647 763 688; x_wconf 87' lang='lat' dir='ltr'><strong>foeminarum</strong></span> <span class='ocrx_word' id='word_1_42' title='bbox 795 649 837 688; x_wconf 91' lang='lat' dir='ltr'><strong>in</strong></span> <span class='ocrx_word' id='word_1_43' title='bbox 869 650 1113 689; x_wconf 89' lang='lat' dir='ltr'><strong>incedendo</strong></span> <span class='ocrx_word' id='word_1_44' title='bbox 1149 649 1392 698; x_wconf 88' lang='lat' dir='ltr'><strong>mollitiem,</strong></span> <span class='ocrx_word' id='word_1_45' title='bbox 1422 662 1473 688; x_wconf 90' lang='lat' dir='ltr'><strong>ac</strong></span> <span class='ocrx_word' id='word_1_46' title='bbox 1501 648 1756 688; x_wconf 79' lang='lat' dir='ltr'><strong>tarditatem</strong></span> 
     </span>
     <span class='ocr_line' id='line_1_7' title="bbox 290 721 1759 776; baseline 0.001 -16"><span class='ocrx_word' id='word_1_47' title='bbox 290 721 542 771; x_wconf 82' lang='lat' dir='ltr'><strong>imitentur3</strong></span> <span class='ocrx_word' id='word_1_48' title='bbox 576 723 693 774; x_wconf 93' lang='lat' dir='ltr'><strong>quod</strong></span> <span class='ocrx_word' id='word_1_49' title='bbox 717 724 895 775; x_wconf 88' lang='lat' dir='ltr'><strong>quidem</strong></span> <span class='ocrx_word' id='word_1_50' title='bbox 918 723 1196 776; x_wconf 77' lang='lat' dir='ltr'><strong>reprehendit</strong></span> <span class='ocrx_word' id='word_1_51' title='bbox 1220 724 1301 763; x_wconf 89' lang='lat' dir='ltr'><strong>Isa.</strong></span> <span class='ocrx_word' id='word_1_52' title='bbox 1329 735 1350 774; x_wconf 83' lang='lat'>3</span> <span class='ocrx_word' id='word_1_53' title='bbox 1375 737 1382 763; x_wconf 93' lang='lat'><strong>:</strong></span> <span class='ocrx_word' id='word_1_54' title='bbox 1416 721 1759 762; x_wconf 87' lang='lat' dir='ltr'><strong>“Ambulabant</strong></span> 
     </span>
     <span class='ocr_line' id='line_1_8' title="bbox 288 796 1756 850; baseline 0 -15"><span class='ocrx_word' id='word_1_55' title='bbox 288 796 476 848; x_wconf 89' lang='lat' dir='ltr'><strong>pedibus</strong></span> <span class='ocrx_word' id='word_1_56' title='bbox 499 797 598 845; x_wconf 90' lang='lat' dir='ltr'><strong>suis,</strong></span> <span class='ocrx_word' id='word_1_57' title='bbox 622 798 870 850; x_wconf 88' lang='lat' dir='ltr'><strong>composito</strong></span> <span class='ocrx_word' id='word_1_58' title='bbox 902 799 1042 850; x_wconf 77' lang='lat' dir='ltr'><strong>gradu</strong></span> <span class='ocrx_word' id='word_1_59' title='bbox 1077 797 1379 838; x_wconf 80' lang='lat' dir='ltr'><strong>incedebant.”</strong></span> <span class='ocrx_word' id='word_1_60' title='bbox 1443 798 1503 837; x_wconf 88' lang='lat' dir='ltr'><strong>Et</strong></span> <span class='ocrx_word' id='word_1_61' title='bbox 1535 797 1665 836; x_wconf 89' lang='lat' dir='ltr'><strong>Deut.</strong></span> <span class='ocrx_word' id='word_1_62' title='bbox 1692 797 1756 836; x_wconf 86' lang='lat'><strong>28.</strong></span> 
     </span>
     <span class='ocr_line' id='line_1_9' title="bbox 291 871 1756 925; baseline 0.001 -15"><span class='ocrx_word' id='word_1_63' title='bbox 291 874 311 890; x_wconf 89' lang='lat'>“</span> <span class='ocrx_word' id='word_1_64' title='bbox 327 871 499 911; x_wconf 89' lang='lat' dir='ltr'><strong>Tenera</strong></span> <span class='ocrx_word' id='word_1_65' title='bbox 531 871 686 911; x_wconf 90' lang='lat' dir='ltr'><strong>mulier</strong></span> <span class='ocrx_word' id='word_1_66' title='bbox 708 879 751 912; x_wconf 92' lang='lat' dir='ltr'><strong>et</strong></span> <span class='ocrx_word' id='word_1_67' title='bbox 774 873 972 920; x_wconf 87' lang='lat' dir='ltr'><strong>delicata,</strong></span> <span class='ocrx_word' id='word_1_68' title='bbox 996 886 1094 925; x_wconf 78' lang='lat' dir='ltr'><strong>quae</strong></span> <span class='ocrx_word' id='word_1_69' title='bbox 1118 887 1248 925; x_wconf 91' lang='lat' dir='ltr'><strong>super</strong></span> <span class='ocrx_word' id='word_1_70' title='bbox 1270 879 1432 912; x_wconf 87' lang='lat' dir='ltr'><strong>terram</strong></span> <span class='ocrx_word' id='word_1_71' title='bbox 1466 872 1633 925; x_wconf 80' lang='lat' dir='ltr'><strong>ingredi</strong></span> <span class='ocrx_word' id='word_1_72' title='bbox 1668 885 1756 911; x_wconf 90' lang='lat' dir='ltr'><strong>non</strong></span> 
     </span>
     <span class='ocr_line' id='line_1_10' title="bbox 287 945 1758 1000; baseline 0.001 -16"><span class='ocrx_word' id='word_1_73' title='bbox 287 945 475 994; x_wconf 87' lang='lat' dir='ltr'><strong>valebat,</strong></span> <span class='ocrx_word' id='word_1_74' title='bbox 500 959 579 985; x_wconf 91' lang='lat' dir='ltr'><strong>nec</strong></span> <span class='ocrx_word' id='word_1_75' title='bbox 608 947 733 998; x_wconf 90' lang='lat' dir='ltr'><strong>pedis</strong></span> <span class='ocrx_word' id='word_1_76' title='bbox 754 948 988 999; x_wconf 79' lang='lat' dir='ltr'><strong>vestigium</strong></span> <span class='ocrx_word' id='word_1_77' title='bbox 1020 946 1151 1000; x_wconf 80' lang='lat' dir='ltr'><strong>figere</strong></span> <span class='ocrx_word' id='word_1_78' title='bbox 1174 954 1353 1000; x_wconf 87' lang='lat' dir='ltr'><strong>propter</strong></span> <span class='ocrx_word' id='word_1_79' title='bbox 1382 946 1648 987; x_wconf 87' lang='lat' dir='ltr'><strong>mollitiem.”</strong></span> <span class='ocrx_word' id='word_1_80' title='bbox 1697 947 1758 986; x_wconf 87' lang='lat' dir='ltr'><strong>Et</strong></span> 
     </span>
     <span class='ocr_line' id='line_1_11' title="bbox 289 1020 1758 1083; baseline 0.001 -24"><span class='ocrx_word' id='word_1_81' title='bbox 289 1026 440 1060; x_wconf 89' lang='lat' dir='ltr'><strong>tamen</strong></span> <span class='ocrx_word' id='word_1_82' title='bbox 475 1020 518 1059; x_wconf 86' lang='grc' dir='ltr'><strong>Β.</strong></span> <span class='ocrx_word' id='word_1_83' title='bbox 541 1020 685 1083; x_wconf 83' lang='lat' dir='ltr'><strong>Maria</strong></span> <span class='ocrx_word' id='word_1_84' title='bbox 715 1034 894 1073; x_wconf 79' lang='lat' dir='ltr'><strong>gravem</strong></span> <span class='ocrx_word' id='word_1_85' title='bbox 927 1022 1106 1074; x_wconf 91' lang='lat' dir='ltr'><strong>quidem</strong></span> <span class='ocrx_word' id='word_1_86' title='bbox 1136 1035 1335 1074; x_wconf 77' lang='lat' dir='ltr'><strong>gressum</strong></span> <span class='ocrx_word' id='word_1_87' title='bbox 1368 1021 1572 1070; x_wconf 89' lang='lat' dir='ltr'><strong>habebat,</strong></span> <span class='ocrx_word' id='word_1_88' title='bbox 1595 1021 1671 1060; x_wconf 91' lang='lat' dir='ltr'><strong>sed</strong></span> <span class='ocrx_word' id='word_1_89' title='bbox 1702 1021 1758 1060; x_wconf 89' lang='lat' dir='ltr'><strong>ab</strong></span> 
     </span>
     <span class='ocr_line' id='line_1_12' title="bbox 292 1094 1757 1144; baseline 0 -10"><span class='ocrx_word' id='word_1_90' title='bbox 292 1095 413 1134; x_wconf 90' lang='lat' dir='ltr'><strong>omni</strong></span> <span class='ocrx_word' id='word_1_91' title='bbox 437 1094 620 1134; x_wconf 90' lang='lat' dir='ltr'><strong>mollitie</strong></span> <span class='ocrx_word' id='word_1_92' title='bbox 650 1101 879 1144; x_wconf 90' lang='lat' dir='ltr'><strong>remotum,</strong></span> <span class='ocrx_word' id='word_1_93' title='bbox 905 1103 951 1135; x_wconf 91' lang='lat' dir='ltr'><strong>ut</strong></span> <span class='ocrx_word' id='word_1_94' title='bbox 974 1097 1079 1136; x_wconf 88' lang='lat' dir='ltr'><strong>dicit</strong></span> <span class='ocrx_word' id='word_1_95' title='bbox 1111 1096 1417 1136; x_wconf 89' lang='lat' dir='ltr'><strong>Damascenus</strong></span> <span class='ocrx_word' id='word_1_96' title='bbox 1439 1096 1494 1135; x_wconf 90' lang='lat' dir='ltr'><strong>de</strong></span> <span class='ocrx_word' id='word_1_97' title='bbox 1521 1095 1622 1135; x_wconf 91' lang='lat' dir='ltr'><strong>Nat.</strong></span> <span class='ocrx_word' id='word_1_98' title='bbox 1649 1094 1757 1134; x_wconf 89' lang='lat' dir='ltr'><strong>Mar.</strong></span> 
     </span>
     <span class='ocr_line' id='line_1_13' title="bbox 292 1181 411 1209; baseline -0.008 0"><span class='ocrx_word' id='word_1_99' title='bbox 292 1183 349 1209; x_wconf 88' lang='lat' dir='ltr'><strong>or.</strong></span> <span class='ocrx_word' id='word_1_100' title='bbox 381 1181 411 1208; x_wconf 92' lang='lat'><strong>1.</strong></span> 
     </span>
    </p>

    <p class='ocr_par' dir='ltr' id='par_1_4' title="bbox 289 1242 1762 1817">
     <span class='ocr_line' id='line_1_14' title="bbox 380 1242 1761 1296; baseline -0.001 -14"><span class='ocrx_word' id='word_1_101' title='bbox 380 1243 598 1282; x_wconf 78' lang='lat' dir='ltr'><strong>Extrema</strong></span> <span class='ocrx_word' id='word_1_102' title='bbox 621 1244 784 1296; x_wconf 85' lang='lat' dir='ltr'><strong>quippe</strong></span> <span class='ocrx_word' id='word_1_103' title='bbox 807 1244 957 1284; x_wconf 89' lang='lat' dir='ltr'><strong>omnia</strong></span> <span class='ocrx_word' id='word_1_104' title='bbox 978 1244 1160 1284; x_wconf 90' lang='lat' dir='ltr'><strong>vitanda</strong></span> <span class='ocrx_word' id='word_1_105' title='bbox 1184 1250 1295 1284; x_wconf 91' lang='lat' dir='ltr'><strong>sunt.</strong></span> <span class='ocrx_word' id='word_1_106' title='bbox 1337 1243 1450 1284; x_wconf 80' lang='lat' dir='ltr'><strong>Sunt</strong></span> <span class='ocrx_word' id='word_1_107' title='bbox 1474 1243 1590 1283; x_wconf 91' lang='lat' dir='ltr'><strong>enim</strong></span> <span class='ocrx_word' id='word_1_108' title='bbox 1613 1242 1761 1295; x_wconf 83' lang='lat' dir='ltr'><strong>aliqui,</strong></span> 
     </span>
     <span class='ocr_line' id='line_1_15' title="bbox 291 1316 1761 1371; baseline -0.001 -14"><span class='ocrx_word' id='word_1_109' title='bbox 291 1323 339 1357; x_wconf 92' lang='lat' dir='ltr'><strong>ut</strong></span> <span class='ocrx_word' id='word_1_110' title='bbox 376 1318 437 1357; x_wconf 91' lang='lat' dir='ltr'><strong>ait</strong></span> <span class='ocrx_word' id='word_1_111' title='bbox 470 1317 736 1357; x_wconf 84' lang='lat' dir='ltr'><strong>Ambrosius</strong></span> <span class='ocrx_word' id='word_1_112' title='bbox 774 1318 798 1358; x_wconf 88' lang='lat' dir='ltr'><strong>l.</strong></span> <span class='ocrx_word' id='word_1_113' title='bbox 835 1330 864 1358; x_wconf 87' lang='grc' dir='ltr'><strong>Ι.</strong></span> <span class='ocrx_word' id='word_1_114' title='bbox 899 1318 983 1359; x_wconf 83' lang='lat' dir='ltr'><strong>Off.</strong></span> <span class='ocrx_word' id='word_1_115' title='bbox 1018 1333 1050 1359; x_wconf 91' lang='lat' dir='ltr'><strong>c.</strong></span> <span class='ocrx_word' id='word_1_116' title='bbox 1091 1320 1152 1359; x_wconf 86' lang='lat'><strong>18.</strong></span> <span class='ocrx_word' id='word_1_117' title='bbox 1183 1319 1257 1371; x_wconf 91' lang='lat' dir='ltr'><strong>qui</strong></span> <span class='ocrx_word' id='word_1_118' title='bbox 1293 1318 1454 1357; x_wconf 89' lang='lat' dir='ltr'><strong>sensim</strong></span> <span class='ocrx_word' id='word_1_119' title='bbox 1491 1316 1761 1357; x_wconf 90' lang='lat' dir='ltr'><strong>ambulando</strong></span> 
     </span>
     <span class='ocr_line' id='line_1_16' title="bbox 289 1391 1761 1445; baseline 0 -14"><span class='ocrx_word' id='word_1_120' title='bbox 289 1392 518 1431; x_wconf 78' lang='lat' dir='ltr'><strong>imitantur</strong></span> <span class='ocrx_word' id='word_1_121' title='bbox 550 1391 751 1432; x_wconf 91' lang='lat' dir='ltr'><strong>histricos</strong></span> <span class='ocrx_word' id='word_1_122' title='bbox 773 1399 935 1445; x_wconf 80' lang='lat' dir='ltr'><strong>gestus,</strong></span> <span class='ocrx_word' id='word_1_123' title='bbox 961 1396 981 1412; x_wconf 85' lang='lat'>“</span> <span class='ocrx_word' id='word_1_124' title='bbox 998 1399 1041 1433; x_wconf 90' lang='lat' dir='ltr'><strong>et</strong></span> <span class='ocrx_word' id='word_1_125' title='bbox 1064 1393 1189 1445; x_wconf 90' lang='lat' dir='ltr'><strong>quasi</strong></span> <span class='ocrx_word' id='word_1_126' title='bbox 1213 1393 1418 1445; x_wconf 75' lang='lat' dir='ltr'><strong>quaedam</strong></span> <span class='ocrx_word' id='word_1_127' title='bbox 1443 1391 1605 1431; x_wconf 86' lang='lat' dir='ltr'><strong>fercula</strong></span> <span class='ocrx_word' id='word_1_128' title='bbox 1636 1405 1761 1444; x_wconf 90' lang='lat' dir='ltr'><strong>pom—</strong></span> 
     </span>
     <span class='ocr_line' id='line_1_17' title="bbox 291 1466 1762 1519; baseline -0.001 -13"><span class='ocrx_word' id='word_1_129' title='bbox 291 1480 459 1519; x_wconf 80' lang='lat' dir='ltr'><strong>parum,</strong></span> <span class='ocrx_word' id='word_1_130' title='bbox 484 1472 527 1506; x_wconf 90' lang='lat' dir='ltr'><strong>et</strong></span> <span class='ocrx_word' id='word_1_131' title='bbox 559 1473 806 1506; x_wconf 89' lang='lat' dir='ltr'><strong>statuarum</strong></span> <span class='ocrx_word' id='word_1_132' title='bbox 841 1474 988 1507; x_wconf 90' lang='lat' dir='ltr'><strong>motus</strong></span> <span class='ocrx_word' id='word_1_133' title='bbox 1022 1468 1287 1515; x_wconf 88' lang='lat' dir='ltr'><strong>nutantium,</strong></span> <span class='ocrx_word' id='word_1_134' title='bbox 1321 1473 1364 1507; x_wconf 88' lang='lat' dir='ltr'><strong>et</strong></span> <span class='ocrx_word' id='word_1_135' title='bbox 1397 1467 1568 1519; x_wconf 90' lang='lat' dir='ltr'><strong>quoties</strong></span> <span class='ocrx_word' id='word_1_136' title='bbox 1599 1466 1762 1518; x_wconf 79' lang='lat' dir='ltr'><strong>gradus</strong></span> 
     </span>
     <span class='ocr_line' id='line_1_18' title="bbox 292 1540 1761 1594; baseline 0 -14"><span class='ocrx_word' id='word_1_137' title='bbox 292 1540 575 1590; x_wconf 84' lang='lat' dir='ltr'><strong>transferunt,</strong></span> <span class='ocrx_word' id='word_1_138' title='bbox 618 1541 823 1581; x_wconf 89' lang='lat' dir='ltr'><strong>modulos</strong></span> <span class='ocrx_word' id='word_1_139' title='bbox 870 1542 1087 1594; x_wconf 90' lang='lat' dir='ltr'><strong>quosdam</strong></span> <span class='ocrx_word' id='word_1_140' title='bbox 1137 1555 1309 1581; x_wconf 88' lang='lat' dir='ltr'><strong>servare</strong></span> <span class='ocrx_word' id='word_1_141' title='bbox 1351 1540 1618 1580; x_wconf 85' lang='lat' dir='ltr'><strong>videantur.”</strong></span> <span class='ocrx_word' id='word_1_142' title='bbox 1701 1541 1761 1580; x_wconf 87' lang='lat' dir='ltr'><strong>Et</strong></span> 
     </span>
     <span class='ocr_line' id='line_1_19' title="bbox 293 1615 1761 1668; baseline -0.001 -13"><span class='ocrx_word' id='word_1_143' title='bbox 293 1629 402 1655; x_wconf 79' lang='lat' dir='ltr'><strong>mox</strong></span> <span class='ocrx_word' id='word_1_144' title='bbox 445 1629 544 1655; x_wconf 92' lang='lat' dir='ltr'><strong>cum</strong></span> <span class='ocrx_word' id='word_1_145' title='bbox 588 1622 792 1655; x_wconf 78' lang='lat' dir='ltr'><strong>extrema</strong></span> <span class='ocrx_word' id='word_1_146' title='bbox 834 1617 877 1656; x_wconf 92' lang='lat' dir='ltr'><strong>in</strong></span> <span class='ocrx_word' id='word_1_147' title='bbox 921 1617 1209 1668; x_wconf 76' lang='lat' dir='ltr'><strong>ingrediendo</strong></span> <span class='ocrx_word' id='word_1_148' title='bbox 1252 1615 1542 1668; x_wconf 87' lang='lat' dir='ltr'><strong>reprehendit,</strong></span> <span class='ocrx_word' id='word_1_149' title='bbox 1576 1615 1637 1655; x_wconf 92' lang='lat' dir='ltr'><strong>sic</strong></span> <span class='ocrx_word' id='word_1_150' title='bbox 1674 1615 1761 1655; x_wconf 90' lang='lat' dir='ltr'><strong>ait:</strong></span> 
     </span>
     <span class='ocr_line' id='line_1_20' title="bbox 295 1690 1762 1743; baseline 0 -14"><span class='ocrx_word' id='word_1_151' title='bbox 295 1695 317 1711; x_wconf 88' lang='lat'>“</span> <span class='ocrx_word' id='word_1_152' title='bbox 333 1691 427 1730; x_wconf 91' lang='lat' dir='ltr'><strong>Nec</strong></span> <span class='ocrx_word' id='word_1_153' title='bbox 451 1691 493 1729; x_wconf 92' lang='lat' dir='ltr'><strong>in</strong></span> <span class='ocrx_word' id='word_1_154' title='bbox 518 1690 600 1730; x_wconf 89' lang='lat' dir='ltr'><strong>illis</strong></span> <span class='ocrx_word' id='word_1_155' title='bbox 623 1704 706 1743; x_wconf 77' lang='lat' dir='ltr'><strong>ego</strong></span> <span class='ocrx_word' id='word_1_156' title='bbox 728 1697 943 1743; x_wconf 84' lang='lat' dir='ltr'><strong>tanquam</strong></span> <span class='ocrx_word' id='word_1_157' title='bbox 968 1691 1301 1731; x_wconf 85' lang='lat' dir='ltr'><strong>simulacrorum</strong></span> <span class='ocrx_word' id='word_1_158' title='bbox 1325 1690 1490 1742; x_wconf 76' lang='lat' dir='ltr'><strong>effigies</strong></span> <span class='ocrx_word' id='word_1_159' title='bbox 1513 1690 1662 1742; x_wconf 92' lang='lat' dir='ltr'><strong>probo,</strong></span> <span class='ocrx_word' id='word_1_160' title='bbox 1683 1704 1762 1729; x_wconf 90' lang='lat' dir='ltr'><strong>nec</strong></span> 
     </span>
     <span class='ocr_line' id='line_1_21' title="bbox 293 1765 1210 1817; baseline 0 -13"><span class='ocrx_word' id='word_1_161' title='bbox 293 1766 336 1805; x_wconf 89' lang='lat' dir='ltr'><strong>in</strong></span> <span class='ocrx_word' id='word_1_162' title='bbox 361 1766 455 1804; x_wconf 85' lang='lat' dir='ltr'><strong>istis</strong></span> <span class='ocrx_word' id='word_1_163' title='bbox 478 1771 691 1817; x_wconf 87' lang='lat' dir='ltr'><strong>tanquam</strong></span> <span class='ocrx_word' id='word_1_164' title='bbox 716 1779 1004 1805; x_wconf 76' lang='lat' dir='ltr'><strong>excussorum</strong></span> <span class='ocrx_word' id='word_1_165' title='bbox 1030 1765 1210 1804; x_wconf 82' lang='lat' dir='ltr'><strong>ruinas.&#39;’</strong></span> 
     </span>
    </p>

    <p class='ocr_par' dir='ltr' id='par_1_5' title="bbox 293 1838 1765 2401">
     <span class='ocr_line' id='line_1_22' title="bbox 384 1838 1764 1891; baseline -0.001 -12"><span class='ocrx_word' id='word_1_166' title='bbox 384 1840 537 1880; x_wconf 86' lang='lat' dir='ltr'><strong>Cicero</strong></span> <span class='ocrx_word' id='word_1_167' title='bbox 567 1846 726 1887; x_wconf 90' lang='lat' dir='ltr'><strong>autem,</strong></span> <span class='ocrx_word' id='word_1_168' title='bbox 757 1851 786 1879; x_wconf 94' lang='grc' dir='ltr'><strong>Ι.</strong></span> <span class='ocrx_word' id='word_1_169' title='bbox 814 1839 912 1888; x_wconf 75' lang='lat' dir='ltr'><strong>Off,</strong></span> <span class='ocrx_word' id='word_1_170' title='bbox 939 1840 1235 1880; x_wconf 76' lang='lat' dir='ltr'><strong>“Cavendum</strong></span> <span class='ocrx_word' id='word_1_171' title='bbox 1267 1838 1366 1885; x_wconf 86' lang='lat' dir='ltr'><strong>est,”</strong></span> <span class='ocrx_word' id='word_1_172' title='bbox 1398 1839 1549 1891; x_wconf 91' lang='lat' dir='ltr'><strong>inquit,</strong></span> <span class='ocrx_word' id='word_1_173' title='bbox 1576 1841 1664 1878; x_wconf 87' lang='lat' dir='ltr'><strong>“ne</strong></span> <span class='ocrx_word' id='word_1_174' title='bbox 1687 1845 1764 1879; x_wconf 91' lang='lat' dir='ltr'><strong>aut</strong></span> 
     </span>
     <span class='ocr_line' id='line_1_23' title="bbox 293 1914 1762 1967; baseline -0.001 -13"><span class='ocrx_word' id='word_1_175' title='bbox 293 1915 578 1955; x_wconf 80' lang='lat' dir='ltr'><strong>tarditatibus</strong></span> <span class='ocrx_word' id='word_1_176' title='bbox 616 1921 792 1954; x_wconf 87' lang='lat' dir='ltr'><strong>utamur</strong></span> <span class='ocrx_word' id='word_1_177' title='bbox 827 1915 869 1954; x_wconf 91' lang='lat' dir='ltr'><strong>in</strong></span> <span class='ocrx_word' id='word_1_178' title='bbox 912 1928 1063 1967; x_wconf 80' lang='lat' dir='ltr'><strong>gressu</strong></span> <span class='ocrx_word' id='word_1_179' title='bbox 1099 1914 1382 1962; x_wconf 82' lang='lat' dir='ltr'><strong>mollioribus,</strong></span> <span class='ocrx_word' id='word_1_180' title='bbox 1419 1920 1465 1954; x_wconf 93' lang='lat' dir='ltr'><strong>ut</strong></span> <span class='ocrx_word' id='word_1_181' title='bbox 1499 1927 1762 1966; x_wconf 86' lang='lat' dir='ltr'><strong>pomparum</strong></span> 
     </span>
     <span class='ocr_line' id='line_1_24' title="bbox 295 1988 1765 2037; baseline -0.001 -9"><span class='ocrx_word' id='word_1_182' title='bbox 295 1989 468 2029; x_wconf 82' lang='lat' dir='ltr'><strong>ferculis</strong></span> <span class='ocrx_word' id='word_1_183' title='bbox 499 1988 662 2028; x_wconf 86' lang='lat' dir='ltr'><strong>similes</strong></span> <span class='ocrx_word' id='word_1_184' title='bbox 693 2003 788 2028; x_wconf 90' lang='lat' dir='ltr'><strong>esse</strong></span> <span class='ocrx_word' id='word_1_185' title='bbox 810 1989 1049 2037; x_wconf 86' lang='lat' dir='ltr'><strong>videamur,</strong></span> <span class='ocrx_word' id='word_1_186' title='bbox 1075 1995 1151 2028; x_wconf 88' lang='lat' dir='ltr'><strong>aut</strong></span> <span class='ocrx_word' id='word_1_187' title='bbox 1181 1989 1223 2028; x_wconf 90' lang='lat' dir='ltr'><strong>in</strong></span> <span class='ocrx_word' id='word_1_188' title='bbox 1254 1989 1608 2028; x_wconf 87' lang='lat' dir='ltr'><strong>festinationibus</strong></span> <span class='ocrx_word' id='word_1_189' title='bbox 1631 1989 1765 2028; x_wconf 89' lang='lat' dir='ltr'><strong>susci-</strong></span> 
     </span>
     <span class='ocr_line' id='line_1_25' title="bbox 294 2062 1763 2117; baseline 0 -15"><span class='ocrx_word' id='word_1_190' title='bbox 294 2064 470 2117; x_wconf 88' lang='lat' dir='ltr'><strong>piamus</strong></span> <span class='ocrx_word' id='word_1_191' title='bbox 502 2064 661 2102; x_wconf 87' lang='lat' dir='ltr'><strong>nimias</strong></span> <span class='ocrx_word' id='word_1_192' title='bbox 688 2063 969 2103; x_wconf 82' lang='lat' dir='ltr'><strong>celeritates.&#39;&#39;</strong></span> <span class='ocrx_word' id='word_1_193' title='bbox 1034 2063 1222 2103; x_wconf 84' lang='lat' dir='ltr'><strong>Basilius</strong></span> <span class='ocrx_word' id='word_1_194' title='bbox 1246 2063 1300 2102; x_wconf 91' lang='lat' dir='ltr'><strong>ad</strong></span> <span class='ocrx_word' id='word_1_195' title='bbox 1327 2062 1596 2115; x_wconf 81' lang='lat' dir='ltr'><strong>Gregorium,</strong></span> <span class='ocrx_word' id='word_1_196' title='bbox 1622 2062 1701 2115; x_wconf 88' lang='lat' dir='ltr'><strong>Ep.</strong></span> <span class='ocrx_word' id='word_1_197' title='bbox 1732 2074 1763 2102; x_wconf 85' lang='grc' dir='ltr'><strong>Ι.</strong></span> 
     </span>
     <span class='ocr_line' id='line_1_26' title="bbox 295 2137 1765 2190; baseline -0.001 -13"><span class='ocrx_word' id='word_1_198' title='bbox 295 2138 540 2177; x_wconf 88' lang='lat' dir='ltr'><strong>“Incessus</strong></span> <span class='ocrx_word' id='word_1_199' title='bbox 574 2152 652 2177; x_wconf 90' lang='lat' dir='ltr'><strong>nec</strong></span> <span class='ocrx_word' id='word_1_200' title='bbox 685 2138 808 2190; x_wconf 75' lang='lat' dir='ltr'><strong>piger</strong></span> <span class='ocrx_word' id='word_1_201' title='bbox 841 2138 907 2186; x_wconf 88' lang='lat' dir='ltr'><strong>sit,</strong></span> <span class='ocrx_word' id='word_1_202' title='bbox 932 2139 1129 2177; x_wconf 88' lang='lat' dir='ltr'><strong>animum</strong></span> <span class='ocrx_word' id='word_1_203' title='bbox 1157 2137 1419 2177; x_wconf 87' lang='lat' dir='ltr'><strong>dissolutum</strong></span> <span class='ocrx_word' id='word_1_204' title='bbox 1455 2151 1651 2189; x_wconf 79' lang='lat' dir='ltr'><strong>arguens,</strong></span> <span class='ocrx_word' id='word_1_205' title='bbox 1686 2151 1765 2177; x_wconf 90' lang='lat' dir='ltr'><strong>nee</strong></span> 
     </span>
     <span class='ocr_line' id='line_1_27' title="bbox 295 2211 1764 2265; baseline -0.001 -14"><span class='ocrx_word' id='word_1_206' title='bbox 295 2212 532 2252; x_wconf 88' lang='lat' dir='ltr'><strong>vehemens</strong></span> <span class='ocrx_word' id='word_1_207' title='bbox 563 2218 606 2251; x_wconf 90' lang='lat' dir='ltr'><strong>et</strong></span> <span class='ocrx_word' id='word_1_208' title='bbox 636 2212 861 2264; x_wconf 86' lang='lat' dir='ltr'><strong>impulsus,</strong></span> <span class='ocrx_word' id='word_1_209' title='bbox 887 2213 1077 2265; x_wconf 84' lang='lat' dir='ltr'><strong>impetus</strong></span> <span class='ocrx_word' id='word_1_210' title='bbox 1107 2211 1305 2251; x_wconf 68' lang='lat' dir='ltr'><strong>stultitize</strong></span> <span class='ocrx_word' id='word_1_211' title='bbox 1334 2211 1559 2264; x_wconf 76' lang='lat' dir='ltr'><strong>prodens.”</strong></span> <span class='ocrx_word' id='word_1_212' title='bbox 1624 2211 1686 2251; x_wconf 93' lang='lat' dir='ltr'><strong>Ut</strong></span> <span class='ocrx_word' id='word_1_213' title='bbox 1709 2212 1764 2251; x_wconf 88' lang='lat' dir='ltr'><strong>de</strong></span> 
     </span>
     <span class='ocr_line' id='line_1_28' title="bbox 296 2286 1764 2339; baseline -0.001 -13"><span class='ocrx_word' id='word_1_214' title='bbox 296 2286 452 2326; x_wconf 85' lang='lat' dir='ltr'><strong>Asella</strong></span> <span class='ocrx_word' id='word_1_215' title='bbox 473 2287 641 2339; x_wconf 79' lang='lat' dir='ltr'><strong>virgine</strong></span> <span class='ocrx_word' id='word_1_216' title='bbox 664 2287 812 2326; x_wconf 88' lang='lat' dir='ltr'><strong>scribit</strong></span> <span class='ocrx_word' id='word_1_217' title='bbox 849 2287 1151 2339; x_wconf 84' lang='lat' dir='ltr'><strong>Hieronymus</strong></span> <span class='ocrx_word' id='word_1_218' title='bbox 1171 2303 1178 2326; x_wconf 94' lang='grc'>;</span> <span class='ocrx_word' id='word_1_219' title='bbox 1213 2290 1232 2304; x_wconf 86' lang='grc'><em>“</em></span> <span class='ocrx_word' id='word_1_220' title='bbox 1250 2286 1343 2325; x_wconf 84' lang='lat' dir='ltr'><strong>Nec</strong></span> <span class='ocrx_word' id='word_1_221' title='bbox 1365 2287 1487 2335; x_wconf 85' lang='lat' dir='ltr'><strong>citus,</strong></span> <span class='ocrx_word' id='word_1_222' title='bbox 1512 2300 1590 2325; x_wconf 88' lang='lat' dir='ltr'><strong>nec</strong></span> <span class='ocrx_word' id='word_1_223' title='bbox 1613 2286 1764 2325; x_wconf 86' lang='lat' dir='ltr'><strong>tardus</strong></span> 
     </span>
     <span class='ocr_line' id='line_1_29' title="bbox 297 2362 528 2401; baseline 0 -1"><span class='ocrx_word' id='word_1_224' title='bbox 297 2362 528 2401; x_wconf 55' lang='lat' dir='ltr'><strong>incessusf&#39;</strong></span> 
     </span>
    </p>

    <p class='ocr_par' dir='ltr' id='par_1_6' title="bbox 299 2435 1765 2935">
     <span class='ocr_line' id='line_1_30' title="bbox 389 2435 1763 2487; baseline 0 -13"><span class='ocrx_word' id='word_1_225' title='bbox 389 2441 443 2485; x_wconf 78' lang='lat'><strong>30.</strong></span> <span class='ocrx_word' id='word_1_226' title='bbox 481 2435 703 2475; x_wconf 84' lang='lat' dir='ltr'><strong>Habenda</strong></span> <span class='ocrx_word' id='word_1_227' title='bbox 746 2442 811 2475; x_wconf 88' lang='lat' dir='ltr'><strong>est</strong></span> <span class='ocrx_word' id='word_1_228' title='bbox 846 2436 957 2475; x_wconf 85' lang='lat' dir='ltr'><strong>ratio</strong></span> <span class='ocrx_word' id='word_1_229' title='bbox 999 2436 1273 2483; x_wconf 84' lang='lat' dir='ltr'><strong>conditionis,</strong></span> <span class='ocrx_word' id='word_1_230' title='bbox 1313 2442 1355 2475; x_wconf 90' lang='lat' dir='ltr'><strong>et</strong></span> <span class='ocrx_word' id='word_1_231' title='bbox 1391 2449 1618 2487; x_wconf 80' lang='lat' dir='ltr'><strong>personae;</strong></span> <span class='ocrx_word' id='word_1_232' title='bbox 1661 2449 1763 2475; x_wconf 87' lang='lat' dir='ltr'><strong>nam</strong></span> 
     </span>
     <span class='ocr_line' id='line_1_31' title="bbox 299 2510 1764 2563; baseline 0.001 -14"><span class='ocrx_word' id='word_1_233' title='bbox 299 2510 419 2562; x_wconf 80' lang='lat' dir='ltr'><strong>regia</strong></span> <span class='ocrx_word' id='word_1_234' title='bbox 453 2523 641 2562; x_wconf 90' lang='lat' dir='ltr'><strong>persona</strong></span> <span class='ocrx_word' id='word_1_235' title='bbox 677 2511 869 2562; x_wconf 76' lang='lat' dir='ltr'><strong>graviter</strong></span> <span class='ocrx_word' id='word_1_236' title='bbox 906 2511 1094 2550; x_wconf 80' lang='lat' dir='ltr'><strong>incedit:</strong></span> <span class='ocrx_word' id='word_1_237' title='bbox 1132 2511 1302 2563; x_wconf 78' lang='lat' dir='ltr'><strong>privata</strong></span> <span class='ocrx_word' id='word_1_238' title='bbox 1340 2510 1373 2549; x_wconf 91' lang='lat' dir='ltr'><strong>si</strong></span> <span class='ocrx_word' id='word_1_239' title='bbox 1415 2511 1677 2562; x_wconf 79' lang='lat' dir='ltr'><strong>gravitatem</strong></span> <span class='ocrx_word' id='word_1_240' title='bbox 1721 2511 1764 2550; x_wconf 88' lang='lat' dir='ltr'><strong>in</strong></span> 
     </span>
     <span class='ocr_line' id='line_1_32' title="bbox 299 2574 1765 2638; baseline 0.001 -14"><span class='ocrx_word' id='word_1_241' title='bbox 299 2586 496 2638; x_wconf 80' lang='lat' dir='ltr'><strong>ingressu</strong></span> <span class='ocrx_word' id='word_1_242' title='bbox 540 2598 628 2624; x_wconf 84' lang='lat' dir='ltr'><strong>non</strong></span> <span class='ocrx_word' id='word_1_243' title='bbox 672 2591 824 2632; x_wconf 83' lang='lat' dir='ltr'><strong>servet,</strong></span> <span class='ocrx_word' id='word_1_244' title='bbox 869 2599 957 2625; x_wconf 85' lang='lat' dir='ltr'><strong>non</strong></span> <span class='ocrx_word' id='word_1_245' title='bbox 1001 2586 1062 2625; x_wconf 83' lang='lat' dir='ltr'><strong>ita</strong></span> <span class='ocrx_word' id='word_1_246' title='bbox 1104 2586 1310 2624; x_wconf 85' lang='lat' dir='ltr'><strong>decorum</strong></span> <span class='ocrx_word' id='word_1_247' title='bbox 1353 2574 1496 2624; x_wconf 68' lang='lat' dir='ltr'><strong>violat.</strong></span> <span class='ocrx_word' id='word_1_248' title='bbox 1563 2585 1765 2637; x_wconf 80' lang='lat' dir='ltr'><strong>Itemque</strong></span> 
     </span>
     <span class='ocr_line' id='line_1_33' title="bbox 301 2659 1764 2712; baseline 0 -13"><span class='ocrx_word' id='word_1_249' title='bbox 301 2660 529 2706; x_wconf 56' lang='lat' dir='ltr'><strong>Sacerdos</strong></span> <span class='ocrx_word' id='word_1_250' title='bbox 569 2666 612 2699; x_wconf 89' lang='lat' dir='ltr'><strong>et</strong></span> <span class='ocrx_word' id='word_1_251' title='bbox 655 2659 882 2711; x_wconf 77' lang='lat' dir='ltr'><strong>religiosus</strong></span> <span class='ocrx_word' id='word_1_252' title='bbox 925 2674 1015 2699; x_wconf 65' lang='lat' dir='ltr'><strong>sua]</strong></span> <span class='ocrx_word' id='word_1_253' title='bbox 1058 2674 1233 2712; x_wconf 88' lang='lat' dir='ltr'><strong>quoque</strong></span> <span class='ocrx_word' id='word_1_254' title='bbox 1274 2674 1473 2712; x_wconf 75' lang='lat' dir='ltr'><strong>personae</strong></span> <span class='ocrx_word' id='word_1_255' title='bbox 1516 2660 1674 2699; x_wconf 88' lang='lat' dir='ltr'><strong>serviat</strong></span> <span class='ocrx_word' id='word_1_256' title='bbox 1721 2661 1764 2699; x_wconf 90' lang='lat' dir='ltr'><strong>in</strong></span> 
     </span>
     <span class='ocr_line' id='line_1_34' title="bbox 300 2733 1760 2788; baseline 0 -14"><span class='ocrx_word' id='word_1_257' title='bbox 300 2733 571 2774; x_wconf 89' lang='lat' dir='ltr'><strong>ambulando</strong></span> <span class='ocrx_word' id='word_1_258' title='bbox 605 2748 782 2774; x_wconf 85' lang='lat' dir='ltr'><strong>necesse</strong></span> <span class='ocrx_word' id='word_1_259' title='bbox 815 2741 891 2783; x_wconf 90' lang='lat' dir='ltr'><strong>est,</strong></span> <span class='ocrx_word' id='word_1_260' title='bbox 917 2749 970 2774; x_wconf 90' lang='lat' dir='ltr'><strong>ne</strong></span> <span class='ocrx_word' id='word_1_261' title='bbox 1004 2735 1261 2787; x_wconf 79' lang='lat' dir='ltr'><strong>cujusquam</strong></span> <span class='ocrx_word' id='word_1_262' title='bbox 1295 2734 1491 2774; x_wconf 85' lang='lat' dir='ltr'><strong>offendat</strong></span> <span class='ocrx_word' id='word_1_263' title='bbox 1523 2741 1760 2788; x_wconf 89' lang='lat' dir='ltr'><strong>aspectum.</strong></span> 
     </span>
     <span class='ocr_line' id='line_1_35' title="bbox 301 2808 1764 2861; baseline 0.001 -13"><span class='ocrx_word' id='word_1_264' title='bbox 301 2809 472 2855; x_wconf 84' lang='lat' dir='ltr'><strong>Laicus‚</strong></span> <span class='ocrx_word' id='word_1_265' title='bbox 504 2815 547 2848; x_wconf 91' lang='lat' dir='ltr'><strong>et</strong></span> <span class='ocrx_word' id='word_1_266' title='bbox 580 2808 772 2861; x_wconf 79' lang='lat' dir='ltr'><strong>vulgaris</strong></span> <span class='ocrx_word' id='word_1_267' title='bbox 811 2810 844 2848; x_wconf 88' lang='lat' dir='ltr'><strong>si</strong></span> <span class='ocrx_word' id='word_1_268' title='bbox 878 2810 1126 2848; x_wconf 84' lang='lat' dir='ltr'><strong>contentius</strong></span> <span class='ocrx_word' id='word_1_269' title='bbox 1162 2809 1369 2857; x_wconf 81' lang='lat' dir='ltr'><strong>ambulet,</strong></span> <span class='ocrx_word' id='word_1_270' title='bbox 1402 2823 1489 2848; x_wconf 89' lang='lat' dir='ltr'><strong>non</strong></span> <span class='ocrx_word' id='word_1_271' title='bbox 1525 2816 1764 2849; x_wconf 90' lang='lat' dir='ltr'><strong>accusatur.</strong></span> 
     </span>
     <span class='ocr_line' id='line_1_36' title="bbox 305 2882 1553 2935; baseline -0.002 -11"><span class='ocrx_word' id='word_1_272' title='bbox 305 2883 520 2924; x_wconf 80' lang='lat' dir='ltr'><strong>Sacerdos</strong></span> <span class='ocrx_word' id='word_1_273' title='bbox 543 2889 586 2922; x_wconf 89' lang='lat' dir='ltr'><strong>et</strong></span> <span class='ocrx_word' id='word_1_274' title='bbox 609 2882 852 2923; x_wconf 86' lang='lat' dir='ltr'><strong>monachus</strong></span> <span class='ocrx_word' id='word_1_275' title='bbox 871 2883 991 2935; x_wconf 86' lang='lat' dir='ltr'><strong>justa</strong></span> <span class='ocrx_word' id='word_1_276' title='bbox 1015 2884 1294 2923; x_wconf 84' lang='lat' dir='ltr'><strong>accusatione</strong></span> <span class='ocrx_word' id='word_1_277' title='bbox 1316 2897 1403 2922; x_wconf 90' lang='lat' dir='ltr'><strong>non</strong></span> <span class='ocrx_word' id='word_1_278' title='bbox 1427 2889 1553 2923; x_wconf 90' lang='lat' dir='ltr'><strong>caret.</strong></span> 
     </span>
    </p>

    <p class='ocr_par' dir='ltr' id='par_1_7' title="bbox 390 2958 1761 3011">
     <span class='ocr_line' id='line_1_37' title="bbox 390 2958 1761 3011; baseline 0.001 -14"><span class='ocrx_word' id='word_1_279' title='bbox 390 2958 626 3011; x_wconf 86' lang='lat' dir='ltr'><strong>Propterea</strong></span> <span class='ocrx_word' id='word_1_280' title='bbox 669 2958 826 2998; x_wconf 87' lang='lat' dir='ltr'><strong>dicitur</strong></span> <span class='ocrx_word' id='word_1_281' title='bbox 869 2959 914 2998; x_wconf 85' lang='lat' dir='ltr'><strong>B.</strong></span> <span class='ocrx_word' id='word_1_282' title='bbox 950 2958 1215 2998; x_wconf 85' lang='lat' dir='ltr'><strong>Ambrosius</strong></span> <span class='ocrx_word' id='word_1_283' title='bbox 1268 2958 1489 3010; x_wconf 88' lang='lat' dir='ltr'><strong>quendam</strong></span> <span class='ocrx_word' id='word_1_284' title='bbox 1542 2958 1585 2998; x_wconf 93' lang='lat' dir='ltr'><strong>in</strong></span> <span class='ocrx_word' id='word_1_285' title='bbox 1637 2971 1761 2998; x_wconf 85' lang='lat' dir='ltr'><strong>suum</strong></span> 
     </span>
    </p>
   </div>
  </div>
 </body>
</html>
