1903 3197
651 157 732 202 De
762 157 1018 204 Examina
1477 157 1570 215 287

102 292 271 332 tatione
293 303 367 331 cor
387 287 610 342 tergere.’'l
652 288 712 328 Et
734 289 932 338 Basilius,
961 289 1093 328 Hom.
1144 288 1375 329 “Attende
1392 287 1508 338 tibi,”
1524 288 1569 328 in

102 363 210 404 illud
241 364 327 415 Job
364 374 394 403 Ι.
425 363 530 402 “Ne
560 362 669 402 forte
702 361 777 400 filii
811 361 896 400 mei
929 361 971 399 in
1004 362 1135 400 corde
1165 375 1245 401 suo
1279 362 1569 413 cogitaverint

105 437 223 477 mala
254 443 405 477 contra
442 435 624 483 Deum,”
655 436 742 475 ait:
787 435 983 474 “Merito
1017 434 1087 473 hic
1119 434 1266 485 justus
1298 435 1353 474 de
1386 441 1568 487 peccato

104 511 223 563 quod
246 516 312 551 est
328 511 371 550 in
393 510 569 550 latebris
591 523 642 549 ac
663 522 833 548 recessu
848 507 1105 556 verebatur;
1129 520 1230 546 nam
1254 521 1351 560 quae
1374 508 1567 548 hominis

102 590 170 625 est
191 584 396 632 conditio,
420 584 476 624 ad
500 584 657 623 mentis
679 588 820 622 errata
842 595 992 621 sumus
1014 580 1303 634 procliviores,
1324 594 1422 632 quae
1446 581 1563 620 enim

101 672 284 711 corpore
315 658 684 706 administrantur,
707 662 907 709 tempore
940 661 1073 707 atque
1106 654 1438 707 opportunitate
1460 667 1570 707 opus

102 731 280 781 habent,
314 732 495 771 ‘mentis
543 744 645 770 vero
693 730 984 783 cogitationes
1033 733 1262 768 momento
1313 727 1568 768 efficiuntur.

103 805 288 854 Deinde,
312 805 410 857 quis
438 804 609 845 occulta
638 819 737 857 quae
770 807 1079 857 perpetrantur
1109 801 1326 854 intelligit,
1356 815 1381 841 a
1413 801 1572 853 quibus

103 892 149 919 se
180 878 380 918 mundari
415 878 526 931 petit
562 877 740 918 David?
803 877 934 925 Nam,
969 881 1018 916 ut
1055 876 1173 915 idem
1212 874 1448 926 Gregorius
1484 875 1572 914 ait:

97 953 124 970 '“
138 951 235 992 Etsi
258 958 414 992 cuncta
436 939 570 1004 prava
592 965 735 1004 opera,
761 965 859 1003 quae
890 950 1132 1002 intelligere
1154 949 1311 1001 potuit,
1335 962 1572 988 conversus

101 1025 287 1077 quisque
309 1025 530 1073 devitavit,
554 1031 704 1065 tamen
726 1038 872 1065 coram
904 1024 1102 1064 districto
1130 1022 1287 1074 Judice
1310 1021 1383 1061 illa
1416 1022 1570 1074 magis,

100 1112 203 1151 quae
235 1112 322 1138 non
355 1098 570 1151 intelligit,
603 1099 872 1148 pertimescit
893 1095 961 1146 ;''2
1003 1097 1190 1148 ideoque
1221 1095 1278 1135 ob
1311 1095 1394 1134 hoc
1420 1095 1573 1148 lugen-

102 1170 210 1211 dum
233 1177 277 1211 et
298 1172 499 1212 subtilius
521 1172 564 1211 in
587 1185 666 1211 nos
689 1171 900 1223 metipsos
924 1168 1244 1222 inquirendum.
1309 1168 1423 1208 Cum
1446 1167 1574 1208 intel-

99 1244 257 1296 ligeret
292 1245 379 1296 Job
415 1258 477 1293 ea,
516 1259 615 1297 quae
648 1244 844 1297 aspectui
877 1243 1075 1294 subjecta
1113 1248 1248 1290 erant,
1282 1242 1380 1281 labe
1413 1254 1569 1290 carere,

103 1317 408 1369 suspicabatur
444 1331 499 1357 ne
535 1331 623 1370 qua
660 1318 771 1357 forte
813 1316 1035 1370 prolapsio
1078 1315 1255 1355 interior
1287 1314 1385 1353 filiis
1417 1315 1574 1355 lateret

103 1388 283 1439 inclusa,
321 1396 453 1442 atque
485 1391 543 1431 ob
575 1404 673 1431 eam
717 1404 808 1430 rem
850 1404 930 1443 pro
972 1388 1154 1429 occultis
1186 1388 1379 1440 peccatis
1413 1387 1572 1427 sacrifi-

100 1462 246 1512 cabat,
269 1463 573 1516 propheticam
600 1464 718 1504 illam
747 1464 1012 1504 sententiam
1035 1467 1235 1502 secutus:
1260 1460 1368 1499 “Ab
1391 1459 1574 1500 occultis

106 1535 216 1576 meis
246 1536 412 1577 munda
441 1551 522 1587 me,
547 1536 801 1578 Domine.”3
855 1538 1021 1577 Iterum
1051 1534 1251 1588 quamvis
1281 1540 1424 1574 totum
1454 1533 1573 1573 diem

108 1609 152 1648 in
203 1609 444 1650 benefactis
490 1611 741 1663 sanctisque
792 1610 1039 1651 actionibus
1088 1609 1382 1657 traducamus,
1424 1613 1575 1647 tamen

106 1681 204 1734 ipsa
241 1683 474 1724 benefacta
505 1684 540 1723 si
572 1684 805 1737 diligenter
842 1690 1088 1735 exacteque
1125 1681 1433 1729 dividerentur,
1468 1681 1575 1721 vitio

105 1767 197 1794 non
241 1761 397 1796 carent.
477 1757 768 1797 “Verendum
811 1757 926 1796 enim
977 1762 1043 1796 est
1094 1769 1149 1795 ne
1195 1755 1345 1795 multae
1390 1755 1576 1806 justitiae

107 1827 308 1876 nostrae‚”
352 1833 401 1868 ut
443 1829 693 1869 Bernardus
735 1831 808 1880 ait,
848 1833 1068 1882 “peccata
1109 1826 1434 1881 appareant;”4
1475 1841 1577 1868 con-

104 1900 308 1952 jiciamus
361 1902 492 1954 igitur
542 1903 692 1943 oculos
743 1904 788 1943 in
837 1902 1079 1950 benefacta,
1125 1901 1302 1954 quando
1355 1901 1577 1952 graviores

109 1986 242 2013 noxae
296 1987 383 2014 non
441 1977 647 2026 eminent,
699 1982 743 2016 et
804 1977 963 2016 mentis
1020 1975 1309 2015 intentionem
1367 1975 1576 2015 curiosius

101 2047 424 2097 examinemus,
473 2063 572 2101 quae
620 2064 738 2103 saepe
790 2051 834 2090 in
886 2050 935 2089 iis
978 2050 1122 2089 minus
1174 2054 1302 2098 recta,
1346 2048 1577 2100 minusque

108 2119 276 2160 sincera
328 2122 602 2174 reperiatur;
655 2123 854 2163 timenda
908 2124 1023 2162 enim
1087 2128 1189 2162 sunt
1250 2121 1376 2161 nobis
1429 2122 1575 2170 etiam,

109 2198 158 2232 ut
199 2194 408 2246 exemplo
449 2195 536 2246 Job
589 2195 826 2249 Gregorius
872 2196 1093 2244 admonet,
1151 2195 1391 2235 benefacta.
1455 2195 1578 2246 “Job

109 2265 274 2318 quippe
310 2266 465 2319 plenus
498 2274 591 2308 erat
623 2269 827 2321 operibus
857 2269 1055 2319 sanctis,’'
1099 2274 1147 2308 ut
1188 2268 1305 2308 idem
1341 2268 1578 2320 Gregorius

110 2339 183 2387 ait,
210 2342 282 2379 “et
303 2345 453 2380 tamen
477 2341 676 2382 dicebat:
710 2342 929 2382 ‘Verebar
945 2343 1096 2382 omnia
1118 2355 1250 2395 opera
1273 2340 1419 2381 mea.'5
1458 2340 1576 2393 Quid

106 2425 214 2464 ergo
247 2418 313 2452 est
342 2414 460 2465 quod
493 2415 602 2455 mira
632 2429 765 2468 opera
797 2415 970 2466 faciens,
993 2415 1088 2455 haec
1121 2415 1216 2468 ipsa
1248 2415 1380 2455 etiarn
1415 2415 1578 2455 faciens

107 2491 292 2535 veretur,
313 2500 413 2526 cum
435 2488 567 2528 dicit:
589 2489 787 2529 Verebar
808 2490 956 2529 omnia
978 2503 1111 2542 opera
1134 2502 1259 2540 mea3
1286 2489 1367 2528 nisi
1391 2488 1510 2540 quod
1534 2488 1578 2528 in

111 2559 250 2598 sancti
273 2560 352 2599 viri
381 2562 550 2602 actibus
575 2562 809 2615 verbisque
838 2562 1097 2615 colligimus,
1125 2568 1183 2612 ut,
1211 2563 1246 2601 si
1277 2562 1449 2615 placere
1478 2561 1576 2601 Deo

109 2632 322 2672 veraciter
355 2635 566 2687 cupimuS,
597 2643 834 2688 postquam
873 2650 1076 2689 perversa
1107 2636 1372 2688 subegimuS,
1406 2636 1501 2686 ipsa
1534 2634 1578 2673 in

106 2704 237 2744 nobis
261 2706 395 2745 etiam
418 2707 530 2747 bene
552 2715 677 2759 gesta
698 2709 946 2749 timeamus.
1001 2709 1132 2761 Saepe
1155 2709 1284 2757 enim,
1300 2714 1347 2747 ut
1365 2707 1482 2746 idem
1504 2705 1578 2756 ait,

99 2778 320 2818 nonnulla
359 2779 477 2820 bona
520 2787 668 2821 nostra
710 2781 1013 2822 latrocinantis
1051 2781 1203 2822 fraude
1244 2785 1438 2833 pereunt,
1476 2779 1580 2832 quia

99 2864 114 2908 ἔ
133 2867 250 2899 Moral.
268 2868 288 2900 l.
306 2877 357 2909 24.
376 2879 401 2901 c.
423 2877 471 2901 11.
536 2868 550 2888 2
569 2870 708 2903 Ibidem.
775 2869 788 2890 3
806 2871 893 2903 Psal.
915 2870 962 2902 18.
1028 2870 1042 2889 4
1059 2870 1099 2901 In
1116 2869 1212 2902 Cant.
1232 2869 1300 2902 Ser.
1319 2874 1368 2910 55.
1433 2866 1447 2887 ⁵
1461 2867 1528 2908 Job
1542 2875 1575 2909 9.
