1903 3197
248 205 271 234 2
281 202 342 248 54
566 191 645 237 De
677 178 867 237 ratione}
900 192 1090 238 vivendi
1130 193 1388 239 Societatis.

244 320 649 374 compungimini.”1
711 323 782 362 Ex
816 324 973 376 quibus
1002 326 1145 365 verbis
1179 324 1346 377 colligit
1384 325 1571 365 Basilius
1603 340 1712 378 quo-

239 395 392 435 tidiani
446 396 663 435 examinis
717 398 1033 447 necessitatem,
1084 398 1189 450 legit
1241 404 1388 438 autem
1442 399 1534 450 ipse
1585 398 1702 441 hunc

246 469 406 508 Psalmi
438 483 609 509 versum
652 469 783 522 paulo
825 471 961 511 aliter.
1033 471 1182 523 “Quae
1216 472 1395 521 dicitis,”
1434 473 1587 525 inquit,
1628 473 1708 514 “in

243 542 446 582 cordibus
468 544 631 583 vestris.
686 543 786 583 Hoc
809 544 904 584 est?
948 543 1059 597 Quae
1083 559 1160 597 per
1182 546 1298 584 diem
1322 559 1457 598 prava
1480 547 1706 598 cogitastis

243 616 432 665 consilia,
452 617 493 656 in
517 617 730 657 cubilibus
751 619 905 657 vestris
927 625 1126 670 tempore
1149 619 1308 670 quietis
1331 620 1555 672 castigate,
1574 620 1706 673 inque

242 704 319 730 vos
342 690 459 743 ipsos
482 690 807 742 inquisitionem
832 691 1080 732 instituite.'’
1124 691 1241 744 Quin
1265 693 1397 733 etiam
1423 707 1480 732 ex
1504 692 1587 733 hoc
1609 693 1706 735 loco

240 763 304 803 vir
337 763 535 814 Sanctus,
559 778 645 804 non
676 764 808 804 modo
831 766 1137 817 quotidianum
1169 780 1370 816 examen,
1394 781 1545 808 verum
1571 769 1705 808 etiam

241 838 544 890 rationemque
575 838 841 890 praecipuam
873 839 1089 879 examinis
1119 839 1295 891 colligit,
1319 854 1417 892 quae
1451 841 1493 880 in
1517 841 1704 881 formam

235 926 293 951 ico
325 912 408 951 sita
439 916 505 951 est
537 918 584 951 ut
615 911 811 963 quisquis
843 925 922 951 sua
953 913 1155 964 cogitata,
1189 913 1318 962 dicta,
1353 919 1430 953 aut
1461 914 1578 954 facta
1609 928 1707 967 per-

241 986 417 1037 pendat,
448 990 491 1023 et
519 998 617 1036 quae
648 983 850 1023 deflenda
878 989 990 1033 sunt,
1021 984 1191 1024 defleat.
1258 985 1448 1036 Subjicit
1471 987 1587 1026 enim
1618 988 1706 1028 sic:

244 1059 342 1098 “Et
379 1071 512 1109 quare
550 1070 637 1096 non
679 1056 734 1096 de
775 1057 929 1105 verbiS,
966 1062 1011 1096 et
1053 1057 1259 1109 operibus
1305 1058 1475 1098 locutus
1519 1066 1596 1107 est,
1631 1061 1707 1100 sed

243 1132 297 1171 de
334 1131 477 1183 pravis
515 1130 888 1182 cogitationibus?
951 1131 1024 1170 Ex
1063 1131 1310 1171 abundanti
1348 1131 1431 1171 hoc
1469 1132 1594 1172 dixit.
1658 1132 1707 1173 Si

243 1218 432 1257 namque
482 1217 616 1256 prava
667 1209 769 1243 sunt
819 1205 1078 1256 castiganda
1129 1205 1323 1253 consilia,
1371 1205 1511 1245 multo
1564 1206 1705 1259 magis

240 1284 419 1331 propter
451 1291 582 1329 opera
616 1282 659 1316 et
686 1277 820 1316 verba
851 1279 1191 1330 compungenda
1223 1283 1289 1318 est
1321 1277 1531 1319 anima.'’2

328 1350 458 1391 Alter
500 1356 565 1390 est
606 1350 737 1389 locus.
803 1350 1082 1390 “Meditatus
1124 1364 1222 1390 sum
1265 1357 1393 1391 nocte
1435 1365 1533 1391 cum
1576 1354 1707 1393 corde

243 1439 352 1473 meo,
378 1431 421 1464 et
453 1424 736 1471 exercitabar,
771 1430 813 1463 et
845 1424 1082 1476 scopebam
1114 1425 1317 1477 spiritum
1350 1424 1557 1465 meum.''3
1618 1426 1706 1478 Qui

242 1499 361 1539 locus
384 1510 653 1550 quamquam
680 1496 787 1536 alias
809 1497 865 1536 ab
887 1497 981 1536 aliis
1004 1497 1342 1550 explanationes
1364 1498 1485 1548 ferat,
1509 1505 1657 1539 tamen
1680 1513 1707 1540 a

242 1574 288 1613 B.
304 1571 569 1624 Augustino,
593 1576 636 1610 et
659 1570 765 1619 aliis
789 1570 843 1609 de
869 1577 1082 1610 nocturno
1106 1572 1312 1610 examine
1340 1571 1406 1611 his
1437 1572 1540 1623 ipsis
1562 1572 1704 1612 verbis

242 1646 473 1700 reponitur.
539 1644 826 1685 Scrutabatur
860 1644 941 1683 iste
978 1645 1179 1697 spiritum
1217 1657 1356 1693 suum,
1390 1651 1433 1684 et
1471 1659 1570 1684 cum
1609 1646 1704 1698 ipso

242 1721 394 1774 spiritu
428 1733 506 1759 suo
538 1718 810 1770 loquebatur,
835 1723 878 1756 et
905 1718 947 1756 in
977 1718 1072 1769 ipsa
1101 1718 1321 1757 locutione
1351 1718 1580 1769 garriebat.
1646 1719 1704 1760 Se

239 1796 384 1848 ipsum
428 1792 542 1832 enim
596 1791 907 1842 interrogabat,
949 1804 995 1830 se
1044 1792 1187 1843 ipsum
1231 1791 1528 1839 examinabat,
1572 1792 1615 1830 in
1657 1805 1704 1832 se

235 1868 377 1921 judex
417 1872 516 1906 erat.
594 1864 725 1916 Quod
765 1869 912 1903 autem
935 1864 1048 1903 haec
1086 1865 1359 1904 consuetudo
1397 1865 1618 1904 scrutandi
1656 1879 1702 1905 se

239 1942 384 1994 ipsum
423 1938 680 1993 quotidiana
715 1938 853 1985 fuerit,
892 1936 933 1977 S.
956 1937 1101 1977 David
1140 1937 1304 1977 indicat
1336 1938 1421 1977 alio
1459 1937 1566 1986 loco,
1602 1952 1703 1979 cum

238 2015 372 2056 dicit:
422 2013 641 2053 “Lavabo
682 2025 759 2064 per
800 2011 994 2062 singulas
1037 2017 1187 2051 noctes
1229 2011 1390 2051 lectum
1441 2025 1599 2060 meum,
1643 2013 1705 2053 la-

238 2088 401 2142 crymis
431 2088 539 2127 meis
562 2091 745 2126 stratum
770 2098 916 2124 meum
940 2084 1152 2137 rigabo.”4
1214 2085 1414 2125 Lavabat
1444 2092 1592 2126 autem
1624 2100 1703 2139 per

237 2161 431 2214 singulas
477 2166 627 2200 noctes
676 2159 837 2198 lectum
887 2171 1026 2207 suum,
1065 2159 1178 2209 quia,
1230 2164 1277 2198 ut
1327 2158 1433 2198 dicit
1486 2159 1702 2200 Basilius:

238 2235 453 2275 “Delicta
495 2247 572 2272 sua
610 2237 824 2284 perpetuo
861 2232 918 2270 ob
955 2231 1103 2271 oculos
1140 2231 1345 2280 habebat,
1385 2237 1428 2272 et
1465 2232 1573 2272 iram
1617 2234 1702 2274 Dei

237 2304 579 2361 expendebat.'’5

324 2380 546 2433 Judicium
571 2392 747 2430 quoque
770 2383 902 2429 atquc
925 2377 1160 2417 aestimatio
1184 2377 1446 2418 Sanctorum
1470 2380 1525 2419 ad
1555 2385 1702 2419 osten-

238 2454 429 2495 dendam
453 2452 698 2505 quotidiani
731 2450 947 2490 examinis
970 2451 1273 2491 necessitatem
1297 2451 1532 2503 plurimum
1555 2452 1699 2493 valere

237 2527 380 2577 debet,
402 2532 497 2566 tum
519 2512 627 2578 ⁴quia
658 2524 921 2565 Sanctorum
953 2530 996 2564 et
1019 2524 1255 2564 electorum
1285 2531 1352 2565 est
1373 2538 1472 2565 suas
1501 2525 1698 2577 quotidie

236 2602 431 2642 actiones
453 2600 651 2653 diligenti
683 2599 964 2650 inquisitione
990 2599 1216 2647 discutere,
1239 2604 1333 2638 tum
1356 2599 1459 2651 quia
1487 2600 1697 2652 praecipui

239 2675 401 2723 Sancti,
438 2674 512 2726 qui
554 2673 802 2725 religiosam
845 2671 1026 2724 professi
1070 2678 1171 2712 sunt
1211 2673 1360 2722 Vitam,
1401 2672 1530 2713 valde
1571 2672 1698 2713 nobis

237 2750 325 2789 suis
357 2748 529 2801 scriptis
564 2747 647 2788 hoc
681 2746 995 2787 commendant
1026 2759 1228 2786 examen.
1306 2746 1376 2786 De
1407 2760 1486 2786 usu
1518 2746 1698 2799 quidem

235 2837 287 2863 ac
343 2822 658 2863 consuetudine
720 2820 982 2861 Sanctorum
1029 2820 1073 2859 in
1120 2820 1398 2860 excutiendis
1451 2820 1698 2873 semetipsis

232 2910 247 2954 ᾖ
264 2911 384 2944 Psalm.
401 2921 432 2953 4.
493 2910 506 2929 2
524 2910 623 2943 Psalt.
641 2909 751 2943 Schol.
767 2909 800 2941 in
818 2909 902 2941 Psal.
917 2918 947 2950 4.
1007 2907 1021 2928 ³
1039 2908 1122 2941 Psal.
1140 2908 1189 2948 76.
1251 2907 1265 2927 4
1281 2908 1366 2942 Psal.
1381 2908 1411 2943 6.
1472 2908 1485 2928 ⁵
1502 2909 1544 2941 In
1556 2909 1692 2944 Locum.
