1903 3197
626 161 695 208 [κ
728 162 944 225 Regulas
977 162 1242 210 Modestia&
1582 172 1674 219 709

200 295 244 334 in
277 295 416 349 epulis
448 296 628 350 quidem
660 311 815 338 omnes
849 298 1000 340 Sancti
1033 299 1305 351 praecipiunt,
1333 303 1382 337 ut
1414 297 1475 337 ita
1507 295 1670 348 linguae

202 369 387 411 fraenum
422 371 680 425 injiciamus,
714 378 763 413 ut
795 374 977 413 omnino
1015 387 1070 413 ne
1104 373 1338 426 loquamur
1371 372 1562 425 quidem,
1593 370 1669 410 sed

202 452 417 498 perpetuo
438 448 771 501 arctissimoque
793 447 967 488 silentio
989 462 1070 488 nos
1092 449 1397 488 contineamus
1417 461 1424 495 ;
1451 446 1554 499 quia
1576 452 1668 485 tum

203 519 409 561 facillime
431 521 579 575 lingua
601 522 786 563 labitur:
811 537 860 562 ac
877 529 1112 576 propterea
1135 537 1160 563 a
1182 523 1345 563 sanctis
1368 522 1671 574 religiosarum

200 594 467 636 familiarum
492 597 752 638 Patriarchis
769 598 972 638 instituta
989 604 1055 638 est
1072 599 1185 638 inter
1203 598 1355 651 epulas
1373 597 1503 637 lectio
1522 596 1670 648 aliqua

204 669 260 709 de
282 670 411 711 rebus
433 671 602 721 divinis,
626 686 713 725 quo
737 672 905 713 facilius
927 673 1092 713 feratur
1113 672 1348 721 silentium,
1374 686 1453 712 nec
1488 672 1531 710 in
1563 671 1672 710 cibis

203 749 300 785 tota
331 759 455 786 mens
486 747 662 798 haereat,
695 748 771 788 sed
804 762 892 788 una
923 761 1023 788 cum
1056 761 1237 801 corpore
1269 761 1348 787 suo
1380 747 1545 800 pabulo
1578 745 1672 785 refi-

206 819 355 860 ciatur.

293 895 585 948 Augustinus,
620 898 663 937 in
706 898 813 950 Reg.
850 911 884 938 c.
925 909 1001 949 13:
1044 897 1196 938 “Cum
1239 896 1482 945 acceditis,''
1522 896 1675 949 inquit,

209 970 300 1010 “ad
339 985 551 1023 mensam,
580 973 722 1012 donec
759 973 860 1013 inde
893 973 1092 1026 surgatis,
1122 973 1242 1026 quod
1271 973 1396 1012 vobis
1434 972 1676 1012 secundum

208 1046 573 1087 consuetudinem
624 1047 785 1100 legitur
837 1048 930 1087 sine
981 1047 1172 1088 tumultu
1226 1054 1269 1087 et
1321 1046 1678 1087 contentionibus

209 1121 387 1161 audite:
440 1135 520 1162 nec
561 1122 704 1162 solum
745 1123 871 1162 vobis
912 1123 1059 1162 fauces
1101 1129 1278 1162 sumant
1319 1122 1477 1171 cibum,
1516 1121 1591 1161 sed
1636 1127 1679 1161 et

210 1209 336 1236 aures
368 1197 561 1237 esuriant
588 1198 770 1237 verbum
804 1196 924 1237 Dei.”

302 1271 429 1312 Idem
481 1271 701 1325 significat
745 1272 992 1325 Gregorius,
1031 1272 1087 1312 ad
1141 1272 1349 1313 Natalem
1394 1272 1679 1325 Episcopum,

212 1361 277 1400 ep.
318 1358 382 1399 30.
468 1348 593 1387 Idem
631 1361 808 1400 quoque
842 1348 1101 1397 Bernardus,
1136 1349 1190 1388 ad
1226 1348 1400 1388 Fratres
1433 1348 1487 1387 de
1527 1347 1683 1386 Monte

212 1422 311 1472 Dei,
344 1428 389 1462 et
427 1422 747 1472 Bonaventura,
780 1423 823 1462 in
858 1422 982 1476 Spec.
1014 1423 1145 1472 Disc.,
1180 1430 1224 1463 et
1255 1423 1367 1463 alibi.
1434 1422 1683 1471 Cassianus,

211 1496 236 1537 1.
271 1509 309 1547 4.
345 1497 401 1537 de
445 1498 550 1538 Inst.
585 1511 618 1538 c.
660 1508 719 1550 17.
756 1498 862 1538 dicit
903 1498 1267 1538 consuetudinem
1307 1512 1440 1538 sacra:
1485 1497 1685 1537 lectionis

212 1572 326 1612 inter
357 1573 626 1613 vescendum
668 1572 849 1613 fluxisse
890 1586 948 1612 ex
991 1572 1310 1626 Cappadocum
1354 1580 1489 1626 typ03
1524 1572 1685 1625 “Quos

214 1646 356 1697 nulli,⁷’
373 1648 526 1700 inquit,
545 1647 763 1688 “dubium
787 1654 852 1688 est
871 1661 958 1688 non
981 1654 1074 1688 tam
1097 1648 1333 1701 spiritualis
1357 1649 1686 1688 exercitationis

213 1736 356 1773 causa,
386 1736 520 1775 quam
558 1723 892 1776 compescendae
929 1723 1161 1776 superfluae
1198 1725 1443 1776 otiosaeque
1476 1723 1686 1763 confabu-

1119 1798 1137 1813 Η

213 1797 390 1838 lationis
418 1798 560 1851 gratia
590 1798 673 1838 hoc
699 1804 892 1838 statuere
913 1797 1112 1839 voluisse.
1202 1798 1463 1851 Ibidemque
1489 1799 1544 1838 de
1574 1799 1685 1838 miro

212 1873 530 1926 AEgyptiorum
563 1872 879 1913 monachorum
912 1874 1198 1926 maximeque
1223 1873 1685 1913 Tabennensiotarum

216 1947 391 1988 silentio
434 1949 546 1988 inter
575 1948 842 1988 vescendum
885 1953 1041 1988 narrat.
1112 1946 1237 2000 “Qui
1279 1949 1314 1987 si
1357 1947 1498 2000 quid‚'’
1532 1948 1685 2001 inquit,

216 2026 417 2064 “mensae
453 2024 731 2077 superinferri
765 2023 833 2064 vel
874 2023 1031 2063 auferri
1075 2023 1368 2063 necessarium
1411 2037 1505 2063 esse
1546 2024 1687 2076 pervi-

220 2099 375 2148 derint,
417 2099 563 2138 sonitu
604 2099 750 2151 potius
792 2112 926 2151 quam
968 2111 1075 2138 voce
1116 2098 1401 2151 significant.’'
1479 2098 1686 2140 Clemens

217 2187 321 2214 vero
346 2173 693 2224 Alexandrinus,
716 2173 740 2213 1.
769 2185 799 2213 1.
826 2174 999 2225 Paedag.
1025 2187 1057 2213 c,
1087 2184 1118 2213 Ι.
1143 2173 1274 2213 aliam
1298 2174 1513 2214 rationem
1545 2173 1685 2223 affert,

218 2262 295 2289 cur
330 2250 575 2289 cavendum
607 2249 663 2289 sit
696 2263 750 2289 ne
787 2249 900 2289 inter
931 2248 1253 2289 comedendum
1287 2248 1505 2301 loquaris:
1534 2249 1688 2303 “Quia

216 2323 303 2374 fit,'’
334 2325 476 2378 inquit
504 2328 631 2364 “vox
670 2324 887 2373 indecora,
918 2331 962 2364 et
998 2337 1085 2364 non
1123 2324 1229 2363 satis
1266 2337 1478 2377 expressa
1514 2338 1565 2364 ac
1601 2325 1688 2377 sig-

219 2400 432 2441 nificans:
476 2406 524 2441 ut
559 2414 658 2453 quae
690 2399 831 2453 plenis
868 2398 1063 2439 maxillis
1099 2399 1143 2438 in
1176 2405 1414 2452 angustum
1453 2405 1688 2450 coercetur,

221 2481 265 2516 et
296 2475 448 2529 lingua
479 2489 578 2528 quae
610 2475 880 2515 nutrimento
911 2475 1135 2528 premitur,
1158 2487 1185 2514 a
1211 2473 1399 2514 naturali
1431 2474 1689 2527 operatione

221 2552 468 2605 praepedita
504 2564 714 2603 oppressa
750 2550 842 2590 edit
876 2548 1206 2603 prolationem.’'
1266 2548 1433 2588 Verum
1472 2549 1692 2589 scribebat

221 2626 319 2671 haec
359 2626 576 2675 omnibus,
620 2638 707 2666 non
750 2625 961 2678 religiosis
1002 2629 1176 2664 tantum
1202 2636 1223 2673 ;,
1264 2623 1363 2663 ideo
1410 2623 1625 2663 rationem
1666 2637 1692 2664 e

224 2701 338 2741 civili
369 2701 606 2754 prudentia
635 2701 821 2753 petitam
854 2699 1009 2740 afferre
1040 2698 1206 2738 maluit.

310 2775 623 2817 Consabulatio
655 2776 800 2825 etiam,
822 2780 899 2815 aut
919 2773 1098 2814 hilarior
1125 2773 1360 2813 collocutio
1392 2773 1527 2812 animi
1559 2786 1692 2814 causa

225 2853 428 2893 instituta
461 2850 673 2903 majorem
706 2863 883 2903 quoque
919 2849 1082 2902 linguae
1116 2848 1375 2898 custodiam,
1407 2861 1458 2888 ac
1492 2848 1693 2888 modera-

223 2928 391 2969 tionem
419 2927 586 2980 exigit3
619 2926 722 2978 quia
743 2925 1025 2979 perpetuitas,
1048 2929 1092 2964 et
1113 2922 1345 2977 longitudo
1368 2927 1534 2963 mutuae
1557 2921 1690 2964 collo-
