1903 3197
787 175 881 221 393

128 715 652 770 OPUSCULUM
707 714 1534 768 DECIMUMTERTIUM.

166 843 242 893 DE
279 856 668 893 VALETUDINIS
712 855 990 892 HABENDA
1030 854 1287 892 RATIONE
1325 855 1509 903 JUXTA

370 917 864 956 CONSTITUTIONES
910 916 982 954 AC
1023 916 1292 953 REGULAS.

101 1039 477 1079 EXPLICABIMUS
533 1037 604 1077 hic
656 1051 729 1076 eas
780 1035 868 1076 sere
914 1049 1068 1076 omnes
1112 1035 1461 1076 Constitutiones
1513 1048 1565 1076 ac

100 1111 282 1164 regulas,
306 1126 404 1164 quae
427 1111 483 1150 ad
516 1111 766 1150 habendam
788 1109 1052 1150 valetudinis
1084 1109 1298 1149 rationem
1328 1110 1561 1162 pertinent.

102 1185 346 1238 Dupliciter
387 1191 534 1225 autem
577 1184 658 1225 hac
700 1185 756 1224 de
790 1198 834 1224 re
876 1183 995 1236 loqui
1038 1197 1284 1236 possumus
1309 1183 1377 1223 vel
1415 1184 1562 1236 quoad

100 1259 322 1306 tuendam,
357 1257 425 1298 vel
459 1258 514 1297 ad
553 1258 897 1310 recuperandam
932 1256 1230 1297 valetudinem
1265 1270 1365 1296 cum
1400 1257 1564 1296 amissa

100 1338 174 1371 est.
207 1330 598 1384 Quemadmodum
622 1338 770 1370 autem
798 1330 963 1371 tuenda
990 1331 1045 1369 sit
1071 1336 1260 1382 quatuor
1284 1330 1564 1382 potissimum

101 1404 447 1445 Constitutiones
479 1404 729 1453 ostendunt,
764 1404 821 1444 ob
855 1410 1045 1456 quatuor
1081 1403 1325 1455 praecipuas
1360 1416 1426 1442 res
1463 1416 1561 1455 quae

97 1478 152 1518 ad
199 1492 296 1518 eam
339 1478 551 1518 tuendam
592 1478 751 1518 valent.
813 1477 946 1518 Valet
988 1478 1116 1525 enim,
1163 1476 1366 1529 primum,
1409 1476 1564 1516 admo-

100 1565 201 1592 nere
243 1565 317 1591 eos
359 1553 432 1604 qui
474 1558 680 1604 prcesunt,
723 1565 822 1591 cum
875 1551 981 1603 quid
1029 1550 1383 1590 animadversum
1437 1549 1567 1590 suerit

99 1625 339 1665 valetudini
371 1624 439 1665 vel
473 1626 765 1665 necessarium
803 1639 908 1673 esse,
931 1624 999 1665 vel
1030 1625 1227 1672 noxium,
1260 1630 1303 1664 et
1331 1630 1563 1677 propterea

101 1705 220 1738 certa
242 1699 297 1738 de
315 1712 365 1738 ea
383 1698 457 1738 lex
475 1705 540 1738 est
558 1700 670 1739 inter
688 1698 925 1739 Summarii
944 1698 1116 1751 regulas
1132 1698 1208 1748 46;
1232 1697 1356 1749 cujus
1374 1698 1563 1737 initium:

101 1772 205 1812 “Ut
239 1773 375 1812 nimia
411 1772 659 1812 sollicitudo
697 1773 740 1811 in
775 1773 825 1812 iis
860 1771 963 1812 etc.''
1028 1772 1244 1820 Secundo,
1277 1771 1396 1811 valet
1438 1784 1564 1810 exer-

100 1846 250 1885 citatio
282 1846 484 1898 corporis,
511 1859 609 1897 quae
641 1854 696 1896 47
730 1844 927 1897 ejusdem
963 1845 1200 1886 Summarii
1236 1844 1565 1884 Constitutione

100 1919 405 1971 praescribitur.
469 1922 491 1938 “
510 1919 574 1959 Ut
606 1918 787 1971 aliqua,”
811 1919 964 1971 inquit,
990 1918 1262 1971 “corporalis
1291 1918 1563 1967 exercitatio,

101 2007 200 2045 quae
223 1999 266 2033 et
288 1994 484 2033 animum
518 1998 561 2032 et
593 2006 750 2045 corpus
782 1992 972 2044 adjuvet,
996 1992 1199 2032 omnibus
1232 1991 1335 2031 etc.”
1398 1991 1561 2039 Tertio,

101 2067 280 2119 prodest
324 2067 456 2106 etiam
499 2067 675 2106 tuendae
717 2065 957 2106 valetudini
998 2066 1041 2105 in
1084 2065 1342 2118 castigando
1384 2079 1566 2118 corpore

104 2140 350 2180 moderatio
376 2146 509 2192 atque
531 2140 776 2192 prudentia,
799 2152 853 2179 ne
880 2139 914 2179 si
941 2139 1098 2179 modus
1121 2140 1363 2180 excedatur
1390 2141 1433 2179 in
1455 2141 1565 2193 vigi-

102 2213 181 2262 liis,
201 2213 389 2265 jejuniis,
414 2219 457 2254 et
489 2213 532 2253 id
564 2226 703 2266 genus
734 2213 829 2253 aliis
860 2213 1181 2266 asperitatibus,
1205 2213 1445 2253 valetudini
1478 2214 1560 2266 ipsi

101 2288 415 2327 detrimentum
448 2287 684 2337 afferatur;
717 2287 817 2326 ideo
850 2287 951 2326 huic
985 2287 1273 2327 moderationi
1307 2293 1440 2340 atque
1463 2301 1564 2340 pru-

101 2361 265 2401 dentiae
287 2361 475 2401 consulit
497 2361 695 2413 ejusdem
719 2361 955 2402 Summarii
980 2360 1251 2401 Constitutio
1271 2363 1338 2412 48.
1378 2361 1563 2413 Quarto,

101 2435 292 2487 denique
332 2435 449 2475 valet
501 2435 701 2475 ordinata
741 2435 880 2475 victus
927 2434 1037 2474 ratio
1078 2448 1129 2474 ac
1170 2435 1474 2487 temperantia,
1517 2441 1562 2476 et

102 2506 263 2547 ideirco
291 2508 448 2561 jubent
472 2508 832 2557 constitutiones,
854 2509 987 2548 statui
1015 2513 1182 2548 certum
1205 2508 1363 2549 edendi
1386 2515 1562 2562 tempus

103 2580 303 2629 cubandi,
327 2583 545 2633 surgendi,
568 2583 686 2635 quod
718 2582 1010 2623 communiter
1030 2581 1313 2622 observetur.1
1356 2582 1417 2622 Et
1448 2582 1562 2623 inter

104 2652 374 2694 Communes
397 2655 592 2707 Regulas
613 2655 818 2708 prohibet
846 2655 920 2695 lex
947 2655 999 2695 16
1020 2668 1290 2707 quemquam
1312 2660 1441 2695 extra
1462 2668 1565 2696 con-

101 2734 225 2768 sueta
267 2734 467 2781 tempora
508 2729 667 2779 bibere,
698 2728 767 2769 vel
808 2734 936 2769 extra
968 2729 1151 2769 domum
1188 2729 1336 2769 cibum
1378 2741 1561 2777 sumere,

105 2800 349 2854 Superioris
381 2801 559 2855 injussu.
602 2801 755 2855 Atque
785 2801 882 2842 haec
918 2808 1106 2855 quatuor
1136 2802 1370 2855 praecipuae
1402 2801 1567 2856 regulae

674 2889 991 2932 1P.3.c.2.§2.
