1903 3197
336 223 425 279 176
654 218 732 263 De
764 217 955 263 ratione
989 217 1181 262 vivendi
1215 216 1474 263 Socz'etczlis.

419 351 551 391 Ratio
589 365 717 403 porro
755 351 848 403 ipsa
886 351 1112 403 perspicue
1154 350 1284 390 docet
1326 349 1592 389 tentationes
1630 349 1792 389 nemini

324 426 564 472 defuturas,
589 425 692 476 quia
722 438 850 464 nemo
879 438 964 464 non
988 424 1120 463 habet
1144 424 1342 463 inimicos
1366 437 1390 462 a
1414 423 1572 474 quibus
1595 422 1792 474 quotidie

330 505 551 539 tentatur:
584 512 771 545 carnem,
807 499 997 550 inquam,
1033 511 1183 545 suanm
1225 497 1464 545 mundum3
1500 502 1544 535 et
1581 502 1790 536 satanam.

332 573 519 614 Carnem
558 573 747 625 quidem,
786 573 899 624 quia,
933 578 981 611 ut
1019 573 1079 611 ait
1118 571 1399 622 RJacobus:
1440 570 1793 622 “Unusquisque

328 653 526 687 tentatur
566 662 591 687 a
643 647 995 699 concupiscentia
1043 659 1119 684 sua
1162 645 1419 691 abstractus,
1473 650 1516 683 et
1568 643 1795 683 111001115.”1

328 720 723 772 ·“U1msquisque,'’
763 720 915 771 inquit,
961 720 1063 770 quia
1107 732 1235 758 nemo
1279 731 1366 757 non
1409 732 1433 757 a
1477 731 1554 756 sua
1586 730 1714 756 carne
1752 724 1795 757 et

330 795 683 847 concupiscentia
725 800 929 833 tentatur.
1013 793 1233 831 Mundum
1286 798 1445 839 autem,
1500 792 1603 843 quia
1655 791 1794 830 bonos

328 869 604 909 continenter
656 869 922 920 insequitur3
976 873 1029 913 et,
1072 872 1119 905 ut
1161 867 1221 906 ait
1265 867 1308 906 B.
1348 866 1534 905 Paulus:
1590 865 1795 905 “Omnes

329 944 403 996 qui
427 945 496 996 pie
519 943 672 982 vvolunt
695 943 838 982 vivere
861 942 902 980 in
929 941 1113 986 Christo,
1138 940 1486 992 persecutionem
1511 938 1797 992 patiemim-,⁰2

333 1017 542 1057 “omnes''
568 1017 718 1069 inquit,
740 1016 960 1054 neminem
985 1015 1160 1066 excipit.
1199 1013 1410 1053 Satanan]
1430 1027 1542 1062 vero,
1563 1014 1664 1066 quia
1681 1019 1793 1053 teste

334 1092 486 1131 Petro:
521 1091 808 1141 “Tamquam
844 1089 911 1128 leo
947 1088 1108 1134 circuit,
1134 1101 1333 1139 quaerens
1369 1100 1499 1139 quem
1536 1086 1795 1136 devoret;'’3

332 1165 404 1204 ubi
438 1171 543 1204 nota
576 1164 680 1203 illud
707 1168 867 1215 “quem
890 1162 933 1211 ;''
959 1161 1178 1201 neminem
1204 1162 1332 1210 enim,
1357 1174 1487 1212 quem
1522 1174 1608 1200 non
1642 1167 1793 1207 tentet,

331 1238 509 1290 excipit,
553 1245 600 1277 ut
643 1237 751 1277 infra
794 1237 999 1276 dicemus.
1068 1236 1127 1275 Hi
1172 1241 1272 1274 sunt
1311 1236 1441 1287 igitur
1478 1241 1566 1274 tres
1604 1234 1794 1274 hominis

332 1312 491 1360 hostes,
516 1326 539 1351 a
563 1312 721 1364 quibus
744 1311 885 1350 omnis
908 1310 1164 1350 tentationis
1189 1309 1285 1348 sons
1308 1309 1468 1357 oritur;
1503 1316 1545 1348 et
1564 1322 1588 1348 a
1622 1309 1791 1360 quibus,

333 1386 429 1439 lege
482 1386 708 1433 ordinaria,
754 1385 961 1424 immunis
1011 1390 1076 1423 est
1129 1396 1268 1423 nemo.
1350 1383 1417 1422 De
1460 1383 1618 1434 quibus
1661 1382 1794 1421 etiam

334 1460 606 1500 Bernardus:
643 1464 662 1479 “
679 1458 1074 1504 Plaemuniendus,''
1100 1457 1252 1509 inquit,
1279 1461 1380 1496 “est
1407 1457 1581 1496 assidue
1605 1456 1795 1495 novitius

324 1540 483 1574 veontra
535 1534 830 1581 tentationes3
895 1538 942 1571 ut
997 1545 1097 1570 cum
1149 1544 1319 1570 servum
1367 1530 1461 1579 Dei,
1512 1530 1646 1582 gratis
1696 1529 1793 1568 Deo

332 1607 604 1655 servientem,
649 1621 735 1646 non
779 1612 948 1646 cessent
991 1605 1224 1646 sollicitare
1260 1604 1366 1644 vitia
1400 1603 1599 1644 mercede
1632 1602 1792 1642 oblatfe

332 1681 648 1727 delectationis,
703 1679 879 1720 diabolo
933 1685 1206 1732 suggerente,
1259 1692 1387 1718 carne
1444 1677 1793 1730 concupiscente,

333 1755 479 1795 seculo
516 1754 868 1807 concupiscenda
902 1752 1185 1806 ingerentes*
1249 1753 1400 1792 Idem:
1435 1751 1609 1799 “Hoc,’'
1642 1751 1794 1803 inquit,

334 1830 656 1881 “praemonitos
689 1842 766 1868 vos
796 1841 890 1867 esse
912 1827 1022 1875 volo,
1047 1827 1266 1866 neminem
1295 1840 1424 1878 super
1446 1833 1604 1865 terram
1628 1825 1794 1877 absque

332 1904 576 1942 tentatione
613 1903 841 1947 victurum,
875 1908 922 1941 ut
960 1901 1026 1940 cui
1065 1900 1176 1940 forte
1213 1900 1380 1940 toilitur
1416 1900 1572 1952 aliqua,
1612 1899 1792 1939 alteram

332 1990 507 2017 securus
540 1975 800 2029 expectet.''·''

420 2051 552 2104 Quod
596 2051 630 2090 si
673 2051 755 2091 hoc
797 2050 852 2090 de
894 2050 1011 2089 omni
1055 2049 1283 2089 hominum
1326 2062 1485 2101 genere
1521 2048 1792 2087 verissimum

333 2132 409 2174 est,
434 2132 481 2165 ut
505 2139 634 2165 nemo
658 2125 914 2165 tentationis
946 2125 1087 2163 omnis
1120 2123 1316 2163 funditus
1349 2136 1507 2175 expers
1537 2123 1620 2170 sit3
1655 2121 1794 2161 multo

331 2200 473 2239 verius
511 2200 552 2239 id
593 2205 767 2251 oportet
805 2212 898 2237 esse
941 2199 995 2237 de
1037 2197 1287 2237 hominibus
1330 2197 1501 2244 sanctis,
1541 2210 1678 2248 usque
1720 2197 1793 2248 qui

326 2274 388 2314 ad
426 2274 666 2326 perfectam
702 2273 829 2312 officii
869 2271 1043 2311 laudem
1079 2272 1336 2323 virtutisque
1372 2272 1578 2311 nituntur.
1662 2269 1793 2322 Quod

330 2347 471 2387 tribus
494 2347 674 2386 omnino
707 2346 948 2385 rationibus
981 2344 1283 2397 planissimum
1318 2345 1375 2385 fit.
1441 2345 1660 2384 Primum:
1694 2344 1795 2396 quia

326 2421 406 2474 qui
444 2420 650 2473 perfectae
689 2419 910 2460 sanctitati
949 2433 994 2459 se
1032 2419 1210 2467 dedunt,
1234 2433 1428 2472 pugnam
1465 2432 1563 2459 cum
1598 2419 1713 2458 vitiis
1751 2424 1794 2458 et

331 2509 430 2535 cum
485 2509 564 2534 sua
617 2495 696 2547 ipsi
751 2508 880 2535 carne
924 2499 1168 2546 capessunt.
1235 2494 1391 2546 Itaque
1434 2494 1539 2533 dum
1582 2493 1669 2532 suis
1713 2492 1792 2544 ipsi

332 2569 647 2622 cupiditatibus
691 2582 943 2621 repugnare,
988 2583 1121 2620 quam
1163 2568 1345 2620 obsequi
1400 2567 1579 2614 malunt,
1624 2579 1795 2619 pugnas

331 2643 535 2683 videlicet
577 2656 627 2682 ac
669 2643 935 2682 tentationes
978 2643 1278 2695 perpetiantur
1318 2648 1503 2694 oportet,
1547 2655 1655 2694 quas
1707 2654 1793 2680 non

331 2717 636 2770 perpetiuntur
672 2716 872 2756 homines
901 2716 1132 2769 voluptarii
1172 2731 1221 2756 ac
1258 2716 1444 2764 delicati,
1475 2716 1548 2768 qui
1582 2715 1668 2754 suis
1701 2714 1794 2754 libi-

324 2790 506 2830 dinibus
549 2797 682 2843 atque
733 2790 1078 2843 appetitionibus
1121 2790 1439 2843 obtemperant.
1525 2789 1636 2829 Haec
1679 2789 1792 2828 enim

634 2904 645 2923 ¹
667 2906 737 2946 Jac.
763 2914 788 2937 1.
925 2904 937 2923 '³
962 2914 990 2937 2.
1012 2906 1099 2937 Tim.
1121 2914 1148 2946 3.
1286 2903 1299 2922 3
1327 2914 1352 2936 1.
1374 2905 1443 2936 Pet.
1466 2911 1494 2945 5.

372 2955 385 2973 ⁴
409 2956 464 2987 Ad
483 2956 554 2988 frat.
572 2957 613 2988 de
631 2957 748 2988 Monte
766 2957 839 2988 Dei.
859 2957 878 2988 1.
900 2965 925 2988 1.
944 2968 970 2988 e.
990 2963 1017 2996 7.
1159 2961 1171 2973 ¹
1198 2956 1267 2988 Ser.
1288 2963 1315 2996 5.
1334 2956 1366 2987 111
1394 2956 1444 2987 Ps.
1471 2957 1493 2972 “
1506 2955 1571 2995 Qui
1587 2954 1749 2986 habitat.”
