1903 3197
344 194 361 224 1
380 194 436 238 14
653 180 733 226 De
767 181 955 227 ratione
988 180 1180 227 vivendi
1213 180 1475 227 Socz'etaz‘z's.

336 317 463 353 “non
486 318 628 353 cessat
650 314 921 367 impugnare,
940 328 1044 368 ergo
1067 328 1122 354 ne
1145 327 1316 354 cessare
1340 312 1520 366 quidem
1544 313 1804 365 poenitentia

336 387 505 428 debet.'’
558 387 712 441 Atque
734 388 769 428 is
792 389 983 441 quidem,
1009 388 1128 441 quod
1160 387 1456 441 praecipiebat,
1481 386 1668 439 agebat:
1701 400 1803 427 nam

338 467 539 502 extrema
558 461 650 513 jam
673 469 899 503 senectute
921 462 1157 512 confectus,
1181 468 1224 502 et
1246 461 1532 510 centenarius,
1556 460 1599 500 in
1623 461 1808 500 summis

338 534 505 576 deliciis
540 537 801 577 numerabat
834 537 980 577 oleum
1019 537 1250 589 attingere,
1283 541 1326 576 et
1359 536 1511 575 vinum
1546 535 1806 587 degustare;

338 615 382 649 et
417 611 550 650 modo
587 624 633 650 se
670 611 826 663 ipsum,
861 612 994 651 modo
1033 610 1283 651 daemonem
1323 609 1573 657 accusabat,
1605 609 1724 662 quod
1761 623 1808 650 se

337 683 635 736 voluptarium
668 685 942 733 reddidisset,
970 690 1013 724 et
1034 686 1183 725 vinum
1216 685 1367 724 bibere
1399 684 1628 736 coegisset.

429 757 663 810 Gregorius
705 773 881 811 quoque
919 760 1070 811 quanti
1114 759 1273 799 referat
1314 759 1370 799 ad
1407 759 1673 798 vincendum
1716 757 1808 797 dia—

338 830 491 871 bolum
542 831 733 884 affligere
781 833 975 873 animam
1025 847 1150 873 suam
1200 833 1350 885 paucis
1392 832 1537 872 verbis
1585 830 1805 871 ostendit:

341 905 614 955 “Afflictio,”
648 907 800 959 inquit,
837 910 859 927 “
881 907 1031 947 electae
1072 908 1242 955 mentis,
1275 907 1418 946 omnis
1451 906 1681 946 diabolicae
1713 911 1809 945 ten-

337 981 518 1022 tationis
550 981 870 1033 peremptorius
907 995 1056 1021 mucro
1096 979 1221 1020 est.''1
1284 980 1418 1019 Ratio
1451 980 1494 1019 id
1530 981 1670 1028 docet,
1703 980 1806 1031 quia

340 1054 619 1094 Pcenitentiae
662 1068 764 1093 usus
806 1054 1103 1093 humilitatem
1146 1054 1353 1101 continet,
1392 1052 1617 1092 humilitas
1658 1058 1808 1092 autem

338 1129 383 1167 in
406 1128 725 1167 tentationibus
755 1128 1010 1177 necessaria,
1035 1141 1134 1167 cum
1168 1127 1343 1179 superbi
1377 1127 1603 1166 daemones
1635 1127 1809 1179 impug-

339 1207 495 1241 nantes
528 1215 615 1241 una
646 1200 895 1241 humilitate
916 1201 1174 1251 vincantur;
1211 1201 1396 1250 Deinde,
1428 1201 1530 1253 quia
1561 1214 1639 1253 per
1670 1201 1810 1253 poeni-

339 1276 526 1316 tentiam
564 1275 790 1328 placamus
827 1276 953 1315 nobis
993 1276 1151 1324 Deum,
1187 1281 1235 1315 ut
1264 1276 1307 1314 in
1343 1275 1664 1315 tentationibus
1701 1274 1811 1314 ferat

341 1362 484 1402 opem.
540 1350 648 1389 Ideo
671 1355 714 1389 et
737 1350 783 1389 B.
800 1349 1025 1389 Antonius
1049 1350 1191 1389 dicere
1214 1349 1367 1389 solitus
1398 1355 1462 1389 est
1486 1349 1541 1389 ad
1572 1347 1810 1401 discipulos

340 1436 470 1462 suos:
504 1422 720 1463 “Credite
751 1422 869 1471 mihi,
901 1423 1173 1476 pertimescit
1205 1422 1394 1464 Satanas
1426 1422 1598 1475 piorum
1626 1421 1811 1474 vigilias,

340 1497 573 1546 orationes,
613 1496 792 1549 jejunia,
836 1497 1129 1537 voluntariam
1186 1496 1531 1550 paupertatexn.”
1609 1497 1808 1536 Danielis

342 1584 521 1623 quoque
551 1571 764 1610 exaudita
794 1578 859 1611 est
882 1572 1034 1619 oratio,
1060 1585 1147 1623 qua
1174 1571 1399 1623 affligebat
1425 1584 1471 1610 se
1500 1570 1544 1610 in
1574 1577 1811 1623 conspectu

344 1645 537 1694 Domini,
563 1647 586 1663 “
605 1645 678 1684 Ex
713 1645 783 1684 die
813 1645 967 1698 primo,
992 1659 1081 1697 quo
1113 1645 1298 1697 posuisti
1335 1659 1409 1684 cor
1437 1651 1562 1684 tuum
1596 1645 1652 1684 ad
1685 1644 1812 1685 intel—

343 1717 570 1770 ligendum
605 1724 652 1758 ut
684 1723 728 1758 te
763 1718 976 1771 affligeres
1019 1719 1061 1757 in
1097 1724 1334 1771 conspectu
1369 1718 1452 1757 Dei
1492 1718 1567 1766 tui,
1602 1717 1813 1758 exaudita

345 1798 447 1832 sunt
469 1792 603 1831 verba
625 1790 761 1831 tua.'’2

435 1865 594 1918 Neque
626 1865 768 1905 solum
802 1866 857 1905 ad
892 1866 1171 1918 impetranda
1203 1865 1330 1905 nobis
1362 1879 1413 1904 ea
1440 1878 1539 1916 quae
1572 1865 1665 1904 dixi
1698 1865 1816 1905 dona

349 1940 628 1979 Poenitentice
665 1940 735 1992 pie
773 1947 978 1992 suscepta
1009 1939 1167 1989 valent,
1192 1953 1342 1980 verum
1381 1939 1514 1979 etiam
1553 1939 1609 1979 ad
1647 1939 1814 1987 eadem,

347 2013 416 2055 vel
452 2014 536 2054 alia
570 2014 787 2066 proximis
822 2014 1109 2067 impetranda.
1174 2014 1292 2053 Nam
1328 2019 1371 2053 et
1406 2013 1552 2053 David
1589 2013 1644 2053 ad
1680 2014 1816 2065 impe—

347 2088 554 2129 trandam
592 2087 867 2140 deploratam
901 2088 994 2140 jam
1032 2087 1219 2127 salutem
1262 2087 1430 2139 parvuli
1474 2086 1549 2125 filii
1587 2086 1814 2138 jejunavit,

348 2168 392 2202 et
424 2163 645 2214 ingressus
677 2175 873 2201 seorsum
902 2161 1041 2212 jacuit
1072 2174 1203 2213 super
1233 2158 1424 2200 terram.3

437 2235 631 2288 Quartus
654 2235 943 2287 suscipiendae
962 2234 1233 2287 poenitentiae
1258 2233 1366 2279 finis,
1386 2234 1519 2273 etiam
1542 2233 1815 2281 commodus,

349 2309 495 2361 colligi
547 2315 695 2362 potest
736 2323 794 2349 ex
838 2308 1239 2349 Constitutionibus
1280 2322 1318 2360 p.
1355 2308 1391 2347 6.
1428 2321 1460 2347 c.
1499 2318 1533 2358 3,
1568 2320 1623 2346 ne
1674 2306 1816 2347 fervor

350 2384 527 2436 spiritus
559 2384 822 2436 refrigescat,
846 2383 1100 2423 intendatur
1131 2388 1173 2422 et
1206 2382 1418 2421 incitetur.
1483 2381 1665 2420 Excitat
1698 2381 1814 2420 enim

349 2458 624 2513 poenitentiae
674 2458 823 2498 creber
864 2471 966 2497 usus
1009 2457 1322 2496 dormitantem
1365 2455 1559 2503 animum
1603 2460 1646 2494 et
1687 2455 1817 2495 semi·

350 2531 564 2581 somnem,
602 2537 647 2571 et
683 2532 990 2584 experimento
1028 2531 1120 2582 jam
1163 2530 1300 2582 liquet
1336 2535 1509 2569 tantum
1547 2529 1602 2568 de
1639 2529 1816 2581 spiritus

352 2607 508 2648 ardore
531 2606 722 2658 deperdi,
748 2612 961 2657 quantum
991 2605 1044 2644 de
1076 2604 1349 2656 poenitentIae
1383 2603 1529 2642 studio
1552 2603 1815 2643 remittitur:

352 2694 452 2735 quae
475 2694 542 2720 res
564 2679 739 2732 impulit
763 2680 808 2719 B.
833 2685 1030 2719 nostrum
1054 2679 1228 2717 Patrem
1253 2683 1299 2717 ut
1317 2677 1508 2717 seniores
1531 2683 1574 2716 et
1593 2676 1815 2717 Professos

353 2760 564 2807 moneret,
587 2767 641 2794 ne
674 2754 950 2806 poenitentiae
987 2765 1114 2791 usum
1151 2751 1212 2791 ita
1249 2751 1521 2791 remitterent
1554 2757 1613 2799 ut,
1649 2750 1815 2791 fervore

625 2858 639 2889 1.
663 2860 704 2892 In
724 2868 736 2891 1
757 2860 840 2900 Reg.
860 2859 882 2892 1.
904 2864 932 2901 5.
954 2859 987 2889 in
1004 2869 1030 2890 c.
1051 2865 1097 2897 13.
1119 2869 1148 2889 v.
1170 2858 1199 2889 6.
1345 2856 1358 2876 ‘2
1382 2858 1469 2889 Dan.
1496 2865 1541 2888 [ο.

962 2908 976 2928 3
999 2918 1018 2941 2
1044 2909 1125 2951 Reg.
1151 2917 1199 2940 12.
