1903 3197
255 188 354 233 600
583 183 664 230 De
697 184 887 231 ratione
920 183 1114 231 vivendi
1146 184 1407 232 Socz'etcztz's.

253 319 336 360 tati
374 318 673 369 adversantur,
706 332 794 371 qua
830 319 928 372 quis
963 318 1099 359 talem
1136 333 1183 360 se
1223 319 1393 373 praebet
1428 319 1472 359 in
1509 319 1637 360 dictis
1674 334 1725 361 ac

254 393 384 435 factis
426 393 567 447 qualis
610 399 676 434 est
716 393 843 434 intus.
927 393 1099 435 Tamen
1148 395 1192 435 id
1245 408 1332 435 non
1385 393 1599 447 prohibet,
1638 409 1727 449 quo

256 469 403 509 minus
434 469 741 521 corrigendum
774 470 830 509 sit
857 475 1025 509 naturae
1047 469 1215 519 vitium,
1238 469 1340 510 licet
1371 469 1565 510 studium
1597 470 1729 511 affec-

255 543 438 585 tationis
460 544 613 584 abesse
635 544 823 584 debeat:
856 557 959 584 nam
991 544 1108 584 idem
1133 544 1399 585 Ambrosius
1428 544 1501 597 qui
1535 552 1730 586 removet

257 619 599 667 affectationem,
643 618 795 659 laudat
836 619 1111 672 diligentiam
1155 625 1199 659 et
1236 619 1580 659 correctionem:
1623 618 1646 659 l.
1695 631 1727 659 I.

257 693 328 734 off.
353 708 386 734 c.
410 694 446 734 8.
510 692 670 741 “Ars,”
694 693 847 746 inquit,
872 694 1032 742 “desit,
1063 707 1151 734 non
1184 693 1298 734 desit
1330 692 1577 733 correctios’

347 768 538 809 Sextum
574 767 764 820 denique
798 781 936 820 genus
971 781 1122 807 eorum
1155 773 1222 808 est
1254 773 1466 816 motuum,
1496 768 1539 807 in
1571 767 1732 821 quibus

258 843 457 891 cernitur,
482 847 531 882 ut
554 842 660 891 dixi,
683 842 877 894 gravitas
899 855 999 881 cum
1029 841 1280 882 humilitate
1302 841 1545 894 conjuncta.
1609 841 1732 895 Quo—

257 917 377 958 niam
414 917 525 957 tanti
568 922 634 956 est
671 916 789 969 apud
831 915 1033 956 homines
1075 917 1280 969 gravitas,
1314 917 1557 969 praesertim
1599 917 1634 956 si
1675 917 1733 957 sit

255 991 507 1032 humilitate
540 990 729 1039 condita,
755 997 802 1031 ut
828 990 897 1031 vel
934 990 1051 1030 leves
1087 990 1288 1030 homines
1322 1005 1469 1031 corarn
1498 991 1600 1031 viris
1632 1006 1732 1045 gra—

257 1067 384 1107 vibus
405 1079 452 1106 se
481 1071 762 1118 componant,
785 1079 1052 1118 omnemque
1084 1065 1310 1106 levitatem
1344 1066 1524 1106 missam
1557 1066 1730 1107 faciant.

258 1140 394 1195 Quod
436 1141 479 1180 in
520 1140 607 1193 Job
649 1140 835 1193 perspici
877 1147 1035 1194 potest,
1073 1140 1116 1180 in
1159 1154 1246 1194 quo
1288 1146 1414 1181 tanta
1455 1141 1596 1181 inerat
1628 1141 1731 1181 vitze

257 1216 462 1270 gravitas,
485 1221 534 1255 ut
558 1215 628 1255 vel
663 1215 888 1255 liberiores
922 1215 1143 1268 solutique
1176 1214 1377 1255 homines
1411 1216 1469 1256 ab
1503 1215 1596 1268 ejus
1630 1229 1732 1256 con-

256 1296 410 1344 spectu
443 1304 489 1330 se
511 1288 834 1330 subducerent}
897 1290 1195 1340 “Videbant,'’
1226 1290 1378 1343 inquit,
1404 1293 1511 1330 “me
1536 1290 1732 1342 juvenes,

258 1370 304 1406 et
339 1363 707 1415 abscondebant‚”
732 1379 763 1405 6.
799 1375 864 1417 29.
945 1364 1075 1405 Hanc
1112 1365 1376 1418 gravitatem
1409 1378 1581 1405 morum
1618 1365 1732 1405 tanti

258 1439 364 1480 facit
417 1440 551 1489 Deus,
596 1446 643 1480 ut
696 1439 835 1479 Beata
875 1439 1013 1492 Virgo
1064 1440 1286 1480 monuisse
1340 1440 1512 1492 legatur
1553 1439 1732 1479 Musam

256 1514 452 1568 puellam
487 1514 607 1555 brevi
643 1514 914 1563 morituram,
938 1513 1045 1554 nihil
1080 1520 1128 1554 ut
1157 1514 1251 1554 leve
1281 1520 1324 1555 et
1352 1513 1519 1568 puerile
1550 1519 1732 1567 gereret,

258 1595 303 1630 et
344 1595 393 1629 ut
433 1603 460 1630 a
501 1589 586 1629 risu
619 1589 819 1642 jocisque
851 1589 1100 1630 abstineret.
1136 1589 1258 1642 Lege
1289 1589 1328 1630 d.
1365 1601 1395 1628 Ι.
1428 1603 1461 1629 6.
1490 1587 1517 1643 §
1547 1602 1588 1640 4.
1616 1602 1730 1642 spec.

257 1677 317 1704 ex
354 1676 392 1715 4.
425 1663 450 1704 l.
484 1664 583 1704 dial.
619 1663 665 1703 B.
701 1663 830 1716 Greg.
923 1663 1126 1705 Gravitas
1169 1664 1286 1703 enim
1328 1677 1500 1704 morum
1544 1663 1734 1704 aedifica-

257 1739 427 1779 tionem
459 1739 585 1792 parit,
617 1738 772 1778 levitas
804 1738 1015 1787 destruit;
1059 1745 1107 1778 ut
1138 1739 1173 1778 si
1205 1752 1324 1791 saepe
1356 1739 1584 1788 movearis,
1609 1737 1734 1778 habi-

257 1818 444 1866 tumque
482 1818 525 1853 et
563 1812 749 1866 figuram
785 1820 955 1861 1nutes;
993 1813 1036 1853 id
1075 1813 1192 1853 enim
1226 1818 1292 1853 est
1324 1812 1499 1865 signum
1532 1813 1733 1861 levitatis,

259 1893 375 1929 teste
416 1887 727 1928 Alexandrino
767 1887 1008 1929 Clemente.
1073 1888 1200 1937 Item,
1244 1888 1279 1927 si
1317 1888 1374 1928 sis
1409 1894 1641 1941 promptus
1676 1888 1734 1929 ad

261 1963 409 2013 risum,
443 1964 478 2003 si
517 1977 635 2016 saepe
670 1963 818 2003 vultus
857 1969 991 2015 atque
1027 1976 1103 2003 ora
1140 1968 1295 2012 mutes,
1330 1963 1365 2002 si
1403 1963 1563 2003 crebris
1600 1962 1736 2003 utaris

262 2038 377 2078 inter
422 2038 694 2091 loquendum
741 2039 981 2091 digitorum
1028 2037 1220 2091 argutiis.
1304 2037 1553 2077 Levitatem
1600 2037 1734 2078 etiam

264 2120 454 2165 arguunt
489 2119 641 2166 gestus
676 2113 859 2166 quidam
894 2126 1119 2163 manuum,
1142 2126 1253 2165 quos
1286 2112 1471 2153 damnat
1506 2112 1734 2153 Bonaven—

261 2194 371 2237 tura,
398 2188 523 2242 Spec.
559 2187 651 2228 Dis.
682 2201 715 2227 c.
747 2198 783 2239 7.
854 2187 902 2228 Si
932 2193 1092 2241 p1·aeter
1120 2188 1428 2228 necessitatem
1458 2186 1643 2227 alterum
1676 2187 1733 2227 ad

263 2263 488 2316 cingulum
531 2263 599 2303 vel
642 2277 822 2303 manum
865 2262 1048 2314 trahas3
1096 2263 1131 2302 si
1168 2262 1308 2311 flores,
1345 2276 1489 2315 poma,
1527 2261 1734 2302 baculum

263 2338 405 2378 otiose
446 2344 619 2391 gestes;
667 2338 701 2377 si
743 2337 968 2389 cingulum
1008 2337 1120 2376 inter
1150 2337 1314 2390 digitos
1346 2336 1563 2377 volvendo
1604 2342 1733 2385 rotes,

263 2417 307 2452 et
330 2412 373 2452 id
396 2425 534 2465 genus
557 2412 653 2460 alia,
674 2425 772 2464 quae
797 2410 921 2451 facile
943 2411 1061 2464 apud
1085 2424 1196 2459 eum,
1221 2424 1351 2463 quem
1375 2411 1469 2450 dixi
1495 2410 1733 2451 Doctorem

261 2487 464 2540 reperias,
502 2492 545 2526 et
577 2500 656 2526 nos
689 2485 813 2535 infra,
848 2499 947 2525 curn
985 2485 1041 2525 ad
1079 2484 1316 2537 singularia
1351 2491 1573 2538 praecepta
1605 2498 1734 2526 vene-

260 2562 407 2610 rimus,
432 2562 711 2614 attingemus.

349 2636 427 2677 Ad
468 2636 581 2676 hanc
619 2642 821 2676 motuum
861 2634 1199 2675 aedificationem
1236 2636 1320 2675 tria
1351 2634 1495 2675 valere
1537 2641 1731 2688 possunt.

263 2711 481 2751 Primum:
504 2711 699 2751 studium
724 2709 1073 2750 mortificationis
1097 2710 1274 2750 intimae.
1314 2709 1442 2758 Nam,
1459 2714 1505 2748 ut
1523 2709 1730 2758 diximus,

261 2786 532 2826 internorum
569 2791 771 2826 motuum
811 2785 982 2824 sedatio
1019 2798 1070 2824 ac
1105 2784 1386 2825 mortificatio
1418 2784 1544 2824 affert
1577 2797 1731 2837 pacem

259 2866 305 2901 et
340 2861 533 2914 quietem
566 2860 610 2900 in
644 2859 839 2900 moribus
872 2859 1174 2899 exterioribus.
1214 2859 1549 2899 Bonaventura:
1576 2858 1731 2898 “Mor-

873 2948 886 2968 1
909 2950 986 2991 Job.
1007 2960 1033 2981 c.
1056 2958 1109 2990 29.
