1903 3197
593 145 662 192 In
694 143 912 207 ngrulas
946 143 1019 190 M
1013 144 1206 191 oaestz‘ae.
1544 156 1636 204 703

622 347 679 374 DE
707 346 1052 374 CIRCUMSTANTIA
1081 346 1187 374 LOCI.

260 432 482 474 Habenda
522 438 589 473 est
628 432 759 486 igitur
794 432 986 485 primum
1025 433 1136 473 ratio
1178 432 1273 482 loci,
1310 438 1359 473 ut
1394 432 1636 485 modestiae,

170 520 223 548 ac
244 507 403 548 decoro
424 507 634 547 serviatur
651 520 660 556 ;
686 506 742 546 de
764 520 853 560 quo
884 507 945 547 sic
969 506 1087 560 Ugo,
1103 506 1159 547 de
1190 506 1330 548 Instit.
1348 507 1494 547 Novit.
1511 521 1543 548 c.
1565 516 1637 559 15:

171 581 326 623 “Cum
378 581 543 634 aliquid
594 580 738 621 dicere
777 579 995 630 volumus,
1038 581 1159 634 prius
1211 581 1285 622 ubi
1335 580 1443 621 illud
1495 581 1638 623 dicere

170 655 413 704 conveniat,
451 654 786 695 consideremus.
863 655 981 695 Nam
1023 655 1231 708 quaedam
1273 661 1377 696 sunt
1417 654 1524 704 loca,
1562 655 1637 697 ubi

170 729 393 771 silentium
416 728 679 769 servandum
697 735 782 770 est:
814 729 1020 782 quaedam
1041 743 1157 779 vero,
1175 729 1219 769 in
1240 730 1399 783 quibus
1420 728 1639 771 humanos

170 817 408 852 sermones,
438 803 553 844 idest
583 802 973 853 confabulationes,
1004 804 1132 844 edere
1164 804 1220 845 ad
1258 803 1517 845 alterutrum
1549 817 1637 845 non

169 878 282 927 licet,
306 877 409 919 etc.”
473 877 533 918 Et
561 890 696 919 mox:
719 878 892 920 “Unde
920 885 965 919 et
993 879 1040 920 B.
1063 878 1355 933 Augustinus,
1378 879 1422 919 in
1453 878 1639 932 Regula,

170 955 217 995 in
250 954 441 994 oratorio
479 952 585 994 nihil
621 954 846 1007 agendum
880 968 976 995 esse
1011 954 1119 996 dicit
1150 960 1311 1008 praeter
1341 954 1397 1004 id,
1427 954 1485 995 ad
1517 954 1637 1008 quod

172 1028 338 1070 facturn
366 1034 457 1079 est;
490 1027 696 1081 intelligit
720 1035 868 1070 autem
895 1029 978 1070 hoc
1000 1029 1279 1083 Augustinus
1306 1043 1394 1070 non
1417 1029 1558 1070 solum
1581 1030 1638 1071 de

169 1118 314 1158 opere,
339 1103 415 1144 sed
438 1104 571 1144 etiam
594 1104 649 1144 de
671 1104 925 1145 locutione.’'

261 1180 578 1228 Bonaventura,
603 1179 710 1231 Reg.
731 1179 841 1220 Nov.
858 1193 891 1220 c.
916 1188 962 1231 15
985 1193 993 1220 :
1027 1179 1180 1220 “Toto
1201 1185 1401 1233 tempore
1422 1180 1526 1220 vitae
1547 1185 1636 1220 tuae

172 1260 274 1296 tene
296 1254 494 1294 strictum
516 1253 738 1294 silentium
768 1255 812 1294 in
841 1253 959 1305 locis,
981 1260 1026 1295 et
1057 1255 1343 1308 temporibus¹
1361 1255 1633 1308 opportunis,

173 1333 218 1368 et
249 1328 305 1368 ad
337 1327 420 1368 hoc
452 1326 699 1368 ordinatis.’'

261 1400 538 1453 Quibusdam
567 1402 611 1441 in
642 1401 748 1442 locis
775 1408 901 1442 cavet
932 1404 1066 1443 etiarn
1096 1403 1247 1456 regula
1272 1409 1431 1451 nostra,
1455 1416 1510 1443 ne
1539 1403 1637 1456 quis

171 1475 386 1528 loquatur.
471 1476 579 1528 Reg.
624 1476 689 1517 26.
741 1491 800 1517 ex
851 1477 1170 1526 communibus,
1215 1476 1436 1526 “Nemo,”
1484 1478 1637 1530 inquit,

174 1552 195 1570 “
209 1550 425 1603 loquatur,
450 1550 531 1590 nisi
553 1549 696 1590 obiter
717 1557 760 1591 et
782 1551 1023 1604 perpaucis,
1046 1558 1122 1592 aut
1143 1552 1200 1592 de
1220 1552 1349 1592 rebus
1371 1552 1637 1602 necessariis,

171 1624 417 1679 praesertim
459 1625 503 1664 in
540 1624 735 1675 ecclesia,
769 1626 976 1675 sacristia,
1009 1632 1053 1666 et
1089 1626 1326 1667 refectorio.
1403 1627 1455 1666 In
1499 1627 1638 1668 Missa

172 1713 288 1749 vero,
326 1699 546 1749 concione,
584 1712 746 1748 mensa,
785 1699 1055 1750 lectionibus,
1095 1706 1139 1741 et
1179 1700 1563 1754 disputationibus,
1600 1702 1636 1742 si

168 1774 280 1828 ‹quid
312 1774 516 1827 privatim
547 1773 690 1814 dicere
722 1787 899 1815 necesse
930 1775 1021 1823 erit,
1049 1775 1314 1825 brevissime,
1345 1781 1389 1816 et
1420 1776 1638 1817 submissa

170 1861 281 1888 voce
313 1847 606 1900 suggeratur.'’

261 1922 396 1962 Adde
432 1921 489 1962 ad
524 1922 620 1962 haec
660 1922 757 1963 loca
792 1923 1102 1974 celebritatem,
1140 1930 1197 1964 et·
1220 1924 1455 1978 publicum.
1518 1925 1636 1966 Nam

170 2011 275 2040 cum
308 1998 351 2037 in
387 1997 612 2050 publicum
644 1997 950 2051 prodeundum
983 2005 1060 2048 est,
1091 1999 1386 2040 moderandus
1417 2006 1484 2040 est
1515 2001 1636 2041 omni

175 2073 345 2114 ratione
394 2086 547 2114 sermo.
627 2073 750 2113 Facit
801 2074 917 2114 enim
968 2074 1025 2114 ad
1077 2074 1332 2128 exemplum
1383 2075 1637 2128 hujusmodi

175 2147 402 2188 modestia.

264 2222 310 2262 B.
332 2221 469 2262 Isaias
485 2220 653 2271 AbbaS,
670 2220 741 2262 Or.
764 2233 808 2273 3:
835 2221 913 2263 “Si
936 2236 1035 2263 cum
1058 2223 1260 2264 fratribus
1282 2223 1364 2264 iter
1384 2224 1637 2277 susceperis,

174 2297 238 2337 ita
262 2303 306 2337 te
335 2295 547 2336 confirma
576 2302 624 2336 ut
652 2301 800 2336 taceas
816 2310 826 2347 ;
857 2297 900 2336 in
923 2297 1075 2338 itinere
1097 2311 1221 2338 mens
1253 2297 1296 2338 in
1327 2304 1474 2351 partes
1495 2298 1638 2339 varias

173 2384 230 2412 ne
266 2370 543 2421 distrahatur,
575 2370 652 2411 sed
689 2376 834 2411 tecum
871 2371 964 2425 ipse
1001 2372 1224 2422 meditare,
1258 2378 1335 2413 aut
1368 2373 1466 2413 Deo
1503 2372 1638 2414 funde

172 2459 324 2499 preces
356 2445 399 2484 in
431 2445 561 2485 corde
592 2444 704 2485 tuo.'’

262 2520 366 2572 Jure
399 2524 548 2559 autem
585 2520 629 2558 in
662 2520 933 2560 moderando
964 2534 1165 2561 sermone
1195 2521 1399 2562 habenda
1433 2528 1499 2562 est
1528 2522 1638 2562 ratio

173 2593 288 2645 loci;
325 2593 430 2647 quia
459 2593 571 2634 sicut
592 2594 636 2633 in
657 2593 753 2634 aliis
784 2593 1013 2635 hominum
1036 2596 1293 2645 actionibus,
1318 2596 1398 2636 nisi
1430 2595 1527 2636 loco
1558 2609 1638 2636 suo

174 2667 295 2717 fiant,
319 2668 514 2708 confusio
540 2681 591 2708 ac
621 2668 892 2721 perturbatio
923 2670 1096 2720 oriatur,
1118 2669 1391 2723 violeturque
1419 2670 1638 2720 decorum,

175 2742 239 2783 sic
280 2743 323 2782 in
366 2741 627 2796 proferendo
668 2756 880 2793 sermone,
923 2743 1005 2783 nisi
1046 2758 1126 2784 suo
1167 2744 1263 2785 loco
1304 2744 1558 2797 proferatur,
1594 2744 1639 2785 in

174 2817 335 2857 decoro
368 2821 582 2870 peccetur.
645 2816 762 2857 Nam
795 2817 830 2857 si
863 2817 936 2858 ubi
967 2817 1159 2859 orandus
1188 2825 1254 2859 est
1285 2818 1420 2869 Deus,
1443 2831 1640 2860 comesse

173 2891 295 2943 velis,
318 2897 395 2932 aut
418 2891 491 2933 ubi
521 2891 843 2933 comedendum
874 2898 940 2934 est
965 2892 1217 2944 sacrificare,
1241 2898 1317 2935 aut
1343 2894 1378 2935 si
1411 2894 1455 2934 in
1487 2894 1643 2936 mediis
