1903 3197
418 137 498 183 De
528 136 699 182 alz'ence
720 137 1066 198 procuratione
1099 135 1301 183 Salutis,
1527 150 1591 194 43

138 271 310 318 instare,
357 274 406 309 ut
456 268 572 308 idem
624 267 784 307 Paulus
830 267 1113 307 Timotheum
1160 282 1287 308 suum
1342 265 1591 308 hortatur:1

139 343 184 384 id
225 342 343 396 quod
397 342 490 395 ipse
538 355 713 394 quoque
763 341 904 381 facere
953 340 1107 381 solitus
1156 347 1231 380 est.
1297 341 1420 390 Cum,
1463 341 1592 388 enim,

139 417 330 470 loquitur
363 417 419 457 ad
452 416 638 468 majores
670 421 775 455 natu
804 415 1040 467 Ephesinae
1074 413 1314 462 Ecclesiae?
1338 413 1593 467 “Vigilate’‘

141 490 291 542 inquit,
323 490 568 530 “memoria
599 489 846 538 retinentes,
870 489 1079 540 quoniam
1109 501 1187 540 per
1207 487 1442 527 triennium
1466 494 1593 527 nocte

140 569 184 603 et
217 563 286 603 die
322 577 409 603 non
443 563 605 602 cessavi
638 575 737 602 cum
776 562 978 613 lacrymis
1015 574 1199 601 monens
1234 573 1594 612 unumquemque

137 636 364 676 vestrum.”
428 636 543 676 Ecce
584 635 751 675 nullum
787 641 961 687 tempus
998 635 1173 687 excipit,
1209 647 1350 685 neque
1387 633 1592 673 diurnum

140 723 280 762 neque
321 715 592 750 nocturnum.
662 709 876 761 Idemque
910 708 1084 748 Troade
1126 708 1284 747 dicitur
1324 706 1595 759 protraxisse

136 797 382 824 sermonem
415 797 553 835 usque
584 783 627 822 in
659 783 849 823 mediam
888 788 1073 831 noctem,
1108 782 1181 822 ubi
1224 780 1455 834 Eutychus
1488 780 1595 820 ado-

137 857 313 906 lescens,
347 870 501 897 somno
534 870 778 909 oppressus,
810 856 967 896 cecidit
996 856 1051 896 de
1080 855 1317 896 coenaculo.
1383 854 1593 907 Quinimo

136 931 179 970 in
222 932 318 984 ipso
354 944 524 971 carcere
557 930 827 982 vinculisque
864 937 979 970 terra
1020 931 1218 982 marique
1261 927 1593 982 evangelizandi

136 1005 411 1045 occasionem
454 1010 606 1044 nactus
659 1017 936 1056 nequaquam
979 1004 1242 1052 dimittebat,
1292 1009 1339 1043 ut
1391 1016 1449 1042 ex
1501 1001 1593 1053 ejus

139 1078 349 1131 Epistolis
381 1084 424 1118 et
456 1091 512 1118 ex
544 1077 672 1118 Actis
704 1077 974 1130 Apostolicis
1006 1078 1187 1130 planum
1223 1084 1298 1118 est.

225 1151 422 1191 Tertium
474 1151 647 1203 signum
691 1156 756 1190 est
807 1164 895 1191 non
947 1165 1041 1191 esse
1092 1152 1165 1191 uni
1218 1151 1313 1191 loco
1355 1150 1594 1190 dumtaxat

135 1225 330 1273 affixum,
382 1224 459 1264 sed
510 1223 664 1264 alienae
716 1224 869 1264 salutis
915 1238 1064 1265 amore
1116 1239 1293 1265 omnem
1345 1225 1489 1264 locum
1543 1236 1594 1262 ac

135 1299 357 1351 regionem
399 1297 601 1337 alacriter
641 1297 911 1350 perlustrare.
989 1298 1090 1338 Fuit
1131 1299 1175 1338 id
1213 1298 1409 1338 omnium
1445 1296 1594 1349 Apos-

132 1371 321 1412 tolorum
351 1371 585 1423 proprium,
610 1371 665 1410 de
687 1371 846 1423 quibus
876 1370 1077 1411 dicitur:3
1102 1373 1192 1411 “In
1223 1385 1400 1411 omnem
1431 1377 1591 1410 terram

136 1445 273 1484 exivit
307 1457 438 1484 sonus
467 1457 629 1493 eorum,
659 1450 702 1484 et
732 1444 774 1483 in
804 1445 911 1484 fines
941 1445 1057 1485 orbis
1087 1451 1212 1485 terrae
1241 1445 1372 1485 verba
1407 1442 1594 1484 eorum.''

137 1516 224 1570 Qui
259 1523 301 1557 et
334 1517 512 1569 quidem
549 1516 720 1567 Paulus,
745 1525 792 1558 ut
821 1525 1002 1558 caeteros
1032 1519 1197 1567 sileam,
1226 1532 1312 1559 non
1342 1518 1595 1570 ignoramus

136 1605 269 1644 quam
302 1591 464 1631 multas
495 1592 750 1644 provincias,
775 1598 912 1632 terras
942 1593 1229 1645 regionesque
1261 1592 1519 1645 peragravit,
1548 1596 1596 1631 ut

138 1666 293 1705 merito
325 1677 409 1705 'vas
451 1664 674 1705 electionis
715 1667 773 1705 sit
814 1665 1071 1719 appellatus,
1108 1667 1181 1719 qui
1226 1665 1387 1706 Christi
1433 1677 1595 1705 nomen

137 1744 388 1790 portaturus
418 1744 531 1779 esset
553 1753 700 1779 coram
732 1740 938 1792 gentibus
969 1746 1011 1780 et
1039 1740 1213 1792 regibus
1243 1746 1286 1779 et
1312 1739 1410 1779 filiis
1444 1736 1593 1778 Israel.

142 1811 255 1851 Haec
276 1818 341 1851 est
357 1812 529 1851 vocatio
552 1819 709 1860 nostra,
730 1818 778 1852 ut
800 1820 948 1853 noster
974 1813 1103 1853 Pater
1128 1814 1172 1853 in
1197 1810 1597 1854 Constitutionibus

138 1884 256 1933 dicit,
289 1885 495 1924 “diversa
531 1884 627 1924 loca
667 1898 910 1937 peragrare,
945 1892 988 1925 et
1020 1887 1156 1926 vitam
1195 1899 1324 1938 agere
1361 1886 1404 1924 in
1441 1883 1594 1936 quavis

141 1958 291 1998 mundi
342 1957 485 2010 plaga,
530 1958 602 1997 ubi
656 1958 796 2010 majus
839 1959 922 1998 Dei
965 1959 1224 2011 obsequium
1266 1964 1310 1999 et
1351 1958 1597 1998 animarum

139 2031 353 2071 auxilium
376 2030 609 2084 speratur.''
654 2032 705 2071 In
729 2046 816 2084 quo
839 2033 1017 2084 quidem
1041 2032 1197 2072 ducem
1224 2038 1420 2072 nostrum
1442 2030 1595 2082 Jesum

139 2105 372 2156 imitamur,
403 2106 477 2158 qui
511 2112 670 2146 nostrae
704 2105 857 2147 salutis
888 2106 1213 2146 sitientissimus
1242 2105 1451 2146 circuibat
1478 2104 1598 2143 vicos

140 2186 184 2220 et
220 2178 425 2219 castella:
466 2193 598 2232 quem
636 2193 732 2219 cum
772 2180 912 2219 turbae
950 2180 1229 2232 requirebant
1261 2185 1303 2219 et
1339 2177 1600 2219 detinebant

142 2266 196 2293 ne
232 2253 476 2294 discederet
517 2254 574 2293 ab
617 2253 688 2302 eis,
725 2252 919 2294 aiebat:4
955 2253 1107 2306 “Quia
1144 2261 1187 2294 et
1223 2254 1318 2293 aliis
1349 2252 1599 2293 civitatibus

139 2332 314 2379 oportet
355 2340 424 2367 me
467 2327 765 2379 evangelizare
802 2341 985 2380 regnum
1028 2328 1126 2377 Dei,
1156 2327 1258 2380 quia
1298 2327 1398 2367 ideo
1439 2325 1596 2365 missus

140 2399 273 2440 sum.”

228 2473 446 2526 Quartum
490 2474 665 2526 signum
712 2480 777 2514 est
818 2474 986 2515 nullam
1030 2475 1223 2515 animam
1266 2487 1478 2527 respuere,
1521 2471 1597 2512 sed

142 2559 294 2587 omnes
316 2549 496 2600 perinde
519 2561 724 2601 quaerere,
749 2562 799 2588 ac
825 2549 860 2588 si
888 2555 1033 2589 essent
1058 2562 1211 2588 omnes
1237 2546 1434 2600 ejusdem
1457 2545 1595 2598 pretii,

140 2625 189 2659 ut
218 2633 317 2660 vere
349 2628 478 2662 sunt:
520 2635 673 2661 omnes
711 2622 828 2662 enim
867 2622 1022 2662 eodem
1058 2621 1218 2663 Christi
1256 2621 1407 2674 pretio,
1440 2619 1596 2660 eodem

140 2693 348 2745 sanguine
385 2701 487 2735 sunt
520 2695 746 2748 redempti.
810 2695 913 2735 Non
947 2696 1064 2735 enim
1099 2702 1165 2735 est
1199 2695 1421 2735 distinctio
1456 2691 1597 2732 Graeci

354 2805 366 2825 1
389 2815 409 2838 2
433 2808 519 2840 Tim.
539 2817 571 2848 4.
793 2806 806 2827 ²
829 2809 905 2841 Act.
926 2816 977 2840 20.
1199 2806 1213 2827 ⁸
1238 2808 1288 2838 Ps.
1313 2806 1360 2838 18.

792 2858 806 2878 ⁴
830 2860 909 2891 Luc.
930 2869 953 2898 4
