1903 3197
541 186 620 233 De
654 191 782 232 recta
817 185 1089 234 intentione.
1456 195 1517 239 24
1523 191 1547 239 5

89 320 164 373 qui
195 320 362 370 mediis,
386 333 472 361 non
505 320 579 372 qui
610 318 697 368 fini,
721 318 914 359 debetur,
976 317 1185 357 Nascitur
1215 321 1363 356 autem
1391 313 1546 355 vitium

87 392 134 432 in
166 407 316 434 earum
351 407 500 434 amore
532 406 632 434 cum
666 392 722 433 de
756 392 922 441 mediis,
958 390 1066 431 fines
1100 391 1294 438 facimus,
1329 394 1378 429 ut
1415 401 1548 441 supra

91 465 356 518 dicebamus,
393 473 436 508 et
472 468 528 508 de
563 468 660 516 fine,
698 467 854 507 media.
938 464 1162 518 Quoniam
1200 470 1347 504 autem
1385 464 1428 502 in
1463 462 1548 503 hoc

91 553 242 581 amore
273 541 476 582 ordinato
509 540 616 581 nihil
650 546 797 594 potest
831 553 926 579 esse
960 538 1129 586 criterii‚
1156 543 1390 590 propterea
1425 536 1550 576 addit

91 613 386 656 Constitutio:
443 615 618 668 “Juxta
677 615 1002 655 sanctissimam
1054 626 1105 653 ac
1157 611 1351 651 divinam
1413 610 1551 662 ipsius

389 689 397 704 5

90 689 384 730 voluntatem.'
462 689 573 729 Haec
605 689 720 729 enim
754 689 837 729 Dei
860 688 1064 728 voluntas
1096 692 1172 735 est,
1197 691 1349 726 sancta
1372 698 1422 724 ac
1445 689 1551 731 rata,

90 768 140 803 ut
175 764 218 802 in
255 763 383 802 rebus
418 768 612 803 servetur
646 762 716 803 hic
754 763 871 812 ordo,
910 769 957 802 ut
994 761 1140 802 media
1180 774 1260 813 pro
1302 759 1469 808 mediis,
1507 762 1552 798 et

89 849 169 889 pro
201 835 288 876 fine
321 836 418 876 finis
451 837 719 885 adhibeatur,
745 843 787 877 et
817 836 936 876 nulla
969 835 1047 876 fiat
1080 834 1351 888 perturbatio
1384 831 1549 872 ordinis

90 909 159 950 vel
191 909 396 950 confusio.
460 911 600 951 Recte
632 912 763 963 igitur
793 917 999 951 amantur
1030 910 1133 949 vitre
1164 907 1410 955 commoda,
1434 911 1551 946 recte

89 983 404 1025 delectationes
438 991 613 1033 sanctae,
641 991 757 1025 recte
790 985 979 1025 honores
1014 998 1063 1024 ac
1097 982 1345 1035 dignitates,
1377 981 1412 1020 si
1445 993 1549 1020 vero

92 1071 181 1097 non
213 1064 391 1111 propter
420 1072 477 1107 se,
501 1059 577 1099 sed
609 1065 787 1112 propter
819 1059 965 1099 Deum
998 1063 1276 1111 expetantur.

181 1131 254 1173 Sic
275 1138 423 1172 autem
445 1146 512 1173 res
534 1139 701 1173 creatas
723 1133 903 1186 diligere
925 1133 981 1172 ad
1004 1131 1355 1184 progressionem
1374 1129 1550 1182 spiritus

91 1205 209 1245 valet
230 1205 466 1258 plurimum
489 1221 497 1256 ;
531 1207 837 1247 Bonaventura
866 1213 989 1254 teste,
1013 1207 1086 1258 qui
1120 1206 1232 1245 inter
1263 1205 1427 1251 decem,
1451 1216 1552 1255 quae

94 1279 150 1319 ad
192 1279 436 1332 profectum
478 1280 653 1333 spiritus
695 1281 884 1333 requirit,
927 1280 1010 1320 hoc
1053 1285 1257 1319 octavum
1300 1282 1554 1317 enumerat:

95 1352 201 1393 “Ut
250 1353 358 1393 nihil
408 1360 567 1407 praeter
616 1354 762 1394 Deum
815 1354 1049 1407 quisquam
1102 1352 1270 1405 diligat,
1318 1352 1393 1391 sed
1446 1364 1554 1404 pure

94 1432 273 1480 propter
308 1427 482 1478 Deum;
519 1434 567 1468 ut
595 1429 638 1467 in
667 1429 872 1468 omnibus
902 1427 1020 1468 solus
1052 1427 1175 1466 Deus
1206 1425 1428 1465 sinceriter
1459 1424 1556 1464 dili-

93 1507 225 1554 gatur
269 1501 362 1541 sine
408 1502 556 1550 socio;
600 1508 644 1542 et
689 1503 839 1542 omnia
886 1502 929 1541 in
977 1501 1125 1541 Deum
1170 1498 1370 1548 referens,
1414 1497 1556 1551 magis

93 1575 250 1628 diligat
288 1575 578 1616 meliorem.”1
640 1576 810 1617 Eadem
848 1576 977 1629 plane
1015 1574 1233 1615 sententia
1269 1572 1365 1613 aliis
1399 1572 1455 1612 ab
1489 1585 1553 1620 eo,

95 1654 139 1690 et
170 1663 196 1688 a
229 1649 356 1689 Patre
388 1656 539 1690 nostro
571 1650 686 1691 elata
717 1651 868 1690 verbis.

183 1723 336 1776 Atque
366 1723 461 1764 haec
492 1725 547 1764 de
578 1725 629 1764 iis
658 1739 756 1777 quae
780 1725 834 1764 ad
857 1723 1146 1764 obtinendam
1170 1727 1334 1762 rectam
1363 1726 1557 1760 mentem

95 1797 255 1846 valent,
278 1804 321 1837 et
347 1798 572 1851 obliquam
602 1812 872 1851 pravamque
901 1797 1147 1849 designant.
1210 1795 1447 1835 Addamus
1465 1793 1559 1846 jam

97 1877 141 1911 et
177 1877 394 1924 quartum,
433 1872 551 1923 quod
589 1871 899 1924 disputationis
938 1869 1256 1923 pollicebamur
1287 1868 1432 1916 initiis,
1465 1867 1559 1907 “de

96 1945 232 1998 signis
263 1959 314 1985 ac
346 1945 462 1985 notis
494 1951 624 1985 rectae
656 1944 850 1994 mentis,''
875 1951 921 1984 ut
945 1958 1023 1984 nos
1046 1944 1127 1996 ipsi
1149 1942 1368 1996 possimus
1401 1954 1559 1994 agnos-

97 2033 205 2070 cere,
228 2026 271 2059 et
292 2033 426 2071 quam
450 2026 644 2060 mentem
667 2033 871 2072 geramus
894 2018 1251 2058 animadvertere.

185 2093 346 2147 Quoad
368 2100 584 2146 quartum.
647 2094 717 2134 De
740 2094 875 2146 signis
907 2107 958 2132 ac
991 2092 1106 2132 notis
1138 2096 1267 2130 rectae
1291 2090 1556 2130 intentionis.

98 2168 236 2221 Signa
278 2174 408 2208 rectae
450 2168 609 2208 mentis
650 2181 708 2207 ex
751 2166 944 2219 Origene
988 2167 1297 2205 Bonaventura
1338 2161 1562 2216 colligit;2

96 2242 234 2295 signa,
277 2243 470 2295 inquam,
513 2248 708 2283 externa.
795 2242 914 2281 Nam
968 2240 1184 2288 interiora,
1228 2252 1326 2291 quae
1380 2237 1452 2278 ille
1503 2251 1561 2277 ex

97 2316 322 2356 Bernardo
363 2316 470 2357 dicit
511 2330 606 2357 esse
647 2316 907 2356 charitatem
951 2315 993 2355 in
1037 2314 1283 2354 intentione
1324 2319 1368 2353 et
1404 2313 1562 2353 verita-

95 2396 187 2431 tem
229 2391 273 2430 in
315 2391 539 2440 electione,
575 2404 655 2431 nos
695 2390 765 2430 hic
798 2404 887 2430 non
922 2389 1274 2443 explicabimus;
1311 2401 1411 2427 cum
1455 2386 1562 2427 illud

98 2465 225 2505 nobis
275 2471 450 2505 tantum
501 2465 777 2518 propositum
829 2465 897 2515 sit,
950 2470 998 2503 ut
1059 2463 1218 2515 quibus
1269 2462 1440 2501 indiciis
1491 2474 1563 2502 co-

98 2545 307 2592 arguatur
356 2540 543 2580 intentio
594 2540 975 2579 demonstremus:
1022 2537 1141 2590 quod
1194 2542 1258 2577 est
1313 2536 1467 2585 dicere,
1506 2548 1563 2575 an

98 2614 145 2653 in
186 2613 430 2654 intentione
470 2613 580 2663 finis,
622 2613 823 2662 charitas,
867 2627 922 2653 an
965 2613 1008 2652 in
1051 2612 1265 2652 electione
1301 2611 1561 2667 mediorum,

99 2688 259 2728 veritas
295 2694 505 2728 teneatur.

189 2762 383 2802 Primum
418 2762 550 2815 igitur
582 2763 757 2815 signum
791 2762 895 2815 ejuS,
926 2761 999 2814 qui
1033 2760 1277 2813 simplicem
1312 2773 1361 2799 ac
1395 2763 1561 2798 rectam

103 2842 296 2877 mentem
336 2837 459 2889 gerit,
497 2842 563 2877 est
602 2837 808 2877 humanae
850 2836 992 2876 laudis
1033 2834 1298 2884 detestatio;
1335 2833 1448 2885 quia,
1487 2831 1562 2885 qui

225 2925 239 2944 1
263 2926 358 2958 Stim.
380 2927 495 2958 Amor.
518 2937 550 2967 p.
571 2935 600 2958 2.
621 2937 648 2958 c.
674 2935 700 2958 Ι.
865 2925 877 2943 2
902 2926 955 2956 De
982 2925 1071 2965 Sept.
1095 2924 1172 2955 Itin.
1196 2929 1282 2955 ceter.
1303 2923 1377 2954 dist.
1397 2932 1428 2963 4.

270 2988 302 3028 Q
336 2991 357 3031 3
