1903 3197
581 152 659 196 De
691 151 1011 198 Paenitentia.
1442 166 1457 196 1
1476 166 1489 196 1
1505 163 1531 207 3

161 285 213 325 Id
250 291 398 325 autem
437 283 717 335 subjiciendis
755 282 867 322 ultro
905 283 1047 334 poenis
1085 283 1399 335 suppliciisque
1431 295 1533 322 con-

73 361 324 412 sequimur;
371 363 603 411 propterea
645 356 830 407 subjicit,
866 356 957 395 “Id
1001 369 1104 407 ergo
1141 357 1233 407 agit
1269 357 1446 408 spiritus
1490 357 1532 396 in

72 433 295 473 domanda
345 445 483 479 carne,
527 436 576 470 ut
635 429 776 469 solvat
835 429 964 468 ma'lae
1022 429 1352 468 consuetudinis
1406 430 1532 481 quasi

71 513 202 559 pacta
248 519 461 558 perversa,
505 510 549 544 et
599 503 676 543 fiat
727 516 818 555 pax
870 502 1197 541 consuetudinis
1248 502 1411 542 bonze.''
1482 504 1534 543 In

73 580 157 620 hoc
211 580 256 619 B.
295 579 556 619 Laurentius
607 577 880 628 Justinianus
929 575 1054 627 ponit
1106 588 1313 627 magnam
1363 582 1533 627 partem

73 654 308 706 spiritualis
367 652 566 699 hominis,
617 651 651 690 si
704 651 800 702 quis
853 662 1028 690 carnem
1080 649 1248 700 spiritui
1302 648 1533 699 subjiciat.l

73 728 155 767 Est
187 728 317 779 igitur
353 726 546 778 optimus
581 725 677 764 finis
712 730 755 764 et
787 723 1099 764 constitutione
1133 728 1453 762 consentaneus
1488 724 1532 762 in

72 801 311 841 subeundis
364 813 441 839 sua
487 805 645 851 sponte
690 799 844 851 poenis,
888 803 935 837 ut
987 790 1138 837 sensus
1184 796 1353 849 spiritui
1400 795 1533 848 subji-

73 875 220 915 ciatur.

156 948 331 987 Tertius
383 947 480 987 finis
532 954 597 986 est
648 946 703 986 ad
762 946 1089 998 impetrandum
1141 944 1319 996 aliquod
1371 944 1532 984 divince

69 1022 221 1074 gratiae
273 1022 452 1069 donum,
499 1026 547 1060 ut
599 1020 795 1059 dolorem
849 1019 1052 1058 intimum
1104 1024 1396 1070 peccatorum,
1441 1019 1530 1058 vim

69 1095 374 1147 lacrymarum,
397 1094 624 1133 victoriam
658 1093 966 1141 tentationum,
1002 1099 1044 1132 et
1076 1097 1234 1131 caetera
1265 1091 1531 1143 hujusmodi,

70 1182 168 1221 quae
200 1168 255 1208 ad
287 1167 635 1220 progressionem
667 1167 842 1218 spiritus
875 1173 917 1205 et
950 1165 1138 1205 fructum
1170 1165 1398 1217 pertinent.
1465 1166 1532 1205 Ea

69 1241 287 1294 siquidem
339 1254 438 1280 cum
495 1254 571 1293 per
627 1241 935 1292 poenitentiam
999 1240 1230 1291 impetrare
1292 1239 1531 1288 studemus,

68 1316 234 1356 cadunt
263 1315 305 1353 in
334 1314 466 1353 finem
497 1315 727 1366 optimum,
759 1319 802 1352 et
827 1313 1142 1352 Constitutioni
1172 1319 1527 1353 consentaneum.

70 1390 203 1429 Porro
235 1388 518 1441 poenitentias
549 1387 709 1427 habere
731 1388 819 1426 vim
853 1387 1116 1439 impetrandi
1149 1392 1272 1438 patet
1298 1400 1356 1425 ex
1387 1386 1531 1426 Sacris

70 1463 239 1512 LiteriS,
263 1462 336 1501 ubi
365 1462 577 1501 habemus
601 1461 808 1513 exempla
830 1461 885 1500 de
918 1461 967 1499 iis
1001 1461 1087 1512 qui,
1119 1460 1174 1499 ad
1206 1460 1529 1512 impetrandam

68 1543 221 1577 contra
256 1535 404 1575 hostes
439 1536 631 1575 divinam
668 1549 810 1588 opem,
842 1534 1094 1574 afflixerunt
1123 1547 1304 1586 corpora
1339 1547 1444 1573 sua:
1483 1539 1531 1573 ut

67 1611 143 1650 filii
178 1609 313 1650 Israel
347 1611 420 1662 qui
458 1609 720 1649 habitabant
762 1609 805 1648 in
843 1615 956 1648 terra
998 1609 1125 1659 Juda,
1160 1608 1216 1647 ad
1255 1607 1528 1647 evadendam

67 1685 156 1725 vim
180 1683 594 1724 Nabuchodonosor
617 1689 660 1723 et
686 1682 951 1732 Holofernis,
969 1682 1337 1722 “humiliaverunt
1360 1682 1529 1722 animas

66 1772 168 1798 suas
211 1758 254 1797 in
291 1757 468 1809 jejuniis
501 1763 543 1796 et
576 1756 879 1805 orationibus‚’'
915 1763 961 1796 ut
1003 1756 1161 1796 dicitur
1191 1755 1345 1807 Judith
1376 1768 1414 1805 4,
1450 1760 1529 1795 “et

70 1831 305 1871 induerunt
338 1844 383 1870 se
420 1830 680 1871 Sacerdotes
710 1830 869 1878 ciliciis,
902 1836 944 1869 et
979 1830 1167 1869 infantes
1201 1835 1530 1882 prostraverunt

68 1911 223 1946 contra
264 1904 420 1944 faciem
463 1904 616 1956 templi
651 1904 830 1943 Domini
853 1902 885 1953 ;''
929 1909 973 1943 et
1014 1917 1122 1943 mox
1164 1903 1269 1943 dicit
1312 1902 1528 1943 Sacerdos

71 1978 284 2018 Eliacim:
346 1977 551 2018 “Scitote
600 1977 806 2030 quoniam
856 1977 1065 2017 exaudiet
1112 1977 1330 2016 Dominus
1378 1989 1529 2029 preces

66 2057 242 2101 vestras,
285 2051 320 2091 si
372 2058 599 2091 manentes
641 2051 966 2104 permanseritis
1013 2053 1056 2090 in
1104 2050 1316 2102 jejuniis.'’
1401 2050 1526 2090 Idem

66 2125 262 2166 fecerunt
305 2124 563 2175 Machabaei‚
602 2139 702 2166 cum
740 2124 991 2164 Mathathia
1033 2138 1182 2164 eorum
1225 2124 1336 2163 duce
1377 2130 1530 2164 contra

69 2198 396 2249 Antiochu1n32
444 2199 603 2240 deinde
656 2206 808 2239 contra
852 2199 1144 2239 Heliodorum
1197 2204 1240 2238 et
1294 2198 1527 2239 Seleucum

70 2271 274 2326 Regem.3
336 2273 394 2313 Et
419 2273 564 2313 David
598 2275 851 2326 exagitatus
878 2274 933 2313 ab
956 2273 1152 2322 inimicis,
1177 2272 1313 2325 “Ego
1344 2270 1529 2322 autem,'’

70 2348 223 2400 inquit,
247 2351 383 2387 “cum
417 2347 522 2387 mihi
558 2348 730 2388 molesti
773 2354 929 2395 essent,
964 2347 1175 2387 induebar
1205 2346 1356 2396 cilicio,
1388 2345 1531 2386 humi-

69 2422 234 2463 liabam
257 2422 300 2461 in
325 2422 492 2476 jejunio
515 2423 709 2462 animam
733 2420 936 2462 meamJ'4

156 2495 275 2535 Hinc
317 2496 373 2535 ad
415 2496 652 2536 vincendas
695 2496 963 2536 tentationes
1014 2500 1058 2535 et
1099 2494 1385 2534 debellandos
1436 2494 1525 2534 ani-

67 2582 238 2609 morum
278 2570 426 2609 hostes
464 2570 702 2618 daemones,
733 2569 1095 2622 praestantissima
1132 2568 1242 2608 ratio
1279 2574 1345 2608 est
1383 2568 1528 2607 Poeni-

66 2643 231 2693 tentia;
275 2643 463 2695 ideoque
501 2644 547 2683 B.
572 2643 748 2683 Marcus
790 2641 1092 2683 Anachoreta5
1127 2642 1327 2682 hortatur
1359 2654 1439 2680 nos
1482 2646 1529 2679 ut

67 2716 159 2756 sine
192 2717 515 2756 intermissione
545 2730 641 2756 eam
672 2717 1017 2770 amplectamur:
1057 2712 1345 2763 “Diabolus‚⁷'
1376 2713 1528 2765 inquit,

216 2820 227 2839 1
253 2822 306 2853 De
331 2822 506 2853 Obedient.
527 2832 553 2854 c.
579 2822 626 2854 16.
763 2821 776 2840 2
803 2832 815 2854 1
843 2823 954 2853 Mach.
976 2830 1004 2853 2.
1140 2819 1154 2839 3
1177 2829 1196 2851 2
1221 2819 1330 2850 Maeh.
1351 2826 1381 2859 3.

439 2873 452 2892 ⁴
477 2873 561 2907 Psal.
582 2882 634 2916 34.
825 2873 837 2893 ⁵
862 2874 970 2905 Tract.
992 2873 1033 2905 de
1059 2873 1150 2904 Poen.

243 2935 263 2968 Ι
