1903 3197
311 177 373 222 86
625 173 703 218 De
737 172 926 219 ratione
961 171 1153 219 vivendi
1186 173 1447 221 Socz'elalzlr.

305 313 382 348 aut
411 306 613 347 elationis
643 304 897 346 enutriat.''1
959 306 1052 346 Nec
1089 306 1171 347 loci
1204 306 1370 358 aliquid
1403 306 1445 346 in
1479 307 1605 347 nobis
1637 307 1774 350 habet

306 379 585 434 reprehensio
618 379 692 419 illa
724 379 945 429 Bernardi‚
969 393 1055 432 qua
1087 380 1304 432 quosdam
1338 380 1589 433 perstringit
1621 394 1776 422 mona-

308 454 424 495 chos.
471 454 607 506 “Jam
641 452 885 506 quaeritur,’'
909 453 1063 505 inquit,
1090 453 1181 493 “ad
1216 453 1502 503 induendum,
1536 467 1623 494 non
1657 456 1777 507 quod

308 528 467 577 utilius,
512 527 589 567 sed
624 527 743 579 quod
786 526 987 567 subtilius
1039 527 1313 576 inveniatur;
1358 540 1445 567 non
1488 527 1607 579 quod
1642 527 1777 581 frigus

308 601 503 655 repellat,
537 601 613 641 sed
652 600 772 653 quod
806 601 1031 653 superbire
1068 599 1377 653 compellat.''‘2

399 675 574 715 Deinde
611 674 817 714 secularis
853 675 1036 714 vestitur
1072 674 1128 714 ad
1166 674 1392 714 arbitrium
1435 688 1574 725 suum,
1612 681 1655 715 et
1693 689 1780 727 quo

309 749 453 790 cultus
483 762 643 802 genere
676 748 928 796 delectatur,
964 761 1062 787 eum
1096 748 1286 788 adhibet.
1356 748 1450 788 Nos
1486 754 1634 789 autem
1674 748 1781 789 illud

313 823 577 876 Hieronymi
612 822 667 862 ad
702 822 934 862 Rusticum
968 822 1196 862 audimus:
1231 822 1470 862 “Vestiare
1503 822 1622 875 quod
1661 836 1782 863 acce—

309 896 460 950 peris.'’
526 897 630 936 Illas
663 897 779 936 enim
811 902 953 936 vestes
992 896 1225 945 induimus,
1259 910 1368 948 quas
1401 896 1651 949 accipimus,
1691 910 1779 937 non

313 984 423 1023 quas
456 971 669 1011 volumus.
754 971 970 1010 Praeterea
1020 969 1235 1018 secularis,
1279 970 1351 1021 qui
1395 970 1529 1009 modo
1581 978 1784 1012 extrema

312 1058 401 1085 non
444 1050 652 1096 urgeatur
702 1044 861 1095 inopia,
905 1042 1040 1082 habet
1082 1042 1170 1081 fere
1213 1042 1540 1083 multitudinem
1593 1046 1782 1084 vestium

313 1132 424 1171 quas
447 1124 719 1158 commutare
751 1131 831 1169 pro
853 1115 1080 1156 voluntate
1102 1121 1258 1168 potest.
1324 1116 1418 1156 Nos
1440 1117 1626 1157 vestium
1659 1118 1786 1171 plura

312 1206 475 1245 genera
517 1205 604 1231 non
646 1191 872 1239 habemus,
911 1203 989 1230 nec
1027 1203 1106 1229 nos
1144 1190 1275 1230 caedit
1308 1205 1398 1230 vox
1432 1190 1505 1231 illa
1544 1191 1785 1233 Bernardi.3

314 1265 538 1318 Quorsum
561 1271 628 1305 tot
651 1265 899 1312 mutatoria,
926 1263 994 1303 vel
1024 1269 1211 1304 extensa
1240 1264 1282 1303 in
1312 1264 1502 1316 porticis,
1525 1265 1593 1305 vel
1623 1266 1785 1318 plicata

315 1340 359 1380 in
391 1339 624 1379 manticis?

402 1413 557 1453 Victus
594 1426 772 1465 quoque
814 1412 894 1452 etsi
946 1425 1045 1451 cum
1089 1411 1271 1452 seculari
1309 1411 1481 1452 videtur
1523 1413 1649 1453 nobis
1691 1427 1787 1453 esse

317 1487 575 1535 communis,
596 1486 780 1527 efficitur
796 1491 945 1526 tamen
970 1485 1212 1539 disciplinae
1231 1487 1541 1538 temperationi
1565 1487 1789 1540 proprius;

317 1576 393 1602 seu
437 1561 667 1601 materiam
711 1566 892 1613 spectes,
937 1574 1012 1600 seu
1056 1559 1254 1609 formam,
1292 1574 1368 1600 seu
1411 1561 1601 1613 denique
1642 1561 1787 1603 finem.

316 1636 436 1676 Nam
475 1635 623 1688 quoad
662 1635 902 1683 materiam,
938 1648 1024 1674 non
1067 1634 1263 1674 ciborum
1302 1634 1507 1675 nobilitas
1546 1636 1663 1688 apud
1706 1649 1788 1676 nos

318 1709 567 1762 appetitum
621 1714 779 1756 movet,
824 1722 911 1748 non
964 1708 1198 1760 exquisitae
1251 1708 1399 1760 dapes,
1446 1708 1522 1748 sed
1575 1709 1625 1748 iis
1678 1709 1790 1749 escis

318 1783 482 1823 utimur
513 1796 622 1835 quas
656 1782 713 1822 ad
748 1781 1064 1822 monachorum
1098 1782 1262 1822 victum
1295 1782 1491 1834 postulat
1526 1782 1790 1823 Cassianus:

321 1855 533 1909 “Nempe
566 1862 614 1896 ut
647 1856 703 1896 ad
744 1856 992 1909 parandum
1027 1856 1114 1895 sint
1145 1855 1305 1904 faciles,
1338 1869 1526 1908 quaeque
1557 1857 1612 1896 ad
1646 1870 1791 1896 come-

319 1931 516 1971 dendum
539 1930 702 1970 vilioris
736 1930 863 1983 pretii
897 1930 1209 1983 compendium
1242 1929 1511 1983 p1·aestent.’'4
1573 1930 1792 1971 Secularis

321 2009 483 2054 autem,
521 2004 556 2044 si
600 2010 644 2044 et
686 2005 779 2056 ipse
822 2004 1041 2044 interdum
1081 2003 1124 2043 id
1161 2004 1356 2044 ciborum
1394 2018 1532 2057 genus
1568 2004 1792 2054 adhibeat,

322 2091 410 2118 non
448 2077 680 2130 disciplina
717 2077 865 2129 aliqua
902 2077 1077 2129 spiritus
1113 2090 1164 2116 ac
1204 2077 1374 2125 virtute,
1413 2077 1489 2117 sed
1532 2078 1793 2117 necessitate

321 2150 410 2190 fere
452 2164 502 2190 ac
548 2150 776 2190 voluntate
817 2150 1024 2200 ducitur;
1077 2155 1121 2189 et
1162 2149 1281 2202 quod
1323 2151 1379 2190 ad
1431 2151 1645 2191 stomachi
1688 2151 1793 2192 facit

317 2223 735 2275 jucunditatemque
768 2223 915 2276 palati,
952 2223 994 2263 id
1029 2223 1109 2263 sibi
1144 2223 1348 2264 secularis
1382 2225 1438 2264 ad
1472 2225 1620 2265 cibum
1655 2231 1791 2278 parat.

326 2297 422 2337 Nos
459 2303 607 2338 autem
648 2298 767 2350 quod
801 2297 1018 2349 jubemur,
1057 2298 1100 2338 id
1138 2298 1335 2347 edimus3
1385 2299 1504 2351 quod
1543 2298 1791 2339 faciendum

326 2370 548 2411 monacho
594 2371 897 2424 Hieronymus
938 2371 995 2411 ad
1041 2372 1272 2412 Rusticum
1315 2373 1489 2414 scribit:
1536 2373 1793 2414 “comedas

325 2446 446 2498 quod
480 2444 681 2498 juberis,’'
716 2459 941 2497 nunquam
975 2445 1090 2500 enim
1125 2446 1304 2499 explere
1336 2447 1623 2500 cupiditatem
1656 2446 1791 2487 ullam

325 2520 484 2572 cuique
536 2519 647 2561 licet.
727 2519 911 2573 Semper
962 2526 1110 2560 autem
1164 2521 1206 2561 id
1261 2534 1355 2561 esse
1406 2521 1620 2572 convenit,
1674 2522 1791 2574 quod

326 2594 574 2647 apponitur,
611 2594 782 2634 etiamsi
817 2593 1069 2634 stomachus
1107 2608 1349 2647 sensusque
1383 2595 1600 2635 reclamet.

416 2666 578 2720 Quoad
630 2668 830 2716 formam,
870 2667 942 2708 ubi
995 2669 1192 2709 maxime
1242 2669 1432 2709 cernitur
1483 2669 1602 2718 ordo,
1645 2682 1697 2709 ea
1737 2668 1793 2710 ab

329 2742 512 2783 seculari
571 2742 750 2783 homine
800 2742 929 2782 valde
981 2742 1136 2784 differt.
1243 2743 1362 2783 Nam
1423 2743 1467 2783 in
1517 2744 1635 2784 victu
1686 2743 1794 2784 ordo

411 2847 423 2867 ¹
448 2849 501 2881 De
517 2849 645 2880 coenob.
667 2848 773 2880 Instit.
795 2849 852 2880 lib.
877 2857 888 2880 1
909 2860 935 2880 e.
957 2857 985 2889 3.
1128 2847 1141 2866 2
1166 2849 1265 2890 Apol.
1287 2849 1329 2879 ad
1347 2849 1466 2880 Guliel.
1488 2849 1576 2882 Abb.
1598 2860 1624 2881 c.
1649 2858 1696 2881 10.

569 2898 582 2917 ³
608 2899 748 2932 Ibidem.
943 2899 957 2918 4
982 2900 1036 2932 De
1052 2900 1192 2932 Ccenob.
1210 2900 1316 2932 Instit.
1339 2900 1393 2932 lib.
1413 2905 1431 2940 5
1448 2911 1475 2932 c.
1492 2907 1543 2941 23.
