1903 3197
617 146 697 192 De
727 147 1046 195 Poem'tentiz's.
1479 159 1566 205 107

99 279 178 331 qui
211 291 299 319 non
331 291 504 331 semper
525 283 590 317 est
622 291 826 330 p1⁴aesenS‚
850 293 950 319 eum
983 280 1026 318 id
1060 281 1263 330 rescierit,
1288 279 1565 333 approbabit.

105 351 223 392 Illud
256 358 405 392 tamen
438 352 610 392 videtur
640 351 906 401 addendum,
940 353 974 391 si
1007 354 1116 405 quis,
1152 354 1286 393 inscio
1323 353 1568 406 Superiore,

103 425 192 466 ‘cale
224 426 329 477 quid
373 426 656 479 usurpaverit,
688 425 973 478 aperiendum
1013 426 1056 465 id
1100 427 1136 465 ei
1182 441 1289 466 mox
1332 441 1436 475 esse,
1469 440 1568 479 qua:

105 504 175 538 est
208 505 362 551 aperta
400 499 720 540 Bonaventurae
758 499 959 538 doctrina
997 500 1039 538 in
1076 499 1266 551 Speculo
1299 500 1570 552 disciplinae:

104 574 126 591 “
146 571 332 622 Potest,”
356 573 509 625 inquit,
536 572 713 612 “fidelis
743 586 891 612 servus
921 579 964 612 et
993 573 1186 625 prudens
1218 586 1304 612 non
1339 572 1457 612 nulla
1488 588 1567 625 pro

102 645 201 686 loco
239 653 282 687 et
318 653 517 699 tempore
558 646 699 686 facere
741 646 795 686 de
837 647 984 696 tacito,
1022 646 1090 686 vel
1132 646 1420 699 probabiliter
1460 660 1569 699 prae-

102 726 282 772 sumpto
306 720 591 773 Superiorum
613 734 804 770 assensu,
828 721 883 760 ad
907 722 1025 773 ipsos
1048 720 1239 773 denique
1261 726 1360 761 acta
1383 734 1571 772 quaeque

102 805 181 845 per
238 807 392 833 ausum
448 793 702 845 hujusmodi
758 793 1024 834 relaturus.''1
1087 793 1260 846 Quibus
1320 808 1377 833 ex
1429 794 1572 834 verbis

101 867 427 919 perpendendae
460 874 562 908 sunt
594 867 869 908 conditiones
903 882 995 918 sex,
1027 882 1136 921 quas
1172 869 1215 908 in
1249 882 1300 909 eo
1331 868 1470 921 exigit
1497 870 1570 920 qui

104 939 193 980 tale
243 941 410 993 aliquid
459 942 714 982 inconsultis
761 943 1012 995 Praepositis
1065 944 1261 983 audeat:
1330 950 1381 991 10,
1427 949 1474 982 ut
1516 943 1571 982 sit

104 1012 257 1063 fidelis,
289 1015 455 1055 scilicet
485 1016 570 1055 Dei
599 1015 784 1068 gloriam
816 1023 1046 1069 spectans;
1081 1023 1137 1066 20,
1165 1016 1384 1069 prudens3
1436 1023 1494 1067 30,
1519 1031 1572 1056 ne

106 1087 257 1137 multa,
301 1089 378 1128 sed
434 1089 656 1139 nonnulla,
700 1089 859 1140 faciat;
910 1097 970 1141 40,
1014 1091 1229 1131 rationem
1271 1090 1434 1131 habeat
1475 1091 1570 1141 loci,

104 1166 154 1201 ut
196 1162 231 1201 si
278 1162 409 1215 longe
456 1177 481 1203 a
533 1163 785 1216 Praepositis
831 1165 976 1214 absit;
1038 1171 1093 1215 50,
1133 1166 1346 1205 rationem
1395 1178 1571 1217 quoque

105 1235 239 1276 ducat
275 1237 499 1289 temporis,
537 1242 585 1276 ut
627 1238 661 1276 si
708 1238 884 1290 ingruat
921 1239 1140 1288 tentatio;
1197 1239 1256 1288 60,
1294 1246 1342 1279 ut
1383 1240 1572 1291 denique

106 1309 317 1350 referatur
348 1310 403 1350 ad
439 1310 741 1363 Praepositum,
773 1311 986 1364 quidquid
1020 1312 1091 1352 ille
1122 1313 1179 1353 sit
1208 1327 1347 1352 ausus.

616 1455 671 1480 DE
700 1455 854 1481 TERTIO
887 1454 1064 1481 ERRORE.

193 1528 368 1569 Tertius
406 1535 471 1569 est
508 1542 624 1569 error
660 1543 811 1569 eorum
849 1531 922 1582 qui
961 1537 1004 1570 et
1041 1535 1270 1570 assumunt
1307 1530 1390 1569 sibi
1431 1531 1571 1582 poeni-

104 1604 276 1653 tentias,
330 1609 374 1643 et
425 1616 498 1643 eas
550 1604 729 1655 quidem
785 1617 885 1643 cum
954 1603 1199 1656 Superioris
1250 1604 1571 1656 approbatione

108 1683 316 1730 nutuque,
340 1678 416 1717 sed
440 1684 590 1717 tamen
620 1677 676 1718 ad
706 1678 749 1717 id
781 1691 868 1717 non
891 1678 1060 1730 optimo
1090 1677 1175 1718 fine
1198 1679 1424 1718 ducuntur.
1483 1678 1570 1718 Hic

108 1765 225 1791 error
247 1751 298 1790 iis
323 1750 665 1791 Constitutionis
688 1751 900 1791 refellitur
920 1752 1062 1791 verbis
1082 1766 1089 1791 ;
1124 1756 1145 1772 “
1160 1751 1236 1792 Ad
1260 1752 1472 1804 majorem
1505 1753 1570 1792 sui

108 1824 286 1877 spiritus
337 1824 620 1877 profectum.''
715 1824 828 1877 Quae
879 1826 935 1865 ad
987 1825 1102 1866 hunc
1154 1825 1286 1865 finem
1339 1826 1571 1865 convenire

107 1898 321 1946 videntur,
370 1912 443 1938 eas
497 1898 766 1939 Constitutio
817 1899 1100 1952 poenitentias
1153 1900 1349 1939 maxime
1400 1900 1568 1952 probat.

109 1973 213 2013 Duo
250 1979 399 2013 autem
438 1978 540 2012 sunt
578 1974 621 2012 in
662 1973 948 2023 Poenitentiis‚
992 1987 1091 2026 quae
1128 1974 1331 2014 videntur
1371 1974 1571 2027 spiritum

108 2060 297 2099 augere;
331 2046 519 2086 alterum
544 2048 667 2098 quasi
702 2048 886 2087 materia
908 2060 1007 2099 quae
1040 2048 1189 2100 magni
1222 2048 1412 2097 interest,
1435 2048 1576 2100 qualis

105 2119 163 2160 sit
196 2121 251 2159 ad
285 2119 532 2172 profectum
566 2120 769 2173 spiritu53
808 2121 995 2160 alterum
1028 2121 1151 2172 quasi
1184 2120 1335 2170 forma,
1359 2120 1481 2173 cujus
1514 2122 1573 2161 rei

105 2194 247 2247 gratia
289 2194 551 2247 poenitentia
587 2195 829 2248 suscipitur.
909 2195 1105 2235 Primum
1148 2195 1290 2248 magis
1332 2195 1465 2235 situm
1507 2201 1574 2236 est

104 2268 149 2307 in
191 2274 412 2321 potestate
454 2269 694 2322 Praepositi,
728 2269 852 2322 cujus
894 2275 960 2309 est
1001 2269 1311 2322 poenitentiam
1358 2269 1573 2322 probare;

107 2355 242 2395 quam
273 2343 451 2392 subditi,
475 2344 530 2383 de
553 2357 640 2396 quo
657 2343 751 2396 jam
779 2344 984 2384 diximus.
1051 2343 1305 2384 Secundum
1328 2349 1472 2384 totum
1505 2349 1572 2384 est

104 2417 149 2456 in
188 2423 411 2470 potestate
452 2418 628 2468 subditi,
663 2431 796 2470 quem
833 2419 1005 2470 optimo
1047 2418 1132 2458 fine
1169 2418 1268 2458 duci
1310 2432 1390 2471 par
1426 2424 1492 2458 est
1528 2417 1571 2457 in

106 2491 379 2544 poenitentiis
408 2492 487 2532 sibi
516 2492 818 2544 deposcendis,
848 2491 904 2531 de
931 2505 1018 2544 quo
1046 2505 1160 2532 nunc
1189 2493 1395 2532 dicemus.

193 2564 287 2604 Alii
319 2571 468 2605 autem
501 2565 587 2605 alio
624 2565 711 2605 fine
747 2565 1028 2618 impulsuque
1065 2567 1286 2606 ducuntur
1322 2566 1378 2606 ad
1420 2572 1571 2619 postu-

104 2637 263 2678 landas
305 2639 645 2691 subeundasque
686 2653 766 2679 sua
806 2646 964 2692 sponte
1004 2653 1170 2693 poenas.
1247 2639 1336 2680 Sed
1379 2639 1573 2692 quinque

106 2710 336 2752 hominum
371 2726 533 2765 genera
563 2713 783 2753 observari
818 2713 930 2763 licet,
959 2714 1033 2766 qui
1065 2720 1143 2754 aut
1173 2727 1320 2767 pravo,
1349 2719 1426 2753 aut
1457 2717 1573 2752 certe

115 2798 203 2826 non
243 2786 425 2839 optimo,
456 2793 500 2828 et
535 2800 666 2840 quem
704 2786 975 2828 Constitutio
1010 2788 1201 2840 requirit,
1234 2786 1320 2826 fine
1357 2786 1577 2826 ducuntur

545 2874 558 2895 1
590 2877 687 2919 Spec.
709 2877 801 2909 Disc.
822 2888 854 2919 p.
875 2886 901 2909 1.
924 2888 949 2910 c.
971 2886 1002 2918 4.
1023 2881 1102 2909 extr.
