1903 3197
282 234 380 290 614
611 230 691 276 De
722 230 912 276 ratione
945 228 1138 275 vivendi
1170 228 1433 276 Socz'etatzs.

284 363 690 418 experientissimus
722 363 852 404 docet
874 374 971 404 cum
996 363 1083 404 ait:
1118 363 1200 405 “Si
1224 369 1399 404 secutus
1420 369 1488 403 est
1508 376 1582 403 cor
1603 376 1751 403 meum

284 439 437 480 oculus
479 438 639 489 meus,”
682 452 781 492 quae
823 452 890 479 res
931 452 1116 479 summae
1158 438 1440 479 continentiae
1488 443 1554 478 est
1605 438 1752 478 index.

286 514 552 563 Dorotheus,
578 514 666 556 Ser.
694 525 757 565 24
793 517 814 533 “
834 514 946 554 Haec
968 514 1070 563 est,'’
1095 514 1248 567 inquit,
1273 515 1295 533 “
1311 512 1539 562 modestia,
1563 518 1607 553 et
1627 518 1754 566 grata

285 589 386 630 Deo
428 589 703 642 compositio,
753 589 944 642 primurn
987 603 1074 630 non
1117 589 1392 630 circumferre
1432 587 1518 629 huc
1560 593 1604 628 et
1654 588 1756 629 illuc

284 664 447 713 oculos,
472 664 548 704 sed
572 678 671 717 quae
694 670 796 707 ante
818 670 861 705 te
883 670 985 704 sunt
1007 664 1149 705 solum
1174 663 1368 705 intueri.''

374 739 621 780 Bernardus
672 739 729 779 de
786 750 845 779 12.
887 739 1006 793 grad.
1050 753 1150 779 cum
1195 740 1249 780 de
1291 738 1429 780 oculis
1470 738 1756 779 demittendis

285 814 555 868 praeciperet,
599 814 826 854 “Duabus
867 814 924 853 de
964 814 1142 862 causis‚''
1195 814 1347 867 inquit,
1398 812 1758 867 “inculpabiliter

286 888 437 930 oculos
474 888 604 938 levas,
638 895 686 929 ut
722 894 848 941 petas
884 888 1099 928 auxilium
1136 902 1162 928 a
1200 889 1310 938 Deo,
1333 888 1402 929 vel
1440 894 1488 929 ut
1525 888 1756 942 impendas

284 963 530 1017 proximo.”

373 1038 450 1078 Ab
481 1037 566 1079 hoc
600 1037 774 1079 videtur
803 1038 1043 1092 sumpsisse
1075 1038 1384 1079 Bonaventura
1421 1038 1463 1078 in
1502 1037 1626 1092 Spec.
1662 1038 1754 1080 Dis.

285 1127 327 1168 p.
367 1123 402 1164 3.
437 1127 470 1153 0.
506 1122 542 1165 7.
608 1113 787 1153 “Levat
828 1113 1008 1166 quidem
1062 1113 1283 1166 Propheta
1334 1112 1485 1153 oculos
1537 1119 1584 1153 ut
1634 1118 1759 1166 petat

287 1187 516 1237 auxilium,
541 1188 760 1228 Dominus
783 1194 831 1229 ut
853 1187 1091 1242 impendat.
1166 1187 1235 1228 Tu
1263 1188 1476 1241 quoque,’'
1510 1188 1663 1241 inquit,
1686 1187 1758 1228 “si

287 1261 447 1312 locum,
471 1276 650 1303 causam
681 1269 725 1303 et
747 1268 923 1316 tempus
951 1263 1213 1312 consideras,
1238 1269 1314 1303 tua
1334 1262 1403 1303 vel
1435 1262 1578 1303 fratris
1610 1277 1760 1304 neces-

287 1338 422 1379 sitate
455 1338 606 1380 oculos
640 1338 770 1387 levas,
806 1351 893 1379 non
927 1338 1070 1378 solum
1105 1351 1193 1379 non
1227 1338 1369 1392 culpo,
1405 1338 1482 1379 sed
1520 1338 1757 1392 plurimum

288 1412 433 1459 laudo.
515 1412 616 1453 Hoc
668 1413 784 1453 enim
839 1420 1023 1454 excusat
1075 1413 1259 1463 miseria,
1302 1413 1409 1453 illud
1452 1413 1758 1455 misericordia.

291 1486 372 1528 Sin
404 1487 523 1537 alias,
547 1501 634 1527 non
666 1487 907 1541 prophetae,
936 1501 1023 1528 non
1058 1487 1251 1536 Domini,
1275 1488 1352 1528 sed
1385 1488 1515 1528 Dinae
1541 1487 1609 1528 vel
1640 1487 1763 1537 Evae,

290 1562 381 1602 imo
402 1562 550 1615 potius
574 1561 753 1603 Satanae
777 1562 1044 1602 imitatorem
1067 1568 1111 1602 te
1133 1561 1359 1602 dixerim.’‘

378 1635 620 1676 Anselmus
663 1636 686 1676 1.
731 1637 786 1676 de
830 1636 1066 1678 Similitud.
1120 1636 1232 1677 inter
1277 1637 1359 1677 tria
1404 1651 1503 1689 quae
1548 1635 1760 1689 juvenum

290 1712 480 1764 insignia
508 1711 614 1751 dicit
643 1725 749 1760 esse,
778 1717 979 1751 numerat
1008 1711 1200 1764 corporis
1226 1711 1554 1760 continentiam,
1569 1713 1647 1750 “ut
1672 1724 1761 1751 non

290 1784 480 1833 leviter,’'
534 1785 688 1838 inquit,
743 1788 763 1804 “
786 1784 936 1825 oculos
987 1784 1073 1825 huc
1125 1784 1313 1838 illucque
1364 1785 1555 1834 reducat,
1608 1798 1764 1825 manus

292 1859 484 1913 pedesve
536 1873 624 1899 non
670 1865 873 1909 moveat,
926 1859 1002 1899 sed
1047 1859 1195 1899 omnia
1232 1860 1425 1912 corporis
1462 1859 1526 1899 sui
1564 1859 1766 1900 membra

292 1933 501 1974 decenter
528 1933 788 1974 contineat.'’

384 2008 608 2061 Exempla
630 2022 735 2048 vero
759 2007 1025 2048 Sanctorum
1059 2021 1158 2060 quae
1190 2007 1378 2048 suadent
1409 2007 1571 2056 oculos,
1600 2007 1768 2048 vultus-

294 2097 382 2136 que
414 2083 658 2133 demittere,
687 2088 899 2123 sexcenta
931 2096 1026 2122 esse
1058 2089 1254 2136 possunt,
1282 2082 1359 2123 sed
1391 2083 1496 2123 satis
1528 2089 1593 2123 est
1624 2096 1766 2137 pauca

294 2158 501 2210 quaedam
525 2158 580 2198 de
602 2158 835 2211 praecipuis
857 2157 1084 2210 attingere.

382 2233 470 2285 Job
499 2233 680 2285 quidem
711 2232 888 2272 solitum
919 2245 1014 2272 esse
1042 2231 1192 2272 000105
1221 2232 1452 2281 custodire,
1474 2237 1519 2272 et
1549 2230 1771 2272 declinare

294 2308 339 2347 in
362 2313 523 2348 terram
553 2312 677 2360 patet
706 2320 763 2346 ex
794 2320 827 2346 0.
853 2317 916 2357 31.
982 2309 1002 2326 “
1021 2306 1173 2359 Pepigi
1200 2306 1344 2346 foedus
1365 2319 1466 2346 cum
1488 2305 1624 2346 oculis
1647 2306 1770 2356 meis,

296 2387 346 2421 ut
369 2395 423 2421 ne
445 2382 687 2434 cogitarem
710 2381 890 2433 quidem
913 2380 969 2420 de
990 2379 1193 2433 virgine.”
1251 2380 1315 2421 Ut
1338 2381 1453 2419 enim
1476 2381 1767 2433 cogitationes

297 2457 442 2497 cordis
477 2462 597 2496 caste
634 2469 804 2496 servare
841 2455 1068 2508 potuisset,
1101 2454 1246 2495 foedus
1277 2468 1374 2495 cum
1413 2454 1550 2495 oculis
1587 2455 1767 2509 pepigit,

297 2543 353 2571 ne
403 2530 522 2583 prius
575 2530 748 2569 incaute
804 2529 1028 2582 aspiceret,
1080 2529 1200 2581 quod
1261 2529 1547 2582 postmodum
1606 2529 1770 2569 invitus

299 2610 479 2645 amaret.
526 2603 640 2644 Haec
664 2603 899 2656 Gregorius
922 2603 993 2643 ibi.
1018 2602 1165 2643 David
1188 2616 1365 2656 quoque
1395 2603 1503 2643 Psal.
1533 2603 1624 2644 118.
1659 2603 1769 2643 “In-

300 2685 507 2720 curvatus
538 2692 648 2727 sum,
681 2684 725 2718 et
755 2677 1012 2718 humiliatus
1048 2691 1145 2717 sum
1178 2676 1529 2730 usquequaque.”
1568 2677 1774 2719 Curvitas

298 2754 357 2795 ad
395 2767 551 2807 corpus
589 2752 782 2793 refertur.
846 2751 934 2804 Qui
972 2758 1120 2792 autem
1154 2766 1311 2805 corpus
1347 2752 1586 2802 incurvant,
1618 2751 1769 2792 000105

298 2827 498 2881 profecto
535 2827 758 2879 dejiciunt.
823 2824 915 2866 Suo
952 2826 1158 2866 nimirum
1196 2825 1343 2866 David
1378 2825 1570 2879 periculo
1601 2825 1766 2874 didicit,

298 2907 349 2942 ut
385 2901 429 2941 in
466 2907 647 2954 aspectu
686 2901 855 2941 cautior
891 2906 1016 2942 esset.
1079 2900 1150 2940 De
1189 2900 1230 2941 S.
1257 2899 1452 2953 Ephrem
1490 2905 1637 2940 narrat
1672 2898 1768 2940 haec

299 2976 576 3019 Sozomenus
607 2975 632 3015 1.
669 2986 703 3027 3.
738 2974 836 3015 hist,
872 2988 905 3015 0.
941 2983 1003 3026 15.
1067 2974 1245 3015 “Fama
1279 2974 1379 3024 est,’'
1414 2974 1566 3027 inquit,
1602 2975 1624 2993 “
1638 2972 1769 3013 muli·
