1903 3197
345 110 603 157 Patientia
637 108 843 170 exemplo
880 109 929 156 S.
948 109 1048 173 Job
1082 108 1375 156 assumenda.
1501 112 1592 170 565

137 247 317 287 flamma
339 257 438 285 eum
462 243 736 283 absumeret:
769 247 812 282 et
841 242 993 294 quavis
1022 242 1112 282 fera
1141 242 1375 282 immanius
1400 241 1596 295 undique

135 333 291 373 corpus
323 316 659 359 circumroderet
686 328 738 355 ac
765 314 1055 356 devoraret:”
1088 315 1154 356 his
1183 315 1326 355 verbis
1354 315 1509 356 beatus
1530 315 1595 356 vir

131 394 275 434 utitur.
353 391 567 442 Idemque
598 389 712 429 hom.
751 399 789 440 9.
825 388 881 428 ad
914 388 1126 442 populum
1159 389 1492 429 Antiochenum
1533 389 1595 429 a'it

132 468 344 508 Satanam
395 476 552 516 corpus
597 462 682 514 Job
728 461 991 502 conscidisse
1043 468 1176 514 atque
1227 463 1369 502 omnis
1420 462 1592 515 generis

131 539 346 581 ulceribus
405 535 733 590 perterebrasse.
836 534 1040 586 Denique
1095 540 1220 574 tanta
1282 542 1374 575 erat
1401 520 1404 524 ’
1431 535 1592 575 doloris

133 612 357 660 acerbitas,
404 617 446 650 et
478 610 542 650 vis
579 609 984 656 cruciamentorum,
1027 613 1076 647 ut
1115 608 1182 647 vel
1226 621 1409 647 summae
1452 609 1593 660 gravi-

131 687 235 728 tatis
274 687 412 725 virum
456 683 617 735 ejulare
659 688 791 734 atque
834 681 1083 721 exclamare
1124 687 1300 733 cogeret
1352 681 1394 720 in
1448 681 1593 721 media.

133 760 266 801 etiam
283 759 510 798 hominum
530 754 801 808 frequentia.1
825 754 1086 803 “Mcerensss’
1105 754 1257 806 inquit,
1277 754 1566 794 “incedebam
1585 767 1593 794 ε

133 833 226 873 sine
248 832 389 872 furore
412 843 688 883 consurgens,
708 830 749 868 in
771 829 899 869 turba
922 828 1220 878 clamabam;'’
1243 828 1311 868 vel
1330 828 1461 879 juxta
1485 828 1593 880 Sep-

134 906 347 958 tuaginta,
372 905 498 944 “sine
522 903 656 942 fraeno
687 903 787 942 steti
821 903 862 941 in
895 907 1011 941 coetu
1039 901 1233 941 clamans
1251 915 1258 941 :
1275 900 1294 914 ’¹
1319 901 1441 953 quasi
1464 901 1593 948 dicat,

134 980 477 1031 intemperanter
494 983 537 1016 et
560 977 694 1015 effuse
715 974 840 1028 ploro
862 987 1007 1014 coram
1028 973 1186 1021 multis,
1203 973 1276 1025 qui
1300 974 1597 1022 circumstant,

136 1051 298 1092 doloris
333 1051 570 1092 acerbitate
597 1049 848 1089 vociferans.
913 1047 1058 1100 Quem
1091 1046 1269 1099 quidem
1303 1046 1513 1098 ejulatum
1546 1059 1596 1087 ac

136 1125 350 1177 gemitum
385 1123 690 1176 magnitudine
726 1121 887 1162 doloris
925 1134 1182 1173 expressum
1217 1120 1341 1160 aliter
1375 1120 1597 1160 extulerat

138 1212 170 1237 C.
198 1209 232 1248 3,
255 1211 353 1237 cum
378 1197 517 1237 dixit:
552 1196 647 1235 “Et
670 1202 881 1247 tanquam
906 1194 1169 1234 inundantes
1191 1208 1318 1246 aqua:
1340 1195 1401 1234 sic
1428 1195 1596 1246 rugitus

138 1271 311 1321 meus;'‘
345 1271 503 1322 quibus
525 1269 666 1309 verbis
689 1274 861 1308 tantum
887 1267 1017 1308 fuisse
1044 1267 1260 1320 significat
1283 1268 1434 1307 fletum
1458 1281 1597 1316 suum,

135 1350 184 1384 ut
218 1344 527 1384 inundantium
562 1356 773 1395 aquarum
811 1341 1003 1381 sonitum
1039 1341 1199 1380 imitari
1233 1341 1459 1380 videretur.
1528 1341 1598 1380 De

137 1417 392 1470 eodemque,
417 1431 448 1456 c.
472 1417 530 1457 16.
595 1420 614 1435 “
632 1414 820 1461 Facies,''
845 1415 996 1466 inquit,
1024 1417 1157 1454 “mea
1186 1415 1394 1454 intumuit
1425 1428 1450 1453 a
1483 1414 1600 1462 fietu,

135 1498 179 1531 et
200 1490 421 1544 palpebrae
447 1503 556 1529 meae
580 1487 914 1541 caligaverunt.''
949 1487 1018 1527 Ac
1035 1487 1224 1539 denique
1241 1487 1374 1526 tantis
1398 1486 1598 1526 dolorum

135 1565 383 1606 fodiebatur
406 1563 575 1610 aculeis,
601 1569 648 1602 ut
675 1576 720 1601 se
752 1561 964 1601 sustinere
996 1574 1124 1613 posse
1157 1560 1381 1600 diffideret.
1449 1559 1598 1613 “Quae

135 1644 201 1678 est
234 1638 350 1678 enim
383 1636 595 1677 fortitudo
618 1649 726 1683 mea,
754 1642 800 1675 ut
823 1636 1062 1674 sustineam
1081 1635 1094 1674 ?
1110 1633 1128 1647 ''
1152 1635 1224 1682 ait,
1247 1648 1280 1674 c.
1304 1634 1339 1673 6.
1367 1638 1479 1673 “aut
1502 1634 1598 1685 quis

134 1712 231 1751 finis
274 1725 408 1760 meus,
450 1717 498 1750 ut
539 1710 757 1762 patienter
807 1708 976 1760 agam?
1028 1721 1107 1747 nec
1149 1707 1360 1747 fortitudo
1401 1707 1598 1760 lapidum

135 1785 346 1825 fortitudo
379 1797 488 1831 mea,
523 1797 602 1822 nec
634 1796 733 1822 caro
767 1795 864 1821 mea
896 1795 1018 1821 aenea
1051 1780 1150 1821 est.’'

224 1865 278 1898 20.
329 1857 527 1910 Spectari
569 1862 715 1909 potest
758 1855 850 1907 ejus
890 1854 1030 1894 morbi
1071 1855 1264 1907 gravitas
1305 1869 1362 1895 ex
1400 1854 1600 1895 foeditate

135 1939 268 1985 atque
318 1929 545 1971 1101-1·01-e:‘2
604 1930 727 1969 aiunt
779 1928 894 1968 enim
950 1928 1036 1979 Job
1088 1928 1241 1968 morbo
1294 1928 1599 1981 elephantiaco

134 2006 364 2046 laborasse.
442 2003 768 2056 Elephantiasis
807 2008 956 2041 autem
1001 2001 1117 2041 idem
1154 2002 1327 2041 videtur
1362 2015 1412 2041 ac
1451 2002 1599 2054 lepra;

135 2080 215 2119 nisi
248 2079 366 2131 quod
399 2083 464 2117 cst
497 2077 701 2123 acerbior,
727 2076 1038 2128 interdumque
1070 2076 1366 2116 curationibus
1398 2076 1601 2128 mitigata

134 2154 289 2194 transit
331 2153 372 2192 in
415 2152 591 2204 lepram.
677 2151 736 2190 Et
778 2156 894 2189 certe
943 2150 1182 2202 pessimum
1227 2150 1450 2203 Scriptura
1492 2150 1598 2190 illud

137 2228 258 2268 ulcus
296 2226 500 2279 appellat,
533 2226 680 2277 aitque
712 2225 879 2263 saniem
915 2223 1235 2263 redundantem
1274 2237 1360 2263 uon
1399 2223 1601 2263 manibus

136 2307 212 2341 aut
241 2301 390 2353 digitis
418 2299 504 2351 Job
533 2299 778 2345 obtersisse,
805 2297 881 2337 sed
914 2303 1051 2337 testa:
1085 2310 1139 2336 ne
1160 2297 1373 2346 videlicet,
1397 2304 1445 2338 ut
1473 2303 1601 2350 putat

140 2375 491 2427 Chrysostomus,
516 2373 682 2413 curatio
713 2377 827 2411 esset
863 2370 1190 2411 stomachosior.
1254 2370 1434 2422 Quanto
1469 2371 1601 2424 igitur

138 2454 231 2488 erat
258 2448 436 2494 horrori,
461 2460 681 2499 quamque
712 2445 879 2484 foedum
912 2458 1069 2497 corpus
1101 2445 1220 2494 illud,
1243 2445 1361 2496 quod
1394 2458 1419 2484 a
1450 2445 1602 2497 planta

139 2521 264 2574 pedis
306 2534 444 2572 usque
485 2520 540 2559 acl
582 2519 789 2559 verticem
844 2518 1057 2558 ulceribus
1109 2519 1318 2570 sanieque
1365 2519 1600 2558 manabat!

140 2601 319 2647 eratque
336 2594 548 2634 vermium
567 2593 705 2632 fluxio
729 2592 801 2631 illa
818 2599 1039 2645 perpetua,
1057 2598 1104 2632 ut
1122 2592 1238 2632 idem
1258 2592 1603 2644 Chrysostomus

142 2670 215 2718 ait,
242 2682 268 2708 a
290 2667 447 2720 quibus
470 2667 762 2707 devorabatur
784 2672 826 2705 et
856 2666 1178 2706 absumebatur.
1241 2666 1311 2705 De
1342 2666 1408 2705 his
1441 2666 1603 2718 quippe

142 2742 228 2795 Job
269 2742 363 2794 ipse
405 2740 607 2792 loquitur,
657 2754 756 2779 cum
799 2741 860 2779 ait
881 2738 911 2779 :3
955 2739 1079 2792 “Qui
1122 2753 1192 2779 me
1238 2739 1476 2780 comedunt
1517 2753 1604 2780 non

407 2828 418 2847 ¹
447 2829 484 2860 C.
507 2837 557 2869 30.
737 2827 749 2845 ²
773 2830 813 2859 In
830 2829 1019 2870 Olympiad.
1199 2827 1211 2846 ³
1235 2829 1273 2859 C.
1296 2836 1346 2868 30.
