1903 3197
278 189 370 235 592
606 173 686 219 De
718 173 908 219 ratione
942 173 1135 218 vivendi
1171 172 1433 220 societatis.

275 306 566 359 cogitationes
603 306 659 346 ad
698 306 892 346 animam
928 305 1105 355 intrant,
1144 305 1263 357 quod
1301 304 1608 358 propheticum
1643 306 1750 346 illud

275 380 495 421 declarat:
531 380 756 420 “Intravit
786 393 904 419 mors
935 393 1013 432 per
1045 378 1257 419 fenestras
1290 392 1422 428 meas,
1456 379 1652 431 ingressa
1684 386 1751 420 est

274 453 458 494 domum
482 452 707 494 nostram.1
771 454 830 493 Et
852 453 947 493 haec
970 459 1036 493 est
1058 466 1190 492 causa
1213 466 1288 492 cur
1311 453 1353 492 P.
1373 453 1574 506 Ignatius
1597 459 1749 494 monet

274 542 354 568 nos
391 528 434 567 in
473 527 749 581 appellandis
791 527 1047 581 parentibus
1090 527 1310 566 abstinere
1353 540 1432 567 nos
1468 527 1610 567 verbis
1648 541 1748 580 quae

273 602 416 642 carnis
458 601 685 642 declarant
726 601 946 650 affectum,
986 607 1033 641 ut
1075 601 1284 654 loquendi
1329 600 1488 641 modus
1531 601 1749 641 sentiendi

275 675 457 716 modum
488 675 622 728 juvet.
687 674 819 728 Quod
844 676 886 715 in
910 676 1079 715 caeteris
1102 676 1235 715 etiam
1262 681 1395 728 patet.
1459 674 1621 723 Tertio,
1647 675 1749 728 quia

273 764 376 791 cura
418 749 491 790 illa
533 751 748 803 perennis,
792 763 925 802 quam
970 750 1155 802 quisque
1197 749 1379 790 adhibet
1422 749 1465 789 in
1510 749 1747 789 fraenandis

274 824 682 877 componendisque
719 824 912 876 corporis
950 824 1155 872 motibus,
1189 823 1426 876 plurimum
1466 824 1598 864 etiam
1631 823 1748 864 valet

274 899 329 939 ad
353 897 686 950 componendos
709 897 843 936 animi
868 902 1014 936 motus
1036 910 1043 945 3
1070 902 1117 936 ut
1140 910 1197 936 ex
1222 910 1267 937 se
1289 898 1470 950 planum
1495 903 1570 937 est.

361 971 542 1024 Quarto.
608 971 681 1010 Ex
713 972 932 1011 exteriore
963 971 1262 1011 membrorum
1287 971 1434 1023 quiete
1456 972 1591 1012 oritur
1614 973 1745 1012 inter-

273 1047 379 1087 dum
403 1045 527 1098 quies
550 1045 738 1093 interior,
762 1045 874 1084 sicut
897 1059 954 1085 ex
981 1045 1062 1084 hac
1086 1045 1276 1085 vicissim
1300 1044 1399 1093 illa;
1432 1045 1606 1085 videtur
1629 1046 1744 1084 enirn

271 1120 434 1160 habere
457 1124 604 1158 motus
628 1118 820 1158 exterior
836 1119 924 1158 virn
949 1119 1190 1171 quamdam
1216 1119 1440 1159 excitandi
1466 1119 1715 1159 interiorem
1736 1133 1743 1159 :

273 1208 378 1247 ergo
401 1200 443 1233 et
466 1193 590 1246 quies
617 1193 810 1232 exterior
841 1193 1050 1245 gignendi
1083 1198 1160 1232 aut
1183 1199 1299 1233 certe
1332 1192 1565 1233 inchoandi
1600 1193 1747 1233 interi-

272 1281 420 1308 orem:
474 1273 522 1306 ut
564 1266 696 1307 ctiam
739 1280 829 1306 vox
882 1266 1037 1306 elatior
1079 1273 1155 1306 aut
1197 1267 1329 1307 etiam
1373 1267 1539 1307 clamor
1581 1267 1747 1307 excitat

270 1341 470 1382 vocantis
507 1346 583 1381 aut
620 1340 853 1380 clamantis
890 1341 1099 1380 animum.
1166 1340 1363 1394 Ideoque
1406 1342 1518 1381 inter
1559 1347 1745 1381 eceteras

271 1429 426 1456 causas
458 1415 553 1454 hrec
583 1419 648 1454 est
672 1428 769 1463 una,
793 1428 869 1454 cur
890 1414 1053 1455 vocalis
1087 1414 1350 1455 adhibeatur
1386 1415 1526 1455 oratio
1560 1417 1616 1455 ad
1649 1429 1746 1468 pre-

268 1488 459 1530 candum
485 1489 630 1528 Deum
651 1502 657 1528 :
692 1502 778 1527 non
809 1488 927 1540 quod
951 1502 1069 1538 voce,
1094 1495 1142 1528 ut
1165 1502 1244 1529 nos
1266 1489 1428 1537 audiat,
1454 1495 1581 1541 egeat
1605 1489 1742 1537 Deus,

272 1564 375 1617 quia
398 1563 552 1603 intima
575 1568 724 1602 nostra
747 1563 953 1615 perspicit
973 1577 979 1602 :
1007 1563 1083 1602 sed
1107 1563 1211 1615 quia
1233 1577 1322 1603 vox
1347 1564 1440 1616 ipsa
1464 1576 1543 1603 nos
1566 1564 1746 1611 excitat,

270 1643 314 1678 et
351 1637 597 1677 inflammat
632 1642 757 1676 tanto
795 1637 946 1686 aerius,
975 1644 1021 1677 ut
1060 1643 1305 1677 currentem
1340 1637 1434 1689 jam
1467 1650 1630 1689 equum
1664 1637 1747 1677 fre--

268 1725 406 1764 quens
430 1710 581 1751 calcar.
642 1709 1037 1762 Quemadmodum
1063 1712 1179 1750 enim
1205 1717 1329 1751 actus
1352 1711 1546 1751 exterior
1567 1711 1745 1751 alterius

269 1785 462 1826 hominis
495 1785 584 1824 vim
623 1784 758 1824 habet
797 1785 1020 1825 excitandi
1061 1785 1196 1825 animi
1236 1786 1349 1835 mei;
1388 1799 1489 1825 nam
1526 1791 1570 1825 et
1601 1786 1744 1834 verba,

272 1865 315 1900 et
348 1865 491 1908 nutus,
515 1864 559 1898 et
592 1864 739 1898 motus
772 1858 856 1908 alii,
880 1865 927 1899 ut
960 1859 1002 1898 in
1036 1865 1208 1899 oratore
1241 1860 1469 1908 cernimus,
1498 1859 1745 1899 animorum

269 1939 416 1974 motus
454 1933 496 1973 in
535 1932 736 1973 auditore
772 1932 901 1973 valde
936 1934 1188 1974 concitant:
1231 1934 1293 1973 sic
1330 1947 1453 1973 meus
1491 1933 1584 1986 ipse
1621 1939 1744 1974 actus

269 2007 463 2047 exterior
485 2007 672 2046 eandem
702 2006 865 2046 habere
887 2006 975 2046 vim
1000 2007 1133 2047 debet
1154 2007 1210 2047 ad
1235 2007 1523 2047 excitandum
1548 2007 1743 2047 animum

269 2081 312 2121 in
336 2095 406 2121 me
430 2081 551 2135 ipso:
586 2094 728 2133 neque
751 2082 867 2120 enim
891 2080 1115 2121 dissimilis
1137 2081 1311 2121 videtur
1333 2081 1453 2121 ratio.

366 2290 433 2319 AD
468 2289 609 2328 QUEM
644 2289 878 2320 ORDINEM
914 2289 975 2319 EA
1008 2289 1123 2328 QUAE
1156 2288 1399 2320 TRADUNT
1434 2288 1645 2318 REGULE

804 2354 1150 2384 REVOCENTUR.

356 2433 540 2486 QUOAD
574 2435 824 2483 TERTIUM,
858 2435 1063 2474 nimirum
1102 2435 1158 2474 ad
1197 2448 1327 2487 quem
1362 2435 1559 2474 ordinem
1592 2436 1741 2475 omnia

268 2523 366 2562 quae
409 2510 670 2562 praecipiunt
714 2508 887 2561 regulae,
932 2510 1124 2549 revocari
1177 2510 1357 2562 possint,
1404 2509 1741 2562 Respondetur:

267 2583 343 2623 Ad
387 2583 582 2635 quinque
625 2583 782 2635 capita.
862 2583 979 2622 Nam
1022 2596 1121 2622 cum
1164 2583 1371 2635 quaedam
1414 2582 1499 2622 illae
1543 2582 1740 2623 universe

266 2657 538 2709 praecipiant,
582 2657 789 2709 quaedam
833 2657 1103 2708 singillatim,
1147 2658 1338 2710 primum
1381 2663 1513 2710 caput
1563 2657 1643 2697 erit
1685 2656 1740 2696 de

265 2731 498 2783 praeceptis
552 2731 595 2770 in
649 2731 911 2779 universum,
953 2730 1085 2782 juxta
1131 2731 1318 2783 primam
1370 2736 1413 2770 et
1459 2730 1737 2770 undecimam

265 2804 474 2856 regulam.
555 2804 808 2845 Secundum
848 2811 992 2857 caput,
1032 2804 1106 2844 ubi
1145 2805 1200 2844 ad
1240 2803 1473 2857 singularia
1515 2809 1738 2857 praecepta

881 2894 893 2912 ¹
920 2894 1067 2926 Hierem.
1090 2903 1118 2934 9.
