1903 3197
287 166 378 198 202
607 150 687 195 Dc
720 150 908 196 ratione
942 149 1134 195 vivendi
1165 149 1425 194 Socz'cmfe's.

285 284 393 323 Ideo
430 282 507 323 SS.
534 283 686 323 Patres
718 282 800 323 hoc
835 283 967 323 etiam
1003 283 1254 336 praesidium
1294 296 1382 335 prae
1419 281 1622 320 omnibus
1656 278 1750 319 aliis

282 357 489 396 adversus
551 356 776 396 diabolum
829 370 947 410 saepe
999 356 1326 403 commendant,
1380 369 1490 406 quos
1543 353 1748 405 colligere

284 443 658 482 supervacaneum
706 437 782 479 est,
827 445 926 471 cum
980 431 1022 471 id
1075 430 1237 483 passim
1293 430 1334 468 in
1388 442 1538 468 eorum
1581 427 1752 479 scriptis

284 504 550 556 reperiatur;
593 510 641 544 ut
679 504 973 557 intelligamus
1016 504 1240 557 proprium
1280 510 1322 543 et
1364 500 1747 542 accommodatum

282 578 534 630 praesidium
568 578 776 619 adversus
799 579 1024 619 diabolum
1048 578 1257 618 orationis
1279 577 1416 617 telum
1452 590 1556 616 esse.
1621 575 1750 623 Nam,

287 656 335 692 ut
381 652 442 691 ait
496 652 742 692 Macarius:
797 652 882 693 “Si
937 652 1097 692 suerint
1138 653 1364 691 daemones
1409 650 1554 697 sortes,
1599 649 1752 689 robore

286 726 508 766 montibus
542 725 661 766 haud
697 727 932 775 absimiles,
967 727 1022 766 ab
1055 727 1251 766 oratione
1284 725 1613 768 comburuntur,
1632 722 1753 762 velut

279 813 384 840 ⁴cera
420 800 476 840 ab
515 799 661 852 igni.'⁷1
743 801 939 852 Ideoque
982 799 1111 840 Nilus
1148 800 1367 839 affirmat:
1411 798 1597 839 ¹‘Omne
1633 796 1753 849 quod

284 874 512 913 instruitur
563 873 740 921 bellum,
794 874 905 913 inter
947 887 1027 913 nos
1078 874 1360 926 impurosque
1424 872 1614 924 spiritus,
1666 883 1753 910 non

282 947 341 987 ob
398 947 516 986 aliud
575 946 634 991 fit,
695 960 827 998 quam
887 947 945 986 ob
995 946 1268 999 spiritualem
1324 945 1583 990 orationem,
1626 943 1755 984 valde

282 1034 475 1073 namque
509 1020 614 1073 ipsis
651 1019 825 1060 hostilis
868 1026 944 1067 est,
978 1033 1028 1060 ac
1073 1019 1269 1059 maxime
1312 1016 1548 1058 inimica.''²
1621 1017 1755 1070 Prop-

284 1102 405 1135 terea
468 1094 811 1146 Chrysostomus
877 1095 972 1146 ait}
1035 1092 1272 1146 “Spiritus
1336 1092 1553 1144 malignos
1615 1092 1755 1131 conti-

286 1174 440 1208 nenter
481 1167 769 1207 obambulare
811 1167 1096 1207 observantes
1134 1180 1224 1214 nos,
1261 1172 1308 1205 ut
1351 1167 1384 1205 si
1429 1179 1559 1218 quem
1604 1165 1756 1218 depre-

284 1241 517 1281 henderint
578 1241 789 1280 orationis
851 1241 1057 1294 praesidio
1111 1241 1339 1287 nudatum,
1395 1253 1495 1278 cum
1558 1238 1756 1291 protinus

285 1313 566 1368 abripiant.''³³
649 1315 707 1355 Et
741 1314 956 1367 Origenes
990 1315 1031 1354 in
1064 1314 1150 1366 Job
1193 1313 1323 1353 dicit:
1377 1312 1523 1364 “Ejus
1565 1311 1688 1360 filios,
1721 1312 1757 1351 si

284 1394 514 1442 precantes
546 1394 724 1429 satanas
759 1389 1006 1437 invenisset,
1042 1394 1090 1428 ut
1133 1387 1296 1427 invenit
1340 1385 1580 1439 epulantes,
1615 1385 1756 1425 nullas

287 1463 331 1503 in
383 1477 434 1502 eo
485 1463 597 1503 vires
649 1462 903 1503 habitururn
947 1461 1114 1502 fuissc.''
1199 1460 1358 1513 Quare,
1402 1474 1501 1500 cum
1549 1459 1757 1499 adversus

287 1536 452 1577 diaboli
495 1536 762 1576 tentationes
814 1536 1037 1589 proprium
1082 1536 1333 1575 antidotum
1388 1535 1443 1573 sit
1494 1534 1758 1586 deprecatio,

278 1610 381 1663 rjure
411 1611 580 1664 optimo
616 1611 852 1663 Scriptura:
889 1611 1077 1658 Sanctae,
1103 1623 1200 1649 cum
1226 1610 1434 1649 adversus
1464 1607 1556 1660 ejus
1588 1621 1759 1661 pugnas

289 1685 349 1725 ire
372 1698 451 1724 nos
474 1690 667 1733 monent,
692 1684 900 1724 orationis
923 1691 1048 1724 scuto
1072 1690 1204 1736 atquc
1238 1682 1441 1735 praesidio
1465 1695 1544 1721 nos
1563 1688 1758 1731 armant;

283 1758 470 1811 ejusque
486 1758 754 1798 tentationes
770 1758 1019 1797 orationum
1035 1757 1193 1809 vigiliis
1208 1756 1546 1797 antevertendas
1561 1754 1757 1796 suadent.

291 1832 561 1874 Constitutio
586 1846 690 1872 vero
723 1838 883 1881 nostra,
907 1832 1116 1884 quoniam
1141 1830 1195 1870 de
1219 1830 1548 1879 tentationibus,
1572 1835 1619 1869 ut
1652 1829 1760 1878 dixi,

289 1906 482 1959 loquitur
514 1912 562 1946 ut
597 1919 653 1945 ex
684 1905 810 1945 nobis
845 1911 989 1945 ortum
1025 1905 1201 1953 habent,
1236 1918 1288 1944 ea
1321 1903 1527 1956 praesidia
1564 1903 1759 1956 suggerit

286 1994 389 2034 -quae
424 1979 727 2032 hujuscemodi
762 1979 1080 2020 tentationibus
1114 1985 1218 2032 apta
1256 1984 1367 2026 sunt,
1396 1977 1757 2017 exercitationem

289 2056 454 2097 scilicet
484 2068 701 2107 usumque
728 2053 1003 2107 frequentem
1037 2053 1350 2093 contrariarum
1376 2052 1614 2100 virtutum;
1647 2051 1759 2091 sicut

291 2130 444 2171 secisse
478 2128 723 2168 Dominum
758 2127 994 2180 Gregorius
1031 2127 1246 2175 observat,
1281 2125 1368 2178 Qui
1411 2132 1639 2177 tamquam
1672 2139 1759 2164 coe·

289 2203 411 2244 lestis
444 2202 640 2242 medicus
672 2201 891 2242 contraria
932 2200 1139 2253 opposuit
1182 2200 1506 2240 medicamenta
1538 2199 1758 2252 peccatis;

287 2284 337 2319 -et
382 2276 494 2316 sicut
546 2276 757 2329 praecepit
809 2273 1027 2324 Basilius‚4
1073 2288 1171 2314 cum
1214 2273 1308 2314 vult
1359 2273 1566 2313 affectum
1619 2273 1761 2313 inanis

289 2351 441 2405 gloriae
464 2363 625 2399 curare,
650 2349 721 2389 ubi
745 2349 883 2389 utitur
905 2348 1061 2388 iisdem
1085 2348 1174 2389 fere
1197 2346 1370 2388 verbisf'

377 2431 436 2476 4³.
478 2423 693 2476 Objectio.
758 2422 857 2472 Cur,
896 2436 995 2462 cum
1029 2421 1285 2474 exemplum
1319 2422 1443 2475 ponit
1477 2421 1518 2460 P.
1556 2420 1759 2474 Ignatius

288 2497 618 2541 antevertendae
653 2497 909 2537 tentationis
946 2510 1024 2549 per
1057 2497 1204 2536 studia
1238 2496 1465 2543 contraria,
1502 2495 1638 2535 utitur
1674 2494 1756 2535 hoc

292 2571 501 2625 loquendi
537 2571 696 2610 modo:
731 2571 880 2611 “Cum
904 2571 1001 2623 quis
1033 2570 1396 2610 animadvertitur
1418 2568 1474 2609 ad
1505 2568 1752 2621 superbiam

292 2660 386 2687 esse
418 2657 673 2699 propensus,
707 2644 900 2684 exerceri
937 2644 972 2682 is
1005 2643 1139 2683 debet
1171 2643 1214 2682 in
1248 2643 1376 2682 rebus
1410 2641 1757 2695 abjectioribus.”

287 2734 342 2761 ac
378 2732 465 2759 non
500 2718 646 2770 potius
681 2718 824 2757 activa
859 2716 1179 2768 significatione
1215 2729 1316 2755 usus
1351 2721 1427 2764 est,
1451 2715 1625 2755 dicens:
1658 2728 1755 2754 cum

423 2832 433 2851 ¹
462 2834 564 2864 Hom.
584 2840 637 2874 43.
796 2829 810 2849 ‘³
832 2831 885 2862 De
909 2831 1000 2862 Orat.
1023 2841 1050 2861 c.
1071 2839 1122 2870 49.
1290 2828 1303 2847 ³
1328 2830 1382 2861 De
1405 2830 1518 2862 orand.
1539 2830 1623 2861 Deo.

531 2883 546 2903 4
571 2884 674 2916 Hom.
695 2890 746 2924 32.
769 2882 802 2914 in
826 2881 947 2914 Matth.
1129 2880 1142 2899 ⁵
1168 2881 1249 2921 Reg.
1272 2881 1362 2912 brev.
1380 2881 1421 2921 Q.
1443 2879 1514 2920 289.
