1903 3197
242 151 336 206 264
563 149 644 195 De
675 150 865 196 ratione
900 149 1091 196 vivendi
1124 150 1384 197 Socz'etatz's.

239 280 429 333 ignosco.
495 282 547 321 In
570 281 643 321 illa
666 281 965 334 disputatione
987 283 1230 336 pugnacius
1256 282 1428 322 locutus
1450 295 1506 322 es.
1572 281 1702 322 Illum

239 353 416 393 liberius
457 355 737 403 admonuisti,
781 369 913 407 quam
956 356 1147 396 debebat
1190 355 1293 396 etc.'’
1356 353 1489 407 Quod
1532 356 1565 395 si
1608 355 1703 395 haec

240 427 429 475 Ethnici,
473 429 577 480 quid
630 428 794 469 faciunt
843 429 1077 470 Christiani
1121 430 1194 482 qui
1247 430 1520 469 verissimam
1573 427 1703 481 profi-

238 505 387 539 tentur
420 501 759 554 Philosophiam,
795 509 837 543 et
870 503 1029 555 quibus
1062 516 1187 542 verus
1220 503 1353 551 Deus,
1386 508 1430 541 et
1461 515 1562 541 vera
1595 501 1714 541 fides-

238 572 420 614 illuxit?
498 575 587 615 Sed
629 575 729 615 hinc
773 576 1056 628 intelligimus
1099 581 1265 628 quanta
1309 576 1364 615 sit
1405 576 1468 615 vis
1510 575 1702 623 rationis,

238 659 338 698 quae
380 649 624 699 quotidiani
669 650 887 689 examinis
929 650 1238 690 necessitatem
1274 649 1414 689 docet.
1494 647 1703 700 Sequitur

236 719 379 771 igitur,
414 727 460 760 ut
493 722 611 774 quod
643 724 835 762 secundo
869 722 965 763 loco
997 724 1271 776 propositum
1306 729 1397 763 erat
1426 723 1482 762 de
1514 721 1702 761 utilitate

239 793 445 834 dicamus.

319 996 344 1050 ξ
378 1005 647 1044 2.—‹2150A1)
684 1004 994 1036 UTILITATEM
1029 1004 1333 1043 QUOTIDIANI
1368 1005 1623 1037 EXAMINIS.

325 1095 532 1146 Quinque
562 1101 662 1133 sunt
698 1094 975 1146 potissimum
1007 1093 1218 1133 utilitates
1250 1094 1492 1133 Examinis.
1557 1095 1703 1136 Prima

237 1174 302 1208 est
339 1168 441 1207 vita:
482 1168 653 1207 Puritas
691 1182 747 1207 ex
787 1167 1095 1207 emendatione
1130 1180 1315 1216 morum,
1349 1181 1447 1219 quae
1486 1169 1705 1209 examinis

236 1241 335 1280 finis
368 1247 442 1280 est.
510 1241 571 1281 Ut
604 1242 720 1280 enim
761 1241 950 1293 opificeS,
982 1255 1039 1280 ex
1072 1247 1275 1280 accurata
1307 1254 1484 1280 suorum
1522 1255 1702 1294 operum

237 1314 519 1367 inspectione,
578 1315 934 1366 inquirendisque
993 1314 1081 1353 suis
1144 1314 1341 1366 quotidie
1397 1314 1524 1361 vitiis,
1582 1315 1705 1355 lima-

236 1388 392 1427 tissimi
441 1394 574 1440 atque
623 1387 936 1427 absolutissimi
988 1389 1206 1436 evadunt;
1263 1388 1334 1435 ita,
1372 1388 1444 1439 qui
1504 1389 1546 1426 in
1602 1402 1704 1428 suos

236 1462 433 1513 quotidie
467 1476 608 1501 mores
644 1461 785 1501 solent
818 1462 1177 1505 animadvertere,
1211 1467 1255 1500 et
1289 1461 1504 1512 quidquid
1538 1462 1581 1501 in
1614 1462 1702 1502 vita

236 1536 328 1575 vitii
368 1535 519 1574 incidit
554 1535 794 1580 observare,
827 1535 1022 1587 puriores
1056 1535 1195 1574 indies
1227 1534 1452 1583 evadunt;
1485 1534 1700 1587 frequenti

237 1623 428 1661 namque
467 1609 772 1648 observatione
815 1609 878 1647 sui
919 1609 1179 1647 minuuntur
1213 1609 1329 1656 vitia,
1370 1613 1424 1656 et,
1462 1614 1509 1647 ut
1546 1608 1600 1647 de
1643 1609 1703 1648 ira

239 1682 408 1723 Seneca
442 1683 574 1722 dicit:
625 1682 849 1721 “Desinet
880 1682 942 1720 ira
977 1687 1019 1720 et
1053 1682 1132 1720 erit
1165 1681 1442 1729 moderatior,
1467 1694 1565 1732 quae
1598 1681 1704 1721 sciet

238 1757 435 1808 quotidie
466 1756 522 1795 ad
555 1755 751 1807 judicem
785 1768 878 1794 esse
908 1753 1232 1793 veniendum.‘'1
1294 1755 1340 1793 B.
1364 1754 1622 1794 Vincentius
1648 1756 1703 1795 ad

237 1830 473 1882 puritatem
511 1835 554 1868 et
587 1828 849 1867 munditiam
883 1828 1026 1867 cordis
1064 1828 1175 1867 inter
1216 1827 1301 1867 alia
1332 1827 1590 1879 adjumenta
1621 1828 1704 1868 hoc

237 1903 403 1949 suadet,
429 1908 476 1942 ut
510 1901 695 1953 quisque
731 1916 775 1941 se
810 1902 953 1953 ipsum
991 1902 1084 1940 sine
1118 1901 1360 1940 cessatione
1395 1901 1639 1941 consideret
1662 1908 1705 1941 et

237 1990 410 2029 semper
447 1978 539 2016 sine
575 1976 855 2015 simulatione
885 1975 1106 2027 dijudicet,
1131 1975 1174 2013 in
1209 1975 1328 2014 omni
1364 1980 1475 2023 actu,
1507 1976 1549 2014 in
1582 1976 1700 2015 omni

237 2050 469 2097 locutione,
506 2050 547 2088 in
588 2050 707 2088 omni
752 2049 1019 2101 cogitatione
1061 2062 1149 2093 sua,
1184 2048 1225 2086 in
1269 2048 1387 2086 omni
1430 2047 1616 2087 lectione
1657 2061 1702 2087 se

243 2124 385 2175 ipsum
432 2121 751 2175 1·ep1·ehendat.‘2
827 2122 1102 2161 Humbertus
1143 2120 1372 2173 pulchrum
1407 2120 1533 2160 affert
1566 2121 1705 2160 simile

238 2197 294 2236 ad
348 2197 390 2235 id
444 2196 732 2235 efficiendum.
795 2196 888 2234 “In
942 2195 1105 2234 Exodo
1153 2195 1267 2233 enim
1315 2194 1430 2234 dixit
1483 2194 1702 2234 Dominus

239 2270 412 2321 Moysi:
448 2270 606 2308 ‘Mitte
644 2282 823 2308 manum
862 2274 983 2307 tuam
1023 2269 1064 2307 in
1100 2268 1241 2307 sinum
1276 2274 1410 2316 tuum,
1435 2282 1567 2321 quam
1600 2282 1699 2308 cum

236 2343 426 2382 misisset
449 2343 490 2381 in
514 2343 669 2389 sinum,
694 2341 876 2394 protulit
898 2341 1127 2394 leprosam.
1194 2341 1397 2389 Retrahe,
1422 2343 1492 2389 ait,
1517 2355 1695 2395 manum

235 2421 357 2456 tuam
392 2417 433 2454 in
466 2417 610 2455 sinum
633 2422 767 2455 tuum.
834 2415 1050 2460 Retraxit,
1076 2421 1119 2454 et
1140 2414 1322 2467 protulit
1349 2416 1516 2463 iterum,
1540 2420 1583 2454 et
1606 2421 1696 2455 erat

237 2489 390 2528 similis
413 2490 528 2528 carni
554 2488 773 2540 reliquae.'³
837 2488 916 2527 Ille
946 2502 1126 2528 manum
1158 2490 1201 2527 in
1232 2489 1375 2527 sinum
1399 2501 1525 2527 suum
1549 2488 1696 2535 mittit,

238 2564 341 2615 quia
382 2563 425 2602 in
468 2563 599 2602 corde
631 2561 907 2614 operationes
939 2575 1040 2601 suas
1078 2561 1268 2609 discutit,
1301 2561 1344 2600 in
1383 2561 1539 2613 quibus
1577 2561 1700 2601 initio

235 2636 403 2689 lepram
445 2636 613 2689 peccati
658 2634 961 2687 reprehendit;
1009 2635 1099 2683 sed,
1142 2634 1357 2685 frequenti
1398 2633 1480 2673 hac
1521 2647 1697 2674 suorum

237 2723 418 2763 operum
443 2709 724 2762 inspectione,
749 2709 929 2747 tandem
952 2708 1008 2748 ad
1031 2708 1268 2760 puritatem
1293 2706 1549 2760 pervenit.'’⁴
1585 2707 1700 2747 Con-

323 2816 334 2835 ¹
360 2817 413 2848 De
438 2817 501 2847 Ira,
524 2817 542 2847 l.
560 2824 587 2855 5.
609 2826 636 2847 e.
657 2814 708 2854 36.
845 2813 857 2830 '2
883 2814 935 2844 De
959 2814 1039 2844 Vita
1063 2813 1175 2854 spirit.
1198 2824 1225 2845 e.
1247 2822 1276 2853 3.
1413 2813 1427 2831 ²²
1452 2814 1557 2844 Exod.
1578 2822 1609 2851 4.

699 2865 713 2883 4
737 2866 824 2896 Vitae
846 2865 931 2905 Spir.
952 2864 973 2896 1.
995 2872 1024 2895 2.
1046 2875 1077 2905 p.
1098 2873 1127 2895 2.
1150 2875 1177 2895 c.
1198 2872 1228 2904 3.
