1903 3197
292 182 311 214 Ι
323 171 383 216 88
610 170 692 216 De
723 170 914 216 ratione
948 170 1140 216 zrrz'venafa'
1172 169 1431 217 societatis.

287 315 400 351 eum,
435 302 554 354 quod
590 308 769 355 propter
805 303 921 343 bona
958 303 1220 355 temporalia
1257 303 1294 342 ei
1333 302 1581 350 deserviret,
1613 307 1661 341 ut
1693 302 1753 342 ait

288 375 405 415 idem
460 375 831 427 Chrysostomus.I
905 376 1102 416 Tertiam
1150 390 1252 416 vero
1299 375 1567 415 calumniam
1613 375 1752 416 struit,

288 448 393 488 dum
428 448 630 488 homines
663 449 781 502 apud
819 449 1021 489 homines
1053 449 1347 489 calumniatur
1379 454 1427 488 ut
1459 462 1533 488 eos
1566 448 1750 488 invicem

288 523 441 562 saevire
482 522 638 563 faciat:
681 528 730 563 ut
763 523 1035 564 Christianos
1086 523 1191 564 olim
1239 522 1357 575 apud
1405 528 1570 574 gentes,
1614 522 1753 574 impo-

286 608 394 636 nens
440 596 523 636 illis
570 603 782 637 sexcenta
828 597 1002 645 scelera,
1046 598 1101 637 de
1153 598 1312 649 quibus
1359 596 1657 636 Tertullianus
1710 596 1752 635 in

287 669 598 722 Apologefico,
641 677 684 711 et
725 670 855 711 hodie
893 673 1071 724 passim,
1104 672 1210 711 dum
1253 671 1438 711 alterurn
1481 671 1524 709 in
1567 670 1752 710 alterum

288 750 547 784 commovet.
632 745 741 785 Ideo
790 745 922 798 igitur
969 745 1190 785 cavendus
1235 759 1286 785 ac
1333 744 1607 792 metuenduS,
1652 744 1754 796 quia

287 816 489 858 diabolus
525 824 568 858 et
599 818 898 860 calumniator.

374 891 574 932 Tertium
612 894 732 945 quod
775 894 818 932 in
860 893 1017 933 eodem
1056 899 1121 933 est
1158 900 1313 933 satana
1351 893 1651 941 metuendum,
1688 898 1754 932 est

285 967 488 1019 potentia
529 972 573 1006 et
614 967 705 1017 vis;
749 980 848 1019 quse
890 981 968 1019 per
1009 967 1194 1015 leonem,
1239 968 1312 1019 qui
1360 967 1597 1019 plurimum
1637 966 1755 1006 valet

285 1040 461 1089 viribus,
484 1039 739 1080 declaratur.
816 1040 946 1089 Nam,
971 1047 1019 1081 ut
1048 1042 1206 1080 dicitur
1236 1040 1334 1092 Job,
1360 1041 1499 1080 “Non
1531 1046 1597 1080 est
1625 1053 1756 1093 super

287 1120 449 1154 terram
492 1119 700 1166 potestas,
743 1127 842 1166 quze
885 1121 1164 1167 comparetur
1206 1115 1256 1163 ei,
1301 1115 1375 1166 qui
1418 1114 1559 1154 factus
1600 1121 1666 1155 est
1708 1121 1756 1155 ut

289 1186 458 1227 nullum
481 1187 657 1227 timeret
677 1186 737 1235 ;’““2
769 1194 812 1228 θῖ
836 1187 994 1227 Paulus
1019 1187 1073 1228 ad
1109 1187 1347 1241 Ephesios:
1372 1191 1393 1207 ‘⁴'
1409 1188 1510 1228 Non
1542 1195 1607 1228 est
1630 1189 1756 1228 nobis

288 1260 541 1301 colluctatio
578 1261 787 1302 adversus
824 1275 1001 1302 carnem
1038 1268 1082 1302 et
1119 1262 1391 1314 sanguinem,
1429 1262 1505 1302 sed
1548 1263 1755 1302 adversus

289 1335 507 1388 principes
543 1341 586 1375 et
618 1341 874 1388 potestates,
904 1337 1110 1376 adversus
1146 1337 1297 1376 mundi
1333 1342 1523 1376 rectores
1556 1336 1756 1376 tenebra-

292 1423 388 1450 rum
430 1410 597 1459 harum,
633 1416 786 1450 contra
820 1410 1062 1463 spiritualia
1105 1411 1316 1464 nequitiae
1354 1410 1396 1449 in
1440 1406 1759 1450 coelestibus.’'3

292 1484 490 1537 Ideoque
519 1497 638 1536 szepe
667 1485 710 1523 in
742 1483 970 1537 Scriptura
994 1485 1232 1537 “princeps
1261 1484 1413 1524 mundi
1429 1483 1449 1498 '’
1472 1489 1650 1523 satanas
1680 1496 1756 1535 ap-

289 1557 507 1611 ρθΙΙειῖιιΓ.4
570 1558 814 1610 “Princeps
851 1558 1003 1598 mundi
1041 1558 1170 1610 hujus
1201 1558 1294 1610 jam
1323 1558 1546 1610 judicatus
1579 1557 1680 1606 est,'’
1714 1563 1758 1597 et

281 1634 313 1651 '“
331 1632 461 1672 Nunc
492 1632 693 1684 princeps
715 1631 844 1684 hujus
868 1632 1019 1672 mundi
1043 1631 1211 1684 ejicitur
1233 1631 1382 1672 foras.”
1398 1630 1413 1653 5
1476 1632 1577 1671 Duo
1606 1637 1755 1671 autem

292 1707 336 1746 in
368 1706 616 1758 principatu
640 1706 905 1745 considerari
938 1712 1148 1758 possunt:
1180 1705 1365 1746 alterum
1397 1711 1462 1745 est
1488 1704 1599 1753 finis,
1623 1717 1755 1756 quem

293 1785 465 1832 spectat
502 1779 731 1831 princeps;
770 1779 966 1827 alterum,
998 1785 1194 1832 potestas
1227 1780 1282 1819 ad
1321 1779 1453 1819 finem
1490 1778 1756 1832 perducendi

294 1853 413 1907 quod
447 1858 626 1905 spectat.
693 1853 944 1905 Utrumque
974 1853 1016 1892 in
1049 1859 1203 1893 satana
1232 1853 1431 1902 cernitur,
1457 1858 1500 1892 ct
1526 1858 1758 1906 propterea

292 1928 496 1981 princeps
526 1927 694 1967 dicitur.
758 1927 878 1966 Finis
909 1927 1001 1979 ejus
1028 1933 1094 1966 est
1115 1927 1316 1968 homines
1338 1942 1363 1968 a
1387 1928 1485 1967 Deo
1508 1940 1585 1980 per
1606 1939 1758 1979 pecca-

292 2008 387 2044 tum
422 2008 626 2042 avertere.
692 2001 893 2041 Potestas
929 2007 1079 2042 autem
1114 2008 1191 2051 est,
1222 2015 1309 2054 qua
1343 2015 1417 2042 eos
1451 2007 1594 2042 tentat
1626 2007 1669 2041 et
1701 2001 1756 2041 ad

292 2082 524 2130 peccatum
559 2076 734 2116 inducit.
801 2075 913 2115 Haec
946 2081 1143 2129 potestas
1177 2076 1374 2116 maxima
1412 2082 1488 2124 θεῖ,
1515 2075 1596 2114 nisi
1635 2075 1757 2114 Deus

293 2150 463 2190 minuat
485 2164 536 2190 ac
568 2149 904 2189 circumscribat.
969 2148 1250 2201 Quapropter
1273 2149 1509 2201 Gregorius
1538 2149 1580 2188 in
1610 2149 1757 2188 Mora-

294 2224 434 2264 libus:
471 2227 492 2243 “
511 2223 606 2263 Nisi
637 2223 915 2271 misericors,''
941 2223 1083 2275 inquit
1105 2224 1263 2263 “Deus
1295 2237 1395 2263 cum
1420 2223 1582 2263 viribus
1614 2229 1756 2263 tenta-

294 2304 444 2338 menta
496 2296 729 2345 modificet,
773 2296 916 2336 nullus
966 2297 1162 2350 profecto
1214 2303 1280 2337 est
1326 2298 1399 2350 qui
1463 2297 1754 2349 malignorum

295 2372 527 2425 spirituum
551 2371 731 2411 insidias
754 2384 842 2411 non
869 2384 1071 2410 corruens
1101 2377 1272 2424 portet;
1306 2372 1419 2424 quia,
1442 2371 1477 2411 si
1506 2383 1756 2411 mensuram

290 2445 433 2498 judex
462 2445 782 2484 tentationibus
811 2458 898 2485 non
928 2445 1107 2498 praebet,
1130 2459 1182 2485 eo
1211 2446 1306 2497 ipso
1335 2445 1535 2498 protinus
1564 2450 1755 2484 stantem

294 2518 456 2571 dejicit,
478 2532 565 2571 quo
595 2518 706 2558 ultra
736 2519 848 2558 vires
877 2532 1010 2559 onera
1038 2517 1290 2572 imponit.’'G
1352 2519 1403 2558 In
1434 2519 1637 2558 eamdem
1660 2531 1756 2557 sen-

292 2593 479 2634 tentiam
529 2593 759 2641 Macarius,
802 2606 901 2632 cum
950 2593 1107 2645 quaerit
1148 2606 1202 2632 an
1252 2598 1428 2632 satanas
1480 2593 1535 2632 ad
1587 2597 1753 2632 certum

296 2666 479 2707 modum
521 2666 707 2717 laxetur,
749 2666 1010 2719 respondet:
1063 2666 1203 2706 “Non
1246 2667 1338 2706 sine
1387 2666 1533 2714 modo,
1577 2666 1680 2717 quia
1722 2666 1755 2705 si

296 2741 607 2781 concederetur
639 2741 676 2780 ei
712 2740 876 2780 bellum
910 2740 1065 2780 inferre
1095 2754 1175 2793 pro
1205 2740 1443 2790 voluntate,
1474 2753 1626 2780 omnes
1658 2753 1758 2792 pro-

338 2853 350 2873 ¹
368 2855 420 2886 De
434 2855 611 2887 Patriarch.
627 2855 704 2896 Job.
719 2855 774 2887 lib.
796 2863 842 2896 13.
915 2854 928 2872 2
941 2855 1019 2896 Job.
1035 2863 1088 2895 41.
1159 2853 1172 2872 3
1190 2855 1276 2897 Eph.
1295 2855 1323 2886 6.
1396 2854 1409 2873 ⁴¹
1430 2855 1527 2895 Joan.
1549 2863 1596 2894 14.
1614 2858 1646 2886 et
1662 2853 1709 2886 16.

594 2905 607 2925 5
633 2906 719 2938 Ibid.
745 2915 791 2938 12.
929 2904 943 2924 ⁶
967 2906 1052 2938 Mor.
1070 2906 1091 2938 l.
1109 2914 1139 2946 9.
1157 2916 1184 2938 c.
1205 2905 1257 2945 46.
1275 2907 1309 2937 in
1322 2906 1398 2951 Job.
1419 2914 1448 2946 9.
