1903 3197
389 159 469 205 De
499 157 673 204 studiis
707 156 877 202 mentis
911 154 1336 218 z'nterrmnpendzk.
1492 167 1584 212 441

127 291 344 345 ejusmodi
378 297 444 333 est
475 292 518 331 in
554 289 778 342 religiosis,
811 293 860 328 ut
893 288 1015 328 nulla
1050 289 1163 328 inter
1198 286 1438 327 ludendum
1474 285 1595 326 fraus

127 370 350 419 appareat,
388 364 505 405 nulla
539 364 773 404 verborum
810 361 1069 408 obscenitas,
1103 360 1221 400 nulla
1256 360 1365 399 nixa
1398 359 1593 399 acriorve

130 439 364 487 contentio,
409 451 496 478 non
539 436 789 490 perjurium,
838 448 924 474 non
968 433 1283 483 maledictum;
1340 446 1439 485 quae
1482 430 1594 471 mul-

130 519 276 553 torum
313 511 586 553 saecularium
623 508 798 563 propria
838 513 965 548 sunt:
1008 520 1194 559 quorum
1237 506 1416 546 ludendi
1453 517 1596 558 genus

131 586 287 626 merito
323 585 493 626 Tullius
526 582 745 631 illiberale,
780 580 994 634 petulans,
1025 580 1303 632 flagitiosum,
1335 579 1591 618 obscoenum

131 659 321 712 denique
354 658 574 712 appellat;
618 669 717 696 cum
752 655 916 695 scilicet
949 654 1039 694 ludi
1074 654 1215 707 gratia
1250 652 1377 692 dictis
1412 651 1593 691 saetisve

131 733 332 785 turpibus
367 737 443 772 aut
481 730 613 770 etiam
651 730 796 769 noxiis
833 734 1023 768 utuntur.
1088 728 1303 766 Praeterea
1347 726 1389 765 in
1426 724 1597 777 religio-

134 819 279 846 sorum
301 805 425 854 ludis,
448 804 483 844 si
516 803 705 855 religiosi
734 816 834 843 vere
863 803 961 850 sint,
986 800 1105 840 nulla
1137 801 1326 840 cernitur
1354 798 1596 846 dissolutio,

134 878 254 919 nulla
294 878 513 919 saecularis
548 877 701 917 levitas
735 883 810 917 aut
842 876 1038 924 vanitas;
1078 880 1125 914 ut
1160 875 1233 926 qui
1268 873 1404 926 probe
1438 871 1597 912 intelli-

135 959 329 1006 gunt‚-se
357 966 444 993 non
474 953 535 992 ita
563 956 793 1004 generatos
823 964 848 990 a
878 950 976 989 Deo
1009 962 1115 998 esse,
1149 954 1196 988 ut
1225 948 1280 988 ad
1311 948 1464 987 ludum
1493 946 1597 986 facti

135 1027 374 1076 videantur,
397 1026 473 1066 sed
509 1025 564 1065 ad
595 1026 848 1065 servitutem
879 1024 1035 1076 potius,
1059 1029 1102 1062 et
1134 1023 1188 1062 ad
1219 1022 1424 1074 quaedam
1452 1019 1598 1060 studia

137 1101 335 1153 graviora
362 1106 494 1152 atque
526 1099 702 1151 majora.
773 1097 1040 1150 Caventque,
1065 1097 1108 1136 id
1132 1097 1251 1149 quod
1275 1096 1438 1135 Beatus
1462 1095 1594 1134 etiam

135 1173 401 1213 Ambrosius
443 1171 670 1226 praecipit,1
712 1186 765 1212 ne
808 1172 912 1211 dum
955 1171 1152 1210 relaxare
1194 1170 1388 1209 animum
1431 1167 1597 1216 volunt,

139 1247 310 1287 solvant
351 1260 527 1286 omnem
571 1246 845 1285 harmoniam
891 1245 1013 1297 quasi
1064 1250 1327 1283 conventum
1375 1242 1598 1295 quendam

137 1321 352 1360 bonorum
382 1333 573 1373 operum.

226 1393 388 1441 Tertio,
432 1392 518 1432 fine
560 1392 692 1432 etiam
746 1391 985 1441 differunt;
1038 1391 1246 1442 quoniam
1298 1389 1599 1440 religiosorum

141 1480 264 1507 mens
306 1467 390 1507 hoc
441 1466 634 1506 ludendo
676 1471 857 1518 spectat,
902 1471 950 1504 ut
992 1478 1049 1503 ex
1096 1464 1318 1503 laboribus
1360 1462 1602 1514 defatigata

141 1542 348 1594 quiescat,
400 1546 443 1580 et
484 1546 585 1592 post
621 1540 814 1592 quietem
857 1539 912 1578 ad
956 1538 1115 1577 usitata
1157 1537 1302 1577 studia
1344 1536 1602 1587 laboresque

141 1615 306 1668 majore
335 1615 616 1655 contentione
646 1628 692 1653 se
724 1619 905 1653 revocet.
970 1612 1099 1651 Ludo
1131 1611 1244 1651 enim
1280 1616 1461 1650 utuntur
1493 1610 1604 1649 sicut

144 1703 299 1729 somno
323 1695 366 1729 et
383 1689 551 1728 caeteris
570 1688 817 1740 quietibus;
851 1693 893 1726 et
915 1700 1014 1726 cum
1032 1686 1236 1738 gravibus
1252 1685 1460 1736 seriisque
1477 1684 1606 1724 rebus

140 1764 233 1815 jam
256 1763 555 1811 satisfecerint,
574 1762 691 1814 quod
711 1761 881 1800 Tullius
904 1758 1143 1799 admonetfl
1190 1759 1254 1798 At
1276 1759 1385 1798 alius
1408 1764 1473 1798 est
1496 1757 1608 1797 mul-

144 1844 289 1877 torum
327 1837 370 1876 in
414 1836 573 1876 saeculo
611 1849 779 1888 scopus,
815 1848 915 1874 cum
952 1834 1078 1873 ludos
1110 1839 1326 1873 tractant:
1369 1846 1455 1872 non
1488 1832 1604 1871 enim

146 1918 238 1951 tam
281 1911 473 1963 quietem
517 1923 574 1948 ex
623 1908 855 1956 laboribus,
894 1920 1026 1960 quam
1079 1906 1217 1946 solam
1269 1905 1606 1945 delectationem

146 1991 376 2038 spectant;
422 1998 500 2024 nec
541 1989 632 2023 tam
676 1988 724 2022 ut
761 1983 815 2022 ad
859 1981 1064 2034 pristinos
1107 1994 1152 2020 se
1194 1980 1364 2019 labores
1406 1979 1605 2026 referant,

148 2072 280 2111 quam
324 2064 372 2098 ut
412 2071 490 2110 per
531 2057 668 2096 otium
711 2063 885 2108 tempus
929 2054 1112 2103 fallant3
1165 2067 1244 2093 nec
1285 2059 1376 2093 tam
1419 2053 1608 2104 denique

147 2132 386 2172 valetudini
435 2138 481 2171 ut
522 2130 763 2178 consulant,
807 2129 930 2182 cujus
972 2129 1184 2168 rationem
1232 2127 1396 2167 nullam
1442 2126 1608 2166 habent

150 2207 314 2246 diurnis
367 2206 676 2258 nocturnisque
738 2203 988 2251 lusionibus,
1038 2215 1170 2254 quam
1223 2208 1270 2241 ut
1321 2201 1514 2240 avaritiae
1566 2205 1609 2239 et

150 2281 380 2334 cupiditati
422 2281 622 2327 serviant,
663 2278 767 2318 dum
810 2277 877 2318 vel
922 2277 1050 2316 lucris
1093 2275 1271 2321 inhiant,
1313 2274 1381 2314 vel
1429 2273 1609 2314 ludendi

148 2355 373 2395 libidinem
407 2354 585 2407 explere
616 2353 779 2392 volunt.

237 2429 406 2481 Quarto
448 2429 639 2480 denique
682 2427 898 2473 differunt,
938 2424 1056 2477 quod
1101 2423 1289 2476 religiosi
1341 2423 1521 2463 idoneas
1563 2435 1612 2462 ac

154 2503 324 2543 debitas
362 2503 711 2542 circumstantias
748 2502 791 2540 in
829 2500 933 2540 ludo
970 2505 1170 2549 servant;
1210 2498 1327 2550 quod
1366 2497 1612 2537 faciendum

157 2576 367 2616 admonet
395 2576 436 2617 S.
453 2574 679 2616 Thomas.3
740 2575 842 2614 Non
875 2575 990 2614 enim
1024 2574 1127 2613 ludo
1157 2579 1338 2613 utuntur
1368 2578 1443 2612 aut
1466 2571 1619 2611 alienis

156 2650 503 2703 importunisque
545 2650 828 2702 temporibus,
868 2655 944 2688 aut
985 2648 1090 2688 locis
1134 2648 1277 2687 minus
1324 2648 1502 2695 idoneis,
1539 2650 1615 2685 aut

155 2731 272 2765 certe
303 2730 460 2778 praeter
497 2725 551 2772 id,
577 2724 695 2776 quod
726 2724 794 2764 vel
832 2724 1019 2776 negotiis
1050 2723 1118 2762 vel
1156 2736 1352 2775 personae
1386 2726 1616 2760 consenta-

156 2812 286 2839 neum
330 2812 423 2838 esse
464 2797 673 2837 videatur.
757 2797 809 2837 In
852 2811 939 2850 quo
982 2812 1039 2836 ex
1091 2796 1372 2836 saecularibus
1422 2794 1617 2847 plerique

405 2886 416 2905 1
441 2888 480 2918 L.
505 2896 530 2918 1.
552 2887 617 2918 Off.
640 2898 666 2918 c.
689 2896 739 2918 20.
761 2892 782 2918 t.
809 2896 833 2918 1.
972 2885 984 2904 2
1009 2887 1073 2917 Off.
1209 2884 1222 2903 ³
1246 2894 1275 2917 2.
1297 2894 1325 2916 2.
