1903 3197
483 160 564 205 De
594 175 691 206 non
725 158 933 222 elegendo
957 160 1140 216 medico,
1167 166 1243 207 etc.
1501 175 1589 221 501

130 291 200 340 sit,
222 296 271 332 ut
301 290 406 340 dixi,
430 303 536 344 opes
570 304 671 332 suas
704 302 857 331 omnes
890 291 933 330 in
971 291 1070 332 Deo
1105 292 1247 332 locare
1279 292 1438 344 potius,
1460 306 1593 345 quam

130 365 176 404 in
196 363 401 404 humanis
422 364 589 404 artibus
611 377 662 403 ac
685 363 899 403 remediis.

220 436 360 478 Recte
401 437 532 489 igitur
563 436 690 488 jubet
726 435 875 488 regula
912 437 1132 477 neminem
1171 438 1417 479 inconsulto
1457 439 1596 492 Supe-

123 509 244 550 riore
267 510 530 549 medicinam
554 509 687 549 ullam
714 522 880 561 capere,
905 514 999 549 tum
1026 516 1204 562 propter
1227 525 1311 560 eaS,
1336 525 1445 564 quas
1467 526 1600 566 supra

133 581 241 633 dixi,
273 583 474 631 rationes,
508 588 602 622 tum
637 588 685 622 ut
715 582 954 623 admoneat
986 596 1073 622 non
1106 583 1268 623 debere
1302 584 1487 625 nimium
1520 599 1599 626 nos

122 668 229 697 nesse
252 655 446 696 solicitos
475 655 531 695 de
556 654 698 694 salute
729 655 933 708 corporis,
957 669 1056 696 cum
1081 656 1186 708 quid
1210 657 1253 696 in
1275 670 1327 697 eo
1350 659 1602 710 experimur

120 729 312 770 adversi.
398 728 511 770 Cum
565 734 714 769 autem
767 729 997 771 medicinae
1047 730 1313 770 adhibendae
1366 732 1602 772 necessitas

134 802 296 852 incidit,
329 807 424 841 tum
467 800 711 841 cavendum
754 807 832 851 est,
875 814 930 842 ne
972 802 1246 843 saecularium
1292 816 1423 854 more,
1466 805 1602 845 immo

133 888 236 916 vero
277 875 526 928 principum
569 880 646 915 aut
688 880 998 928 magnatorum
1042 890 1094 917 ea
1136 877 1470 926 medicamenta,
1504 891 1602 931 quae

134 949 263 990 nimis
305 950 497 1002 pretiosa
537 954 614 989 aut
655 948 844 989 delicata
890 955 1005 999 sunt,
1043 950 1382 1002 perquira1nus;
1430 951 1473 990 in
1515 964 1604 1004 quo

133 1022 331 1064 nonnulli
383 1036 474 1062 suae
530 1021 814 1074 professionis
871 1021 1152 1062 immemores
1211 1036 1393 1075 peccare
1451 1023 1603 1064 solent,

135 1095 277 1137 Decet
311 1101 460 1135 autem
498 1108 577 1134 nos
614 1095 788 1147 ubique,
821 1095 940 1146 quod
980 1094 1248 1147 profitemur,
1279 1097 1521 1145 ostendere,
1553 1110 1605 1138 ac

133 1182 225 1224 prae
263 1170 390 1211 nobis
433 1170 543 1208 ferre
575 1175 622 1209 ut
658 1169 702 1208 in
745 1168 873 1208 rebus
914 1168 1120 1208 omnibus
1162 1175 1296 1221 atque
1332 1170 1603 1223 temporibus

134 1243 339 1297 religiosa
370 1242 631 1295 simplicitas
663 1247 706 1281 et
738 1247 976 1294 paupertas
1008 1241 1186 1283 eluceat.

181 1421 208 1477 ξ
242 1432 404 1474 3.-—DE
438 1430 627 1462 MEDICO
661 1430 757 1462 NEC
790 1430 1045 1461 ELIGENDO
1079 1430 1175 1461 NEC
1207 1431 1552 1472 CONSULENDO,

475 1496 575 1527 NISI
607 1495 934 1526 APPROBANTE
967 1496 1253 1527 SUPERIORE.

218 1578 371 1619 Tertia
395 1591 506 1632 parS‚
530 1591 606 1618 cur
628 1577 823 1617 medicus
845 1590 924 1616 nec
947 1576 1176 1629 eligendus
1202 1590 1283 1617 nec
1311 1577 1603 1619 consulendus

135 1653 192 1694 sit
227 1652 364 1693 inscio
399 1652 645 1705 Superiore,
677 1665 734 1692 ex
773 1651 824 1691 iis
858 1651 956 1700 fere,
986 1664 1085 1704 quae
1120 1651 1327 1702 diximus,
1357 1652 1604 1693 confirmari

135 1732 293 1780 potest.
371 1725 501 1778 Quia,
524 1739 623 1765 cum
659 1726 724 1765 sui
754 1725 863 1778 juris
896 1726 1216 1778 potestatisque
1253 1726 1481 1779 religiosus
1517 1740 1605 1767 non

134 1800 203 1851 sit,
245 1813 333 1839 non
377 1799 510 1839 debet
557 1799 769 1839 arbitratu
808 1812 887 1839 suo
934 1799 1154 1838 medicum
1192 1799 1273 1838 sibi
1310 1799 1500 1852 deligere
1535 1800 1604 1841 vel

135 1873 388 1915 consulere:
441 1879 536 1912 tum
585 1873 720 1912 etiam
767 1877 815 1912 ut
866 1872 1156 1912 admoneatur
1205 1873 1458 1925 ponendam
1510 1886 1605 1913 esse

134 1960 284 1988 curam
325 1946 738 1998 solicitudinemque
779 1945 845 1985 sui
885 1945 1088 1998 corporis,
1133 1959 1231 1998 quae
1283 1947 1339 1986 ad
1391 1960 1477 1997 eOS,
1528 1948 1603 2000 qui

120 2027 341 2075 praesunt,
387 2025 586 2073 spectat;
632 2019 1024 2072 collocandamque
1065 2019 1260 2059 diximus
1303 2033 1427 2073 spem
1474 2021 1604 2061 bonae

131 2094 396 2136 valetudinis
431 2095 474 2134 in
510 2094 609 2134 Deo
642 2094 799 2146 potius,
835 2106 969 2145 quam
1001 2093 1044 2132 in
1076 2093 1346 2134 medicorum
1378 2095 1602 2138 industria.

133 2167 258 2210 Addi
300 2168 436 2208 etiam
479 2167 609 2207 tertia
650 2180 782 2207 causa
822 2172 998 2219 potest:
1045 2167 1148 2218 quia
1188 2168 1294 2207 satis
1335 2168 1468 2208 debet
1508 2182 1604 2209 esse

120 2242 383 2284 -communis
411 2241 607 2282 medicus
638 2240 810 2293 collegii
841 2240 910 2281 vel
941 2240 1112 2291 domus,
1134 2242 1203 2280 cui
1235 2247 1353 2282 certa
1384 2243 1605 2296 stipendia

118 2315 452 2370 persolvuntur.
500 2315 564 2356 Ut
583 2320 730 2355 autem
753 2315 796 2354 in
819 2313 1027 2367 religione
1049 2315 1198 2355 omnia
1218 2317 1469 2356 communia
1491 2324 1604 2369 sunt,

131 2390 195 2430 sic
237 2396 281 2430 et
321 2390 528 2430 medicus.
615 2389 813 2441 Ideoque
850 2401 984 2429 unum
1031 2394 1206 2429 tantum
1253 2390 1341 2430 fere
1382 2392 1601 2433 medicum

119 2461 484 2503 -Constitutiones
513 2463 673 2516 jubent
695 2476 789 2503 esse
810 2463 1085 2503 vocandum:
1116 2464 1152 2503 si
1174 2469 1324 2504 tamen
1356 2465 1399 2504 in
1431 2465 1604 2507 casibus

118 2535 398 2588 -quibusdam
435 2537 657 2589 Superiori
689 2537 808 2576 aliud
841 2549 927 2576 non
954 2535 1203 2576 videretur.l

223 2608 362 2650 Casus
396 2616 545 2650 autem
581 2609 744 2663 triplex
779 2611 1021 2663 excogitari
1057 2616 1232 2663 potest;
1268 2611 1337 2652 vel
1371 2625 1470 2652 cum
1505 2613 1603 2665 quis

120 2694 284 2723 recens
325 2683 382 2722 ad
425 2683 683 2736 religionem
725 2685 918 2734 accessit,
950 2685 1024 2738 qui
1067 2685 1288 2724 medicum
1329 2684 1522 2726 habebat
1557 2687 1600 2727 in

116 2756 294 2797 saeculo
326 2770 417 2796 suae
449 2763 617 2798 naturae
654 2770 706 2798 ac
739 2759 1066 2798 consuetudinis
1097 2771 1296 2811 gnarum.
1360 2759 1448 2799 Hic
1481 2760 1598 2802 enim

117 2830 169 2870 *si
202 2830 246 2870 in
278 2830 481 2871 morbum
513 2831 758 2883 graviorem
791 2831 965 2881 incidat,
996 2831 1278 2884 postuletque
1308 2845 1334 2872 a
1367 2831 1601 2886 Superiore

657 2902 670 2922 ²
695 2904 731 2935 P.
754 2911 783 2944 3.
805 2913 831 2935 c.
853 2911 883 2935 2.
905 2903 1008 2941 §6.l.
1030 2904 1071 2935 G.
