1903 3197
324 239 416 285 170
684 225 765 271 De
799 225 988 271 salione
1019 225 1212 271 vivendi
1252 225 1511 271 Societatis.

318 359 391 401 Sic
429 358 544 398 enim
584 371 635 397 ea
667 359 722 398 de
760 371 804 397 re
847 357 1125 398 Dorotheus:
1162 362 1182 376 ‘⁴
1198 358 1376 412 Caveat,
1417 357 1514 410 quis
1546 357 1629 397 hoc
1666 364 1781 409 agat,

315 432 399 473 alia
438 432 681 471 intentione
723 437 857 484 atque
900 433 1047 472 animo
1089 445 1219 484 quam
1265 431 1408 471 fratris
1451 431 1658 483 erigendi,
1698 444 1785 470 non

314 519 392 559 per
416 505 733 558 garrulitatem,
757 519 844 546 non
875 520 952 559 per
984 506 1224 553 infamiam,
1253 519 1340 545 non
1374 518 1451 557 per
1480 510 1785 557 contemptum

315 580 461 632 ipsius,
484 592 572 619 non
597 586 644 620 ut
673 580 715 619 in
747 579 1004 632 exemplum
1033 579 1217 619 aliorum
1245 579 1403 627 trahat,
1433 592 1519 618 non
1548 584 1596 618 ut
1619 579 1787 631 judicet

316 667 428 694 eum.
463 653 597 706 Quod
621 654 655 693 si
678 654 764 694 alio
787 654 948 702 animo,
973 667 1106 706 quam
1130 659 1177 693 ut
1200 654 1399 706 corrigat,
1424 652 1466 692 id
1491 653 1593 705 agit,
1618 652 1786 692 habens

315 728 359 767 in
392 741 439 768 se
471 727 636 780 quidpe
667 727 836 775 horum,
870 741 969 779 quae
1002 728 1302 780 praediximus,
1339 733 1387 767 ut
1419 726 1585 766 scilicet
1618 726 1788 766 delator

319 801 462 842 fratris
505 801 559 842 sit
601 801 720 854 apud
763 801 1005 850 Abbatem,
1050 802 1235 842 nocendi
1279 800 1472 849 consilio,
1511 814 1597 840 non
1640 801 1787 840 studio

317 876 575 928 corrigendi,
635 882 867 928 peccatum
930 881 996 915 est
1059 882 1101 915 et
1155 873 1394 915 infamia.''¹
1476 874 1629 927 Atque
1691 874 1785 914 11966

319 949 501 990 forsitan
543 963 676 990 causa
718 956 795 997 est,
847 949 880 989 si
923 962 1074 988 verum
1118 949 1366 1000 quaerimus,
1416 962 1493 988 cur
1543 949 1787 989 delationes

317 1023 537 1064 interdum
582 1023 763 1062 minime
805 1022 985 1074 prosint,
1029 1022 1117 1061 imo
1160 1022 1409 1074 frequenter
1455 1022 1627 1071 obsint;
1683 1023 1786 1074 quia

264 1118 267 1119 ⁷
316 1110 406 1137 non
458 1109 632 1149 semper
682 1109 793 1148 puro
844 1096 900 1135 ab
950 1095 1098 1135 animo
1150 1101 1355 1147 rectaque
1402 1101 1549 1135 mente
1594 1095 1790 1148 proficis-

317 1177 487 1216 cuntur,
536 1170 612 1210 sed
651 1183 750 1210 cum
795 1182 918 1209 mens
960 1183 1094 1222 prava
1130 1170 1173 1208 in
1216 1169 1265 1209 iis
1308 1169 1374 1218 sit,
1410 1171 1626 1222 permittit
1664 1170 1787 1210 Deus

317 1249 367 1285 ut
422 1257 558 1297 pravo
613 1257 790 1296 quoque
851 1243 1000 1283 animo
1063 1243 1267 1295 iniquove
1321 1243 1525 1284 ferantur.
1622 1243 1687 1283 At
1753 1244 1787 1284 si

320 1318 557 1358 utilitatem
605 1323 648 1358 et
701 1317 844 1358 fratris
893 1318 1179 1358 commodum
1226 1324 1437 1370 spectent,
1487 1318 1789 1371 majoremque

320 1392 405 1432 Dei
449 1392 646 1445 gloriam,
692 1397 740 1431 ut
782 1391 1052 1432 Constitutio
1086 1391 1223 1444 jubet,
1263 1405 1350 1432 non
1388 1392 1554 1444 patitur
1590 1392 1786 1445 profecto

321 1466 455 1516 Deus,
511 1466 545 1505 si
616 1465 844 1506 Dorotheo
908 1466 1136 1514 credimus,
1197 1479 1296 1506 eum
1361 1480 1491 1518 quem
1550 1466 1786 1506 deferimus

318 1540 574 1594 perturbari,
641 1553 728 1580 non
793 1540 1054 1592 augustiam,
1119 1553 1206 1579 non
1268 1541 1480 1580 damnum
1546 1541 1582 1580 ei
1648 1540 1785 1580 ullum

318 1613 537 1654 accedere.
631 1613 750 1654 Sane
806 1613 937 1666 longe
992 1613 1076 1653 alia
1139 1614 1181 1653 in
1246 1614 1489 1666 Religione,
1553 1620 1686 1667 atque
1742 1615 1784 1654 in

320 1687 467 1728 seculo
515 1686 781 1740 judiciisque
836 1687 1079 1727 forensibus
1131 1688 1264 1728 debet
1316 1702 1410 1728 esse
1461 1687 1635 1728 delatio.
1731 1689 1783 1727 In

314 1760 491 1814 judiciis
543 1761 659 1800 enim
711 1774 811 1800 cum
864 1775 961 1801 reus
1013 1761 1214 1810 defertur,
1275 1761 1380 1800 nihil
1444 1761 1562 1801 aliud
1626 1767 1786 1815 praeter

321 1834 534 1875 ultionem
599 1840 642 1875 ct
702 1835 977 1887 punitionem
1042 1835 1235 1875 criminis
1303 1835 1489 1888 spectari
1557 1835 1678 1885 solet,
1742 1836 1784 1875 in

322 1909 555 1961 Religione
616 1922 719 1948 vero
782 1908 922 1962 culpze
987 1909 1227 1958 correctio;
1290 1915 1334 1949 et
1398 1910 1439 1948 in
1508 1909 1558 1949 iis
1611 1909 1785 1962 proprie

320 1984 513 2023 accusari
558 1996 655 2023 reus
698 1983 865 2031 dicitur,
910 1983 952 2022 in
994 1982 1075 2023 hac
1117 1982 1273 2023 deferri
1319 1984 1466 2036 potius
1514 1997 1564 2023 ac
1617 1983 1785 2024 denun-

315 2058 433 2098 ciari.
527 2057 717 2097 Interest
759 2058 876 2097 enim
920 2057 1031 2097 inter
1078 2059 1402 2097 accusationem
1456 2064 1499 2097 et
1550 2058 1786 2098 denuncia-

318 2132 498 2180 tionem,
542 2138 589 2171 ut
631 2131 693 2171 ait
731 2131 773 2172 S.
799 2129 1028 2180 Τ110111ειε,2
1069 2131 1171 2183 quia
1213 2131 1255 2170 in
1294 2132 1570 2172 accusatione
1612 2131 1782 2184 punitio

320 2205 512 2245 criminis
588 2218 639 2244 ac
702 2205 773 2253 rei,
848 2205 890 2243 in
954 2205 1292 2245 denunciatione
1364 2219 1465 2245 vero
1529 2205 1781 2245 emendatio

320 2283 544 2331 spectatur
606 2278 745 2317 errati.
852 2278 980 2317 Pater
1042 2285 1189 2318 autem
1256 2279 1467 2330 Ignatius,
1516 2278 1618 2330 quia
1681 2292 1779 2318 cum

320 2351 533 2404 religiosis
586 2351 666 2391 sibi
710 2351 931 2404 agendum
978 2352 1208 2400 intellexit,
1255 2352 1565 2393 abstinendum
1612 2352 1783 2405 putavit

321 2440 347 2466 a
388 2426 532 2466 verbis
571 2425 834 2478 judiciorum
878 2440 927 2465 ac
970 2425 1060 2474 fori,
1105 2426 1358 2479 usurpando
1398 2440 1500 2466 vero
1542 2440 1640 2478 quae
1683 2433 1785 2467 sunt

322 2499 552 2553 religionis.
650 2500 696 2541 Si
761 2500 858 2552 quis
920 2501 1037 2540 enim
1094 2500 1430 2541 Constitutionis
1483 2500 1616 2540 verba
1670 2505 1786 2540 recte

320 2575 575 2628 perpendat,
598 2574 920 2614 animadvertet
945 2574 1094 2615 omnia
1125 2589 1219 2614 esse
1251 2574 1480 2614 dissimilia
1508 2573 1783 2626 judiciorum.

320 2648 451 2697 Nam,
487 2655 647 2701 praeter
682 2661 772 2687 rem
807 2662 905 2700 quae
944 2647 1137 2688 defertur
1170 2652 1285 2700 (quae
1320 2648 1500 2700 quidem
1535 2648 1577 2687 in
1609 2647 1784 2700 judiciis

320 2723 495 2772 crimen,
543 2722 613 2762 hic
656 2721 749 2762 leve
791 2721 902 2762 solet
944 2736 1039 2762 esse
1079 2722 1319 2774 delictum),
1364 2736 1472 2771 reus,
1515 2722 1695 2770 delator,
1740 2728 1784 2762 et

318 2797 459 2850 judex
497 2796 695 2836 dissimili
734 2796 867 2836 modo
899 2810 945 2835 se
976 2796 1151 2837 habent.
1230 2796 1351 2836 Reus
1383 2797 1500 2836 enim
1538 2796 1580 2836 in
1610 2795 1785 2847 judiciis

320 2884 472 2911 amaro
514 2871 761 2922 acerboque
802 2870 950 2910 animo
994 2870 1318 2911 accusationem
1362 2870 1552 2923 suscipit,
1594 2869 1663 2909 hic
1709 2870 1783 2921 qui

653 2958 662 2977 ¹
692 2961 760 2992 Ser.
781 2969 812 2999 4.
954 2958 967 2978 ’ἒ
992 2960 1025 2992 S.
1047 2968 1076 2991 2.
1099 2967 1128 2991 2.
1149 2970 1180 3001 q.
1202 2958 1253 2990 68.
1274 2970 1302 2990 a.
1328 2967 1353 2990 1.
1375 2959 1408 2990 in
1425 2969 1451 2991 c.
