1903 3197
504 205 583 250 De
615 203 799 265 agenda
834 203 1009 263 ubique
1041 203 1156 250 vita.
1504 205 1531 248 6
1540 216 1569 260 3.

102 355 197 382 rum
234 353 336 380 vero
372 338 626 386 remedium,
665 335 783 389 quod
818 335 979 375 tumori
1022 335 1182 374 mentis
1223 334 1469 387 opponitur,
1502 341 1568 375 est

103 421 150 455 ut
193 414 381 456 Sanctos
429 412 544 452 viros
596 411 724 450 nobis
774 414 878 449 ante
931 408 1080 449 oculos
1131 422 1440 461 proponamus,
1494 409 1567 461 qui

102 489 294 541 quidem,
328 486 542 539 religiosae
576 483 839 524 humilitatis
875 483 1034 530 studio,
1067 482 1184 534 apud
1220 488 1397 522 exteros
1431 482 1567 523 latere

102 563 289 616 inglorii,
308 574 440 614 quam
463 560 583 600 domi
607 572 696 598 suae
719 570 818 597 cum
842 556 981 609 gloria
1005 569 1110 605 esse,
1135 554 1393 595 maluerunt.
1450 556 1567 596 Nam

105 638 149 677 Β.
177 635 456 689 Pynuphium
489 639 636 673 narrat
666 628 933 677 Cassianus,l
957 643 1055 670 cum
1090 629 1322 682 presbyter
1342 635 1386 669 et
1408 628 1565 669 Abbas

103 717 218 751 esset
254 708 521 750 celeberrimi
564 707 607 746 in
650 706 852 758 AEgypto
885 704 1088 753 coenobii,
1122 717 1271 743 amore
1308 703 1568 743 humilitatis

103 785 341 833 incensum,
377 796 429 822 eo
464 781 614 821 relicto
649 782 693 820 in
730 779 1023 831 longinquum
1048 777 1287 817 Thebaidis
1324 777 1572 830 profugisse

101 857 365 905 coenobium,
399 856 472 896 ubi
507 854 743 895 triennium
776 859 920 893 totum
954 851 1128 892 delituit
1162 851 1350 905 ignotus,
1385 853 1426 891 in
1469 851 1567 891 hor-

99 937 245 971 torum
281 943 439 983 nempe
473 929 640 969 cultura
677 928 907 981 glebisque
943 925 1180 973 versandiS,
1214 925 1334 965 velut
1371 925 1569 977 abjectus

102 1010 234 1057 atque
269 1004 471 1044 indoctus
509 1002 726 1056 agricola:
772 1007 1081 1054 repertumque
1119 1014 1143 1039 a
1180 999 1280 1044 suis,
1325 999 1481 1039 iterum
1525 1000 1567 1039 in

104 1078 244 1131 Syriae
284 1083 431 1131 partes
472 1076 720 1117 occultandi
770 1076 834 1115 sui
882 1075 1025 1127 gratia
1075 1075 1264 1121 secessit,
1314 1079 1439 1113 tanta
1491 1073 1569 1113 hu-

105 1153 293 1193 militate
343 1152 568 1204 flagrabat.
652 1150 745 1190 Nos
786 1163 900 1196 vero,
944 1149 1017 1200 qui
1071 1148 1259 1188 eandem
1312 1148 1569 1200 profitemur

104 1227 399 1267 humilitatem
432 1240 482 1266 ac
514 1225 801 1278 disciplinam,
836 1224 869 1263 si
904 1223 1015 1263 forte
1047 1223 1164 1275 apud
1197 1229 1374 1262 exteros
1406 1237 1567 1270 sumus,

106 1300 357 1341 ostentandi
376 1300 510 1339 nostri
533 1299 675 1352 gratia
693 1298 832 1337 redire
850 1297 1109 1336 festinamus
1132 1297 1186 1336 ad
1207 1302 1390 1344 nostros,
1411 1298 1471 1336 ita
1490 1310 1569 1337 nos

106 1374 231 1414 inflat
252 1373 477 1426 superbia;
512 1373 588 1412 sed
612 1371 912 1412 consimilibus
936 1370 1211 1410 retundenda
1235 1370 1315 1409 erit
1337 1371 1566 1423 exemplis.

196 1447 399 1488 Secunda
436 1460 578 1495 causa,
616 1460 714 1498 quae
758 1446 799 1484 in
842 1444 993 1497 oppidi
1039 1443 1269 1483 nobilitate
1303 1443 1372 1483 vel
1414 1444 1572 1485 obscu-

106 1521 235 1562 ritate
290 1526 498 1569 versatur,
552 1521 685 1560 etiam
745 1520 839 1572 ipsa
907 1532 965 1558 ex
1029 1518 1271 1558 ambitione
1328 1518 1464 1558 oritur
1529 1525 1573 1558 et

106 1595 336 1648 superbia;
370 1594 475 1647 quid
498 1595 614 1634 enim
645 1594 762 1634 aliud
794 1607 872 1633 nos
895 1592 1103 1640 stimulat,
1129 1598 1175 1631 ut
1198 1591 1357 1632 relictis
1379 1593 1573 1632 obscuris

105 1669 202 1709 loca
244 1668 516 1709 nobilissima
558 1669 871 1721 perquiramus,
909 1667 988 1706 nisi
1024 1666 1229 1718 quaedam
1265 1667 1574 1706 ostentationis

108 1742 303 1790 ambitio,
358 1743 663 1782 existimantes
706 1741 870 1793 aliquid
925 1741 966 1779 in
1020 1740 1145 1779 nobis
1199 1753 1293 1779 esse
1343 1739 1571 1780 hominum

109 1814 239 1855 laude
289 1820 422 1867 atque
474 1815 765 1854 admiratione
816 1813 1027 1866 dignum!
1092 1813 1193 1853 Non
1246 1813 1363 1852 enim
1415 1814 1574 1853 desunt

110 1888 336 1928 interiores
378 1888 558 1939 quidam
610 1887 786 1939 spiritus
831 1887 1121 1933 coenodoxiae,
1165 1886 1237 1937 qui
1290 1886 1415 1926 nobis
1468 1886 1573 1926 illud

112 1962 230 2001 idem
268 1967 505 2014 suggerant
537 1961 655 2013 quod
688 1960 792 2000 olim
828 1960 1003 2000 Christo
1037 1959 1231 1999 Domino
1268 1958 1421 1999 fratres
1457 1960 1576 2012 ejus:

113 2034 193 2075 “Si
215 2034 310 2074 hzec
333 2034 451 2083 facis,
477 2034 710 2074 manifesta
733 2040 776 2074 te
804 2035 947 2086 ipsum
971 2030 1197 2072 mundo.''2
1256 2031 1437 2084 Agebat
1460 2034 1575 2073 enim

112 2114 206 2149 tum
243 2107 443 2148 Christus
486 2109 528 2147 in
572 2107 767 2155 Galilaea,
800 2107 952 2146 humili
987 2106 1191 2146 videlicet
1225 2107 1411 2153 civitate,
1447 2113 1490 2147 et
1533 2109 1576 2147 in

111 2195 163 2222 ea
215 2181 424 2221 miracula
467 2195 516 2221 ac
568 2181 771 2234 prodigia
822 2180 1055 2234 patrabat:
1109 2180 1208 2219 ideo
1250 2180 1403 2220 fratres
1446 2188 1492 2221 ut
1536 2182 1578 2220 in

112 2256 399 2296 clarissimam
441 2255 596 2307 Judeae
640 2256 863 2295 civitatem
905 2268 952 2293 se
1003 2253 1230 2302 conferret,
1275 2254 1347 2294 ubi
1396 2256 1578 2295 edendis

115 2329 333 2369 miraculis
365 2334 688 2382 agnosceretur,
728 2328 954 2368 hortantes
989 2328 1195 2368 aiebant:
1239 2328 1430 2368 “Transi
1464 2329 1577 2376 hinc,

113 2409 157 2443 et
178 2403 290 2443 vade
322 2403 366 2443 in
400 2403 618 2455 Judaeam,
643 2409 689 2442 ut
721 2408 765 2442 et
796 2402 997 2455 discipuli
1021 2403 1083 2442 tui
1115 2402 1294 2442 videant
1326 2417 1459 2455 opera
1491 2409 1579 2449 tua,

114 2490 211 2529 quae
235 2475 400 2517 facis.'’3
460 2476 740 2530 Augustinus
771 2483 919 2516 autem
953 2476 1107 2516 fratres
1141 2476 1321 2516 Domini
1345 2477 1461 2525 dicit,
1487 2491 1579 2517 am-

116 2550 282 2590 bitione
317 2550 509 2603 quadam
543 2550 757 2599 inductos,
794 2549 1016 2590 Christum
1059 2550 1190 2590 fuisse
1232 2550 1484 2590 cohortatos
1523 2553 1578 2591 acl

117 2624 233 2663 hanc
275 2625 427 2664 mundi
470 2624 654 2677 gloriam
698 2625 992 2677 quaerendam,
1037 2625 1155 2677 quod
1198 2631 1241 2665 et
1282 2638 1333 2665 ea
1376 2626 1418 2665 in
1460 2626 1578 2679 ipsos

119 2711 293 2750 quoque
332 2698 451 2738 velut
492 2699 721 2751 proximos
762 2699 1038 2743 redundaret.
1090 2704 1322 2752 propterea
1364 2700 1481 2752 quod
1535 2699 1577 2738 in

117 2771 223 2810 locis
265 2770 555 2812 celeberrimis
597 2773 739 2824 major
778 2773 918 2825 gloria
959 2786 1017 2812 ex
1064 2773 1333 2812 admirandis
1374 2772 1579 2824 operibus

117 2850 406 2897 comparatur.
490 2846 553 2886 Ut
595 2847 726 2899 igitur
769 2846 969 2887 Christus
1011 2860 1099 2886 non
1141 2846 1384 2887 audiendos
1426 2845 1580 2886 fratres

217 2932 229 2951 ³
254 2934 292 2965 L.
308 2943 339 2973 4.
357 2934 465 2966 Instit.
482 2942 549 2974 303
577 2939 608 2967 et
626 2934 711 2966 Coll.
727 2943 778 2967 20.
913 2934 927 2953 ‘⁸'
948 2935 1044 2976 Joan.
1068 2942 1095 2975 7.
1232 2933 1244 2953 ³
1266 2935 1361 2975 Joan.
1383 2934 1462 2966 ibid.
