1903 3197
545 159 613 205 [κ
647 158 867 220 Regulus
900 156 1161 203 Modestis&
1491 166 1585 214 599

121 297 319 349 gignunt,
352 294 429 334 sed
466 298 665 333 evertunt
695 291 787 344 jam
825 291 1030 343 genitam.
1101 290 1165 331 Ut
1199 289 1233 329 si
1271 288 1389 342 puris
1423 287 1585 341 digitis,

122 376 199 411 aut
241 370 373 410 etiam
420 367 568 408 cubito
615 378 740 405 nares
783 378 1026 418 emungas;
1079 366 1113 404 si
1165 364 1277 404 inter
1316 364 1585 404 vescendum

121 444 370 497 frequenter
419 455 469 482 ac
519 440 753 481 violentius
804 452 995 488 excrees,
1042 438 1161 491 quod
1213 437 1491 491 reprehendit
1542 438 1585 477 in

124 517 390 571 Paedagogio
433 529 511 555 suo
554 514 787 562 Clemens;
839 519 914 553 aut
957 513 1108 565 epulas
1155 526 1286 552 manu
1329 518 1584 561 contrectes,

123 594 414 644 inunctosque
454 589 753 630 embammate
789 587 952 639 digitos
991 587 1184 639 jucunde
1221 586 1423 637 lambas;
1470 587 1504 626 si
1541 586 1586 626 in

120 667 404 707 honestorum
447 669 664 704 conventu
708 662 891 703 barbam
933 662 1073 701 otiose
1113 660 1297 710 vellices,
1336 667 1412 700 aut
1453 666 1587 713 caput

124 740 306 793 scalpas,
337 739 418 788 vel,
455 737 574 791 quod
616 736 736 777 nulla
771 736 1032 776 verecundia
1074 734 1271 775 nonnulli
1314 734 1490 783 faciunt,
1528 748 1586 775 ex

124 815 233 864 sinu,
265 814 512 866 abditisque
546 811 738 864 corporis
774 811 971 864 partibus
1007 809 1172 863 pulices
1206 809 1405 849 necando
1439 814 1588 848 extra-

123 889 213 929 has.
288 887 375 941 Qui
407 887 586 941 quidem
619 892 765 926 motus
797 899 949 925 omnes
980 890 1218 938 gestusque
1250 882 1587 923 aedificationem

123 977 301 1004 omnem
339 968 550 1010 evertunt,
587 961 691 1014 quia
727 959 1003 1000 immundum
1043 959 1311 1011 minimeque
1351 957 1586 998 honestum

122 1039 350 1079 hominem
383 1037 508 1077 nobis
541 1035 741 1076 referunt.
806 1034 1021 1075 Contrarii
1043 1047 1146 1073 vero
1179 1039 1334 1080 motus,
1360 1033 1402 1072 in
1429 1032 1589 1084 quibus

124 1113 273 1165 aliqua
303 1113 366 1152 vis
398 1111 642 1151 honestatis
674 1109 826 1157 elucet,
861 1109 1056 1148 maxime
1088 1107 1363 1147 accomodati
1397 1112 1499 1146 sunt
1530 1105 1587 1147 ad

124 1187 434 1228 :edificandum
481 1185 736 1238 proximum
779 1196 1008 1236 quemque.
1108 1182 1173 1222 Ut
1214 1181 1370 1221 merito
1412 1187 1589 1221 sanctus

125 1262 305 1314 quidam
354 1259 595 1300 monachus
632 1271 731 1298 cum
775 1263 999 1310 comptam
1042 1256 1184 1296 fratris
1217 1255 1385 1296 videret
1421 1254 1589 1303 cellam,

124 1336 243 1376 idem
275 1336 330 1375 de
363 1334 455 1387 ejus
488 1334 645 1373 animae
684 1333 876 1386 puritate
908 1331 1123 1383 judicium
1161 1331 1333 1378 faceret,
1365 1336 1411 1370 ut
1443 1329 1592 1369 scribit

126 1409 381 1449 Dorotheus
413 1422 490 1448 ser.
521 1407 579 1447 16.

215 1483 433 1536 Quartum
466 1496 603 1535 genus
636 1488 701 1521 est
724 1493 874 1521 eorum
907 1485 1107 1519 motuum
1140 1479 1183 1517 in
1215 1478 1375 1530 quibus
1407 1483 1592 1530 apparet

127 1558 330 1612 religiosa
363 1556 632 1610 simplicitas,
667 1555 788 1595 fucus
827 1560 974 1594 autem
1009 1553 1151 1593 omnis
1188 1553 1323 1599 abest,
1359 1553 1591 1604 omnisque

126 1632 332 1674 simulata
353 1632 421 1672 vel
453 1631 691 1679 humilitas,
712 1629 779 1669 vel
812 1628 1028 1668 honestas.
1094 1627 1205 1667 Ficti
1230 1627 1345 1666 enim
1369 1627 1593 1679 fucatique

129 1712 275 1747 motus
310 1720 397 1746 non
432 1705 565 1745 modo
596 1705 684 1744 vim
720 1702 965 1743 aedificandi
1004 1715 1091 1741 non
1124 1701 1300 1747 habent,
1331 1701 1408 1740 sed
1446 1701 1593 1753 potius

128 1779 406 1820 stomachum
449 1785 492 1819 et
534 1791 742 1818 nauseam
780 1783 969 1825 movent,
1008 1782 1055 1815 ut
1092 1775 1236 1815 fucata
1273 1775 1440 1815 omnia:
1471 1774 1592 1814 verbi

129 1856 300 1908 gratia;
347 1855 475 1894 nimis
517 1853 724 1893 inclinare
756 1852 942 1891 cervices
978 1851 1229 1890 reverentiae
1267 1864 1408 1897 causa,
1452 1855 1506 1898 et,
1544 1854 1592 1889 ut

130 1931 192 1971 ait
225 1930 526 1982 Hieronymus
558 1929 601 1968 in
634 1941 698 1980 ep.
725 1938 758 1967 2.
783 1933 840 1966 to.
871 1937 883 1964 1
908 1940 916 1966 :
987 1925 1177 1965 salutare
1208 1925 1476 1972 submissius,
1500 1937 1593 1963 sus-

129 2005 271 2058 pirare
293 2005 493 2051 crebrius,
511 2003 640 2042 nimis
662 2002 781 2042 tenui
804 2015 909 2041 voce
931 2013 1153 2040 sermones
1172 2000 1424 2051 infringere3
1452 2012 1594 2052 neque

132 2079 247 2119 enim
299 2084 458 2132 putant
498 2077 697 2117 homines
734 2074 976 2124 verisimile,
1014 2074 1147 2114 talem
1190 2088 1284 2114 esse
1326 2074 1592 2126 quempiam,

131 2154 307 2207 qualem
340 2152 533 2193 affectati
565 2152 788 2204 fucatique
820 2156 966 2190 motus
998 2148 1254 2202 significant.
1318 2148 1471 2201 Atque
1499 2148 1595 2188 haec

132 2234 199 2269 est
227 2241 359 2268 causa
387 2241 462 2267 cur
495 2226 635 2267 aulica
669 2225 887 2265 modestia
920 2230 963 2263 et
992 2223 1253 2276 compositio
1288 2224 1431 2262 minus
1465 2222 1595 2262 inter-

134 2303 239 2343 dum
272 2302 416 2356 placet
435 2316 442 2341 :
476 2302 578 2354 quia
601 2301 786 2353 quaesita
818 2312 905 2338 non
933 2304 1047 2347 nata,
1069 2297 1277 2337 accersita
1300 2310 1386 2336 non
1409 2302 1595 2349 sequuta

132 2378 269 2418 videri
311 2382 467 2430 potest.
546 2375 693 2429 Quare
735 2374 1000 2413 Ambrosius
1041 2372 1065 2412 l.
1100 2383 1134 2411 2.
1168 2372 1237 2412 off.
1271 2385 1304 2412 c.
1342 2372 1400 2411 18.
1475 2371 1596 2411 “Est

135 2450 342 2504 gressus‚’'
367 2451 519 2503 inquit,
545 2455 566 2470 “
581 2449 831 2503 probabilis,
854 2449 897 2487 in
929 2461 1017 2500 quo
1049 2447 1105 2486 sit
1127 2447 1292 2486 snecies
1324 2445 1595 2485 auctoritatis

134 2526 449 2578 gravitatisque
485 2525 671 2578 pondus,
707 2522 1033 2575 tranquillitatis
1066 2522 1312 2573 vestigium,
1348 2521 1409 2560 ita
1445 2526 1595 2560 tamen

133 2600 170 2640 si
204 2600 398 2639 studium
432 2599 547 2638 desit
577 2604 711 2650 atque
744 2597 976 2645 affectatio,
1000 2595 1076 2636 sed
1111 2601 1257 2635 motus
1290 2595 1346 2634 sit
1378 2607 1512 2647 purus
1546 2607 1597 2634 ac

134 2672 359 2727 simplex.''

222 2748 356 2788 Ratio
387 2746 543 2799 hujus:
596 2746 699 2799 quia
731 2751 878 2785 motus
909 2751 1041 2797 atque
1072 2749 1221 2796 gestus
1249 2742 1441 2796 corporis
1473 2748 1596 2782 exte-

134 2823 267 2863 riores
289 2835 387 2862 cum
411 2835 529 2874 saepe
551 2821 637 2860 sint
660 2820 874 2860 interioris
904 2819 1036 2859 animi
1065 2819 1201 2871 signa,
1225 2818 1260 2857 si
1283 2817 1370 2857 sint
1391 2817 1597 2866 affectati,

136 2897 237 2951 plus
268 2896 529 2950 pollicentur
551 2909 684 2948 quam
707 2895 804 2947 quis
832 2907 932 2934 vere
955 2895 998 2933 in
1020 2893 1168 2933 animo
1189 2898 1335 2945 gerat;
1366 2891 1465 2932 ideo
1490 2892 1599 2932 veri-
