1903 3197
229 149 254 194 3
269 138 325 181 16
551 135 630 181 De
663 135 854 181 ratione
887 136 1078 181 vivendi
1117 136 1373 182 Socz'elatz's.

228 267 340 307 ullos
363 268 417 307 de
440 268 642 320 operibus
665 268 816 317 carnis,
840 268 932 308 sine
954 268 1130 308 horrore
1152 268 1286 308 animi
1311 274 1444 320 atque
1463 273 1694 309 tormento.

230 340 362 392 Quod
392 341 427 380 si
456 341 512 380 ad
542 341 725 380 aliorum
757 341 1002 391 utilitatem,
1026 342 1335 394 disputationis
1364 342 1516 394 gratia,
1546 343 1696 383 audire

227 414 316 454 tale
349 415 575 467 quidpiam
603 415 669 454 vel
703 415 820 468 loqui
854 429 1029 456 necesse
1060 416 1126 464 sit,
1155 415 1334 468 perinde
1369 429 1414 455 se
1448 415 1611 456 habeat
1639 417 1696 456 ad

227 489 308 528 hos
341 503 564 529 sermones
596 490 984 542 cogitationesque,
1018 504 1068 529 ac
1101 491 1134 529 si
1168 489 1223 529 de
1255 489 1347 529 luto
1374 490 1442 529 vel
1475 489 1696 542 lapidibus

227 569 454 615 ageretur3
493 577 542 603 ac
581 577 633 602 ne
675 563 717 602 in
755 565 919 603 somnis
963 564 1141 616 quidem
1181 562 1300 602 foeda
1339 562 1425 602 ulla
1463 562 1698 603 deludatur

229 636 432 688 imagine,
455 637 532 676 sed
566 638 657 676 sine
688 637 774 677 ullo
808 651 935 677 sensu
971 637 1162 676 libidinis
1192 642 1395 689 egeratur
1423 636 1581 676 humor
1609 650 1695 676 non

229 711 433 750 sentienti
468 710 728 751 redundans.
794 711 882 752 Sed
916 712 970 750 ad
1001 711 1113 751 hanc
1136 711 1350 751 castitatis
1382 710 1696 763 perfectionem

228 784 391 836 quippe
414 785 669 837 angelicam,
698 792 744 824 ut
777 799 907 824 nemo
940 785 1031 824 sine
1063 786 1285 838 praecipua
1317 785 1399 824 Dei
1432 784 1573 836 gratia
1596 797 1702 824 con—

227 859 424 907 scendit;
468 859 527 898 ita
562 872 640 897 nec
684 859 725 897 in
762 872 812 897 ea
854 871 899 897 se
937 859 1160 897 continere
1194 858 1357 910 jugiter
1399 872 1528 910 posse
1566 864 1698 910 negat

229 931 281 970 D.
309 932 627 976 Bonaventura,
666 932 726 971 ait
763 933 906 971 enim:
942 932 1120 984 “Supra
1159 938 1327 971 naturae
1364 932 1475 971 vires
1515 945 1620 980 esse,
1655 932 1699 971 in

227 1019 356 1045 carne
385 1006 539 1054 vivere,
563 1012 606 1045 et
638 1007 780 1045 carnis
811 1006 916 1045 vitia
951 1019 1038 1045 non
1077 1005 1273 1045 senti1·e.''
1339 1005 1425 1045 Hic
1459 1012 1523 1045 est
1555 1005 1703 1057 igitur,.

229 1078 408 1118 Patrum
446 1080 674 1127 sententia,
712 1079 917 1132 perfectae
960 1080 1175 1119 castitatis
1218 1093 1365 1132 apex;
1418 1080 1536 1131 quod
1580 1078 1701 1118 aliud

226 1153 425 1205 profecto
458 1167 545 1193 non
579 1159 643 1193 est
686 1154 766 1193 nisi
807 1154 1062 1206 angelorum
1101 1167 1222 1193 more
1254 1154 1408 1197 vivere.
1442 1154 1484 1193 id
1523 1152 1641 1205 quod
1674 1168 1699 1194 a

230 1226 359 1267 Patre
393 1227 568 1279 Ignatio
601 1227 766 1267 dictum
799 1228 1025 1268 cernimus.
1092 1227 1223 1280 Quod
1252 1228 1368 1267 enim
1400 1227 1459 1267 illi
1491 1227 1700 1280 pluribus,

230 1306 275 1340 ut
298 1301 404 1349 dixi,
429 1301 571 1341 verbis
594 1301 839 1354 significare
861 1302 1105 1350 voluerunt,
1130 1302 1198 1341 hic
1222 1316 1309 1341 uno
1333 1301 1599 1354 perstrinxit.

319 1375 408 1416 Sed
451 1389 535 1424 cur,
581 1376 622 1414 in
676 1376 971 1428 praecipienda
1020 1376 1299 1428 potissimum
1348 1376 1561 1416 castitatis
1604 1389 1701 1428 per—

228 1447 427 1497 fectione,
465 1449 646 1501 angelos
691 1450 848 1489 imitari
894 1464 972 1489 nos
1010 1450 1168 1501 jubet;
1222 1450 1263 1489 in
1307 1450 1401 1489 aliis
1443 1463 1543 1489 vere
1583 1450 1698 1490 votis

227 1522 420 1575 perfecte
457 1522 688 1569 solvendis,
727 1524 845 1575 quod
884 1524 1118 1564 commode
1161 1524 1249 1563 fieri
1292 1530 1476 1577 poterat,
1515 1537 1601 1564 non
1640 1538 1696 1564 ex

229 1595 407 1648 angelis,
433 1597 509 1636 sed
542 1596 719 1636 aliunde
744 1597 1076 1637 similitudinem
1100 1597 1260 1637 duxit?
1326 1598 1474 1637 Potuit
1504 1599 1620 1637 enim
1654 1598 1697 1637 in

229 1670 495 1709 obedientiae
537 1669 804 1722 perfectione
842 1671 1116 1718 declaranda,
1160 1685 1293 1722 quam
1337 1671 1695 1711 commendatam

229 1743 355 1783 nobis
408 1757 502 1783 esse
553 1743 739 1788 volebat.
793 1744 1048 1797 angelorum
1102 1745 1161 1784 ita
1223 1745 1519 1785 obedientiam
1572 1745 1697 1785 nobis

227 1831 473 1870 proponere
547 1818 602 1857 ad
678 1818 955 1865 imitandum,
1015 1820 1088 1870 qui
1151 1833 1324 1871 semper
1390 1819 1446 1859 ad
1518 1833 1695 1859 omnem

229 1891 313 1930 Dei
357 1898 512 1931 nutum
556 1893 877 1945 expeditissimi
930 1899 1042 1941 sunt,
1086 1893 1295 1933 facientes
1346 1894 1528 1933 verbum
1571 1893 1694 1933 illius,

230 1965 462 2017 Iidemque
515 1965 671 2017 angeli,
716 1966 758 2006 id
813 1972 878 2005 est
938 1967 1090 2014 nuntii,
1144 1967 1359 2017 dicuntur,
1414 1967 1698 2019 instructique

228 2038 453 2091 finguntur
487 2040 652 2079 alarum
696 2041 912 2092 praesidio,
943 2041 997 2080 ad
1035 2041 1302 2093 capessenda
1336 2041 1533 2080 celeriter
1563 2047 1696 2093 atque

229 2114 491 2166 exequenda
525 2114 686 2153 Divina
718 2114 938 2154 mandata.
1003 2114 1163 2154 Maluit
1195 2120 1343 2154 tamen
1374 2121 1522 2154 noster
1555 2114 1693 2160 Pater,

229 2186 336 2225 dum
358 2188 414 2226 ad
444 2187 685 2239 perfectam
716 2188 970 2227 cohortatur
996 2188 1306 2235 obedientiam,
1332 2201 1446 2227 nunc
1472 2188 1698 2228 cadaveris

229 2261 562 2300 similitudinem
594 2262 758 2306 afferre,
793 2262 910 2314 quod
950 2275 1278 2314 quoquoversus
1311 2262 1408 2302 ferri
1440 2276 1489 2302 ac
1519 2262 1694 2302 tractari

229 2347 275 2373 se
308 2334 436 2383 sinit;
489 2348 603 2374 nunc
645 2335 791 2374 senilis
829 2334 982 2383 baculi,
1026 2336 1098 2387 qui
1141 2349 1166 2375 a
1198 2349 1301 2375 sene
1344 2336 1619 2387 ubicumque,
1654 2341 1695 2375 et

228 2421 507 2460 quacumque
544 2409 587 2447 in
625 2422 668 2448 re
702 2408 944 2448 collibitum
980 2408 1118 2457 fuerit,
1151 2408 1394 2449 adhibetur.
1458 2409 1510 2448 In
1544 2410 1696 2461 praeci-

226 2481 389 2534 pienda
429 2495 531 2522 vero
577 2483 792 2522 castitatis
833 2482 1110 2522 absolutione
1152 2483 1407 2534 angeloran
1456 2484 1693 2536 puritatem

228 2556 284 2595 ad
335 2556 598 2596 imitandum
647 2557 864 2609 proponit.
959 2555 1078 2608 Quid
1131 2557 1224 2597 ita?
1291 2570 1450 2610 nempe
1497 2557 1599 2609 quia
1651 2557 1693 2596 in

227 2629 443 2670 castitatis
472 2630 739 2682 perfectione
761 2630 976 2670 tradenda
1002 2644 1090 2670 non
1117 2631 1224 2670 satis
1246 2631 1479 2671 commode
1511 2636 1697 2683 poterat,

230 2708 277 2744 ut
307 2704 430 2743 initio
459 2703 753 2757 significatum
784 2710 860 2752 est,
885 2705 939 2743 ad
973 2704 1209 2757 singularia
1239 2704 1444 2757 quaedam
1473 2709 1695 2757 praecepta

229 2789 310 2816 nec
347 2778 452 2817 satis
483 2778 727 2818 verecunde
759 2778 1036 2826 descendere,
1075 2778 1453 2830 quemadmodum
1492 2778 1534 2817 in
1566 2790 1695 2817 enuc-

228 2849 397 2892 leandis
463 2857 557 2892 turn
617 2852 903 2905 paupertatis,
956 2857 1050 2892 tum
1115 2851 1381 2893 obedientiae
1434 2850 1694 2905 praeceptis;
