1903 3197
281 180 297 210 1
315 179 373 211 Io
599 163 678 209 De
711 163 904 209 ratione
936 162 1128 209 vivendi
1161 163 1426 211 Socz'etatz‘s.

273 298 392 345 situs,
417 296 640 348 habetque
673 296 807 336 ethic
837 296 1089 336 admixtum
1122 310 1319 337 amorem
1352 297 1429 346 sui,
1460 311 1547 337 non
1580 311 1738 351 purum

275 370 397 411 illum
436 384 632 410 amorem
668 370 764 419 Dei,
799 371 841 410 in
880 385 967 423 quo
999 385 1125 411 verus
1162 371 1384 424 profectus
1421 371 1599 424 spiritus
1636 373 1749 412 situs

278 451 355 485 est.

364 519 462 558 Hos
495 517 627 571 igitur
657 517 765 558 fines
808 532 961 558 omnes
993 525 1188 559 removet
1222 518 1507 568 Constitutio,
1543 519 1663 567 dum,
1702 519 1746 559 in

272 593 562 646 suscipiendis
594 607 673 632 sua
704 592 932 633 voluntate
961 594 1114 645 poenis,
1137 596 1325 646 spectari
1347 594 1474 646 jubet
1498 594 1641 646 majus
1673 594 1739 635 sui

271 668 448 720 spiritus
483 668 812 706 incrementum.
878 667 979 719 Quo
1012 668 1157 720 posito
1189 674 1324 721 atque
1358 674 1580 722 percepto,
1611 667 1740 708 facile

271 748 337 782 est
379 740 487 781 alios
522 740 740 793 quosdam
774 740 884 781 fines
918 742 1110 793 optimos
1148 743 1382 796 magisque
1421 748 1742 782 consentaneos

274 815 677 857 Constitutionibus
714 815 988 868 investigare,
1023 817 1096 868 qui
1135 822 1286 856 tamen
1325 831 1479 857 omnes
1512 817 1567 857 ad
1607 829 1744 856 unum

271 890 553 942 eundemque
605 889 750 937 finem,
804 891 878 942 qui
928 896 993 930 est
1053 890 1323 944 amplificare
1380 897 1423 931 et
1478 904 1739 944 promovere

269 965 484 1017 spiritum,
539 963 792 1004 referuntur.
865 963 1124 1004 Statuamus
1181 971 1330 1004 autem
1384 965 1576 1005 totidem
1629 966 1739 1006 fines

269 1038 541 1085 commodos,
580 1043 624 1077 et
667 1037 973 1076 Institutorum
1022 1037 1184 1089 regulae
1219 1044 1556 1079 consentaneos.
1636 1040 1749 1079 Tres

269 1116 419 1153 autem
449 1112 576 1164 primi
600 1112 713 1151 sumi
746 1117 931 1163 possunt
955 1125 977 1151 e
1000 1111 1148 1152 libello
1172 1113 1501 1154 Exercitiorum
1534 1114 1579 1154 B.
1605 1114 1743 1154 nostri

272 1186 424 1233 Patris,
484 1185 611 1225 hebd.
672 1196 703 1224 Ι.
757 1185 912 1225 Addit.
973 1197 1033 1226 Io.
1093 1186 1168 1226 ubi
1230 1187 1446 1240 triplicem
1510 1188 1741 1228 exterioris

269 1259 545 1314 poenitentiae
591 1259 825 1311 distinguit
872 1273 1010 1299 usum.
1096 1260 1266 1301 Primus
1319 1267 1396 1312 est,
1446 1268 1494 1302 ut
1539 1277 1618 1315 pro
1665 1262 1741 1302 de-

267 1334 380 1375 lictis
414 1333 647 1387 praeteritis
680 1346 767 1373 non
801 1333 909 1373 nihil
942 1333 1160 1374 satisfiat:
1206 1335 1325 1387 quod
1359 1349 1441 1387 ego
1476 1336 1740 1389 interpretor

268 1423 357 1450 non
380 1414 555 1449 tantum
589 1408 644 1448 ad
675 1407 950 1448 evadendam
984 1408 1126 1461 culpae
1159 1408 1361 1449 debitam
1393 1423 1585 1462 poenam,
1609 1423 1742 1462 quem

267 1497 400 1536 supra
436 1482 570 1522 finem
614 1495 701 1521 non
739 1482 852 1522 inter
894 1482 1086 1534 optimos
1130 1484 1472 1532 numeravimus,
1510 1498 1643 1536 quam
1687 1484 1743 1524 ad

268 1556 648 1609 compensandam
680 1555 828 1608 aliqua
861 1570 918 1596 ex
950 1562 1076 1608 parte
1099 1557 1198 1597 Deo
1231 1557 1402 1598 illatam
1438 1572 1517 1611 pro
1551 1558 1745 1611 peccatis

269 1631 471 1684 injuriam
505 1637 639 1682 atque
671 1630 886 1670 offensam
907 1644 914 1679 ;
966 1636 1009 1670 et
1031 1630 1115 1670 hoc
1137 1632 1311 1671 videtur
1340 1633 1386 1672 B.
1404 1633 1534 1672 Pater
1557 1633 1739 1672 innuere

270 1719 322 1746 eo
357 1704 566 1757 loquendi
600 1704 746 1753 modo,
780 1710 828 1744 ut
861 1707 975 1756 “pro
1018 1704 1188 1745 delictis
1232 1719 1320 1745 non
1365 1705 1472 1745 nihil
1517 1705 1741 1746 satisfiat.'’

274 1779 425 1818 Habet
444 1779 560 1817 enim
584 1777 698 1817 hanc
714 1778 803 1818 vim
826 1779 1100 1830 poenitentiae
1119 1778 1297 1827 bonum,
1319 1785 1367 1819 ut
1385 1793 1471 1820 non
1495 1780 1638 1820 solum
1662 1794 1742 1833 pro

272 1866 404 1906 poena
440 1852 590 1891 debita
628 1852 781 1904 culpae‚
820 1865 972 1891 verum
1012 1853 1145 1892 etiam
1179 1867 1259 1906 pro
1292 1853 1387 1906 ipsa
1421 1853 1550 1907 culpa
1580 1854 1744 1895 Divino

277 1927 460 1966 Numini
505 1925 782 1975 satisfaciat;
836 1926 992 1978 loquor
1033 1934 1182 1967 autem
1227 1928 1282 1967 de
1329 1927 1467 1981 culpis
1511 1928 1745 1969 levioribus

273 2015 371 2053 quae
407 2014 495 2041 non
541 2000 786 2040 necessario
828 2008 1153 2041 sacramentum
1198 2002 1384 2054 exigunt
1431 2002 1743 2044 Confessionis.

278 2075 427 2128 Quare
466 2076 702 2128 Gregorius
743 2076 786 2114 in
831 2075 1115 2116 Canticorum
1159 2077 1323 2116 verba:
1367 2077 1521 2117 “Tota
1563 2077 1746 2130 pulchra

277 2164 322 2190 cs
358 2151 500 2190 amica
535 2150 895 2202 mea,'’quae1‘ens
922 2151 1148 2202 quomodo
1183 2151 1330 2190 anima
1367 2152 1506 2203 possit
1536 2152 1621 2191 dici
1651 2158 1747 2192 tota

276 2223 470 2277 pulchra,
496 2237 595 2263 cum
619 2224 712 2263 sine
733 2230 917 2276 peccato
950 2238 1081 2264 nemo
1103 2225 1232 2274 vivat,
1258 2225 1318 2264 ita
1346 2225 1523 2276 subjicit
1544 2239 1551 2264 :
1585 2226 1746 2265 “Dum

278 2305 432 2338 sancta
474 2298 621 2338 anima
655 2312 681 2338 a
714 2299 907 2351 peccatis
940 2299 1211 2350 quotidianis
1243 2312 1290 2338 se
1326 2313 1404 2352 per
1435 2300 1746 2352 poenitentiam

280 2372 477 2422 mundat,
497 2373 603 2412 dum
628 2373 825 2425 quotidie
848 2378 1031 2425 peccata
1054 2373 1224 2413 minuta
1246 2387 1346 2413 cum
1369 2374 1574 2425 lacrymis
1597 2374 1747 2424 abluit,

279 2453 323 2487 et
353 2461 378 2487 a
411 2447 650 2498 majoribus
676 2461 722 2487 se
752 2446 966 2497 observat,
991 2448 1192 2499 quamvis
1216 2447 1464 2500 frequenter
1484 2454 1648 2501 peccet,
1671 2462 1749 2502 per

279 2521 502 2561 assiduam
544 2527 695 2561 tamen
737 2522 1048 2574 poenitentiam
1093 2522 1356 2561 munditiam
1400 2536 1525 2562 suam
1568 2523 1744 2563 assidue

279 2593 475 2635 servat.''1
532 2595 591 2634 Et
614 2594 656 2635 S.
676 2594 769 2634 Leo
787 2601 946 2647 praeter
963 2601 1121 2635 caetera
1144 2595 1284 2644 docet,
1300 2595 1523 2647 Jejunium
1544 2596 1746 2649 Quadra-

278 2669 459 2722 gesimae
482 2668 537 2708 ad
568 2668 859 2721 reparandam
893 2669 1107 2708 mentium
1140 2669 1379 2721 puritatem
1412 2670 1676 2720 institutum,
1701 2676 1746 2711 et

279 2744 334 2784 ad
370 2743 650 2783 redimendas
679 2742 863 2783 aliorum
897 2749 1148 2796 temporum
1181 2742 1362 2796 culpas.2
1425 2744 1512 2784 Hic
1546 2744 1645 2786 finis
1680 2750 1751 2786 est

277 2818 484 2871 optimus,
521 2817 634 2870 quia,
673 2817 747 2869 qui
786 2817 828 2856 in
867 2817 1020 2870 spiritu
1058 2817 1264 2870 progredi
1302 2818 1468 2868 volunt,
1506 2819 1613 2859 nihil
1650 2826 1744 2860 tam

683 2905 695 2925 ¹
721 2907 803 2949 Cap.
823 2916 854 2947 4.
1013 2906 1027 2926 ²
1052 2908 1121 2940 Ser.
1137 2917 1159 2949 4
1175 2908 1216 2940 de
1234 2909 1340 2949 Quad.
