1903 3197
555 133 633 179 De
666 139 792 180 recta
826 133 1098 179 intentione.
1462 145 1484 174 2
1497 144 1519 174 2
1529 143 1554 186 3

99 282 216 318 num,
259 281 346 308 non
387 272 598 306 aeternum
642 271 686 305 et
723 265 930 313 divinum,
964 265 1203 316 spectabat.
1281 263 1432 315 Atque
1474 261 1556 301 hoc

93 342 337 394 jucundum
375 342 538 381 bonum
577 345 653 379 est.

187 415 440 456 Secundum
471 419 619 454 autem
652 412 817 452 bonum
851 416 915 450 est
948 410 1123 457 utilitas,
1152 424 1249 461 quae
1282 410 1435 449 virium
1469 422 1555 448 non

100 490 242 529 minus
284 488 417 528 habet
458 487 513 527 ad
556 485 864 526 maculandam
908 491 1113 531 mentem,
1151 496 1284 534 quam
1322 482 1557 522 delectatio

99 570 232 616 atque
254 562 464 614 voluptas.
521 559 655 611 Cujus
678 560 810 599 etiam
834 558 977 610 laquei
1006 562 1138 609 atque
1161 555 1325 596 fraudis
1348 556 1390 594 in
1414 556 1557 595 Sacris

101 637 261 676 Literis
291 634 497 687 exempla
530 647 616 673 non
645 634 811 672 desunt.
865 631 1111 670 Videbatur
1132 629 1271 681 Judas
1294 628 1557 681 pauperibus

101 710 335 763 egenisque
357 707 590 756 consulere,
614 720 713 746 cum
738 706 912 745 dicebat
933 719 940 744 :
973 708 995 724 “
1011 703 1158 756 Quare
1180 703 1262 743 hoc
1285 708 1557 754 unguentum

103 797 190 824 non
212 783 346 823 veniit
375 781 577 821 trecentis
607 780 806 828 denariiS,
837 785 879 818 et
912 779 1063 818 datum
1095 784 1160 817 est
1193 775 1405 829 egenis?''
1470 775 1559 816 Sed

101 864 249 897 tamen
287 869 410 895 suam
449 854 678 907 spectabat
715 852 975 892 utilitatem:
1015 851 1142 891 “Nec
1176 850 1291 890 enim
1325 849 1380 889 de
1412 850 1560 902 egenis

103 929 351 983 pertinebat
373 928 429 968 ad
452 941 564 976 eum,
589 928 664 967 sed
693 927 796 978 quia
822 926 889 965 fur
915 932 1017 973 erat,
1042 930 1085 965 et
1112 924 1276 964 loculos
1298 922 1475 971 habens,
1500 937 1561 971 ea,

103 1018 200 1056 quae
225 1002 522 1050 mittebantur,
546 1001 752 1053 portabat
771 1014 778 1048 3
797 999 839 1021 ’Ἴ
870 1012 1122 1052 quanquam
1149 998 1277 1050 hujus
1305 1011 1428 1037 mens
1456 996 1562 1036 nihil

102 1077 296 1117 habebat
327 1076 443 1124 recti,
477 1075 583 1114 nihil
622 1075 785 1123 sinceri,
818 1080 913 1114 tota
945 1079 1037 1112 erat
1069 1073 1258 1124 obliqua,
1292 1077 1387 1111 tota
1418 1085 1560 1124 prava.

103 1151 264 1191 Turbae
307 1163 492 1202 quoque,
531 1149 647 1200 apud
690 1148 920 1199 Joannem,
959 1160 1057 1186 cum
1099 1145 1358 1198 quaerebant
1398 1145 1562 1196 Jesum,

105 1224 359 1277 quaerebant
389 1236 488 1262 eum
517 1227 696 1274 propter
724 1235 860 1273 panes
892 1234 1001 1272 quos
1035 1219 1417 1267 manducaverant,
1451 1225 1564 1259 teste

108 1297 310 1350 Christo:
344 1299 363 1314 “
382 1295 624 1347 Quaei·itis,''
650 1295 801 1346 inquit,
827 1297 846 1312 ‘¹
866 1308 947 1343 me,
978 1307 1065 1333 non
1097 1294 1198 1345 quia
1227 1294 1396 1334 vidistis
1425 1294 1561 1345 signa.

105 1372 181 1411 sed
211 1371 314 1423 quia
343 1368 640 1409 manducastis
670 1382 727 1407 ex
756 1368 944 1420 panibus
974 1373 1017 1407 et
1043 1368 1223 1407 saturati
1248 1367 1380 1415 estis,
1413 1380 1565 1419 opera-

106 1445 211 1484 mini
244 1457 330 1483 non
364 1443 509 1482 cibum
543 1442 615 1494 qui
653 1440 824 1494 pe1·it.'’2
898 1441 999 1480 Non
1038 1441 1169 1492 igitur
1202 1440 1413 1480 inutiliter
1446 1453 1565 1491 quae-

106 1520 259 1559 rebant
301 1530 430 1566 eum;
472 1516 548 1556 sed
587 1516 752 1555 utilitas
794 1515 867 1554 illa
909 1515 1031 1554 fluxa
1073 1521 1164 1554 erat
1207 1520 1250 1553 et
1288 1513 1563 1566 temporaria,

107 1593 350 1644 meritoque
385 1605 409 1630 a
445 1590 619 1631 Christo
654 1589 926 1642 reprehensa,
959 1595 1005 1628 ut
1040 1602 1137 1640 quie
1174 1594 1337 1628 rectam
1373 1593 1565 1642 mentem

107 1665 456 1706 commacularet.

196 1739 393 1779 Tertium
430 1739 595 1777 bonum
633 1745 698 1777 est
729 1737 905 1776 honoris
943 1744 986 1776 et
1016 1737 1179 1788 gloriae,
1212 1736 1330 1788 quod
1369 1735 1566 1775 omnium

110 1814 305 1854 maxime
329 1818 491 1851 rectam
515 1818 708 1850 mentem
732 1796 897 1857 evertit,
921 1810 1083 1862 duplici
1106 1810 1161 1849 de
1184 1823 1324 1849 causa.
1360 1809 1566 1855 Primum,

110 1888 212 1941 quia
249 1900 348 1927 cum
386 1899 452 1925 res
488 1885 543 1925 sit
581 1884 815 1937 spiritualis
858 1890 901 1923 et
935 1884 989 1923 ad
1032 1884 1227 1923 animam
1264 1897 1314 1922 ac
1351 1883 1566 1922 rationem

109 1967 289 2015 spectet,
326 1960 553 1999 honestius
589 1958 762 1998 videtur
803 1959 953 2010 expeti
994 1958 1133 2010 gloria
1174 1958 1279 2010 ipsa,
1318 1970 1451 2009 quam
1494 1962 1570 1996 aut

111 2036 274 2075 utilitas
312 2039 388 2073 aut
423 2032 635 2084 voluptas.
716 2031 898 2071 Planum
936 2046 993 2070 ex
1030 2045 1081 2071 eo
1123 2031 1212 2070 fieri
1254 2036 1411 2083 potest,
1448 2031 1566 2082 quod

111 2109 307 2162 plerique
340 2108 568 2147 hominum
604 2105 790 2145 honores
825 2111 867 2145 et
900 2105 1085 2157 gloriam
1120 2117 1206 2144 non
1243 2110 1358 2144 tecte
1396 2118 1446 2144 ac
1483 2104 1569 2144 dis-

112 2183 368 2223 simulanter
408 2181 621 2229 ambiunt,
664 2181 775 2220 sicut
823 2186 899 2219 aut
950 2178 1141 2231 corporis
1192 2177 1441 2231 voluptates
1493 2183 1569 2218 aut

112 2257 308 2311 pecuniae
352 2262 557 2309 quaestus,
590 2256 665 2294 sed
708 2254 854 2307 palam
892 2259 1026 2305 atque
1067 2259 1226 2306 aperte.
1291 2253 1399 2292 Ideo
1440 2251 1569 2303 hujus

114 2331 336 2384 appetitus
378 2330 582 2370 omnibus
623 2329 712 2368 fere
754 2328 1000 2368 actionibus
1041 2327 1317 2374 admiscetur,
1356 2332 1399 2366 et
1440 2332 1569 2365 rectae

115 2406 251 2445 menti
293 2404 419 2444 struit
456 2403 645 2443 insidias.
710 2403 807 2442 Imo
849 2401 948 2441 hinc
993 2401 1181 2442 Satanas
1223 2413 1376 2440 ansam
1418 2400 1570 2452 arripit

114 2479 312 2518 tentandi
349 2478 548 2517 homines
585 2476 855 2530 gravioribus
888 2475 1014 2524 vitiis,
1043 2480 1090 2514 ut
1123 2480 1310 2514 testatur
1344 2474 1389 2514 B.
1416 2474 1568 2514 Isaac:

116 2551 270 2603 “Quia
291 2564 404 2591 vana
434 2549 607 2603 gloria‚''
632 2551 782 2602 inquit,
803 2549 993 2589 “vitium
1023 2562 1109 2588 non
1139 2545 1377 2601 putatur.’'3
1438 2546 1569 2599 Quod

115 2624 346 2664 confirmat
381 2624 422 2665 S.
443 2624 679 2673 Diadocus,
702 2636 802 2663 cum
835 2624 920 2662 ait:
949 2622 1209 2662 “daemones
1242 2635 1298 2661 ex
1331 2620 1572 2673 cupiditate

115 2698 266 2750 gloriae
300 2698 343 2737 in
377 2697 527 2750 primis
560 2698 834 2737 occasionem
870 2709 1040 2736 sumere
1075 2709 1164 2735 suae
1200 2695 1390 2741 malitiae,
1421 2699 1465 2733 et
1497 2706 1574 2745 per

118 2785 228 2821 earn,
254 2778 467 2824 tanquam
500 2785 577 2824 per
610 2772 846 2811 fenestram
877 2770 1100 2822 quandam
1130 2768 1361 2816 occultam,
1389 2766 1574 2819 diripere

225 2859 239 2880 ¹
260 2862 357 2904 Joan.
381 2869 431 2895 12.
566 2859 580 2880 2
599 2861 697 2903 Joan.
718 2860 749 2894 6.
884 2859 897 2880 ³
922 2861 976 2892 De
999 2859 1191 2901 Contempt.
1211 2857 1340 2892 Mundi.
1361 2867 1388 2891 c.
1412 2862 1460 2898 17.
