1903 3197
242 192 268 236 3
277 190 334 235 32
564 178 643 223 De
675 179 864 225 ratione
896 179 1089 226 vivendi
1122 179 1382 227 Socz‘etcztz's.

240 308 454 362 prohibet,
477 309 546 350 vel
568 310 719 350 officiis
741 310 961 364 religionis
984 313 1192 353 insistere.
1228 311 1361 365 Quod
1382 317 1533 353 tamen
1555 318 1706 353 contra

240 381 491 424 faciendum
527 383 749 426 Climacus
781 385 1002 427 admonet.

334 463 415 497 110.
450 457 734 507 “Aversare,⁷'
765 460 919 512 inquit,
948 461 1088 501 “totis
1109 460 1271 500 viribus
1293 474 1392 500 eum
1426 460 1610 509 hostem,
1633 461 1708 512 qui

240 536 285 570 te
316 536 417 583 post
449 538 596 572 actum
629 532 798 572 foedum
831 546 952 573 orare
973 533 1042 574 vel
1063 533 1243 586 vigilare
1274 533 1506 587 prohibet;
1540 547 1710 574 memor

242 603 336 657 ejus
374 605 448 657 qui
491 605 634 646 dixit:
678 606 848 647 Idcirco
885 613 1032 647 autem
1072 607 1190 660 quod
1228 608 1335 648 mihi
1372 607 1559 648 molesta
1597 613 1712 647 esset

243 679 392 719 anima
444 693 554 729 mea,
598 681 986 734 anticipationibus
1027 681 1243 722 violenter
1292 695 1513 735 oppressa,
1551 680 1709 721 faciam

241 752 453 793 ultionem
487 753 580 805 ejus
612 768 670 794 ex
703 755 889 813 inimicis
922 754 1050 806 ejus.”

332 833 414 867 120.
449 827 667 868 Observat
709 829 842 868 etiam
884 834 1086 881 tempora
1138 830 1279 869 malus
1321 830 1510 878 daemon,
1549 828 1708 881 quibus

238 900 446 941 adversus
478 902 622 954 ipsum
655 902 849 954 corporis
880 901 1081 941 habitum
1114 903 1295 942 minime
1328 903 1545 955 possimus
1572 916 1706 950 orare,

238 988 326 1027 quo
368 989 448 1015 nos
489 975 630 1014 acrius
671 988 722 1014 ac
764 974 932 1014 facilius
974 981 1213 1027 oppugnet,
1251 975 1334 1015 hoc
1372 982 1448 1023 est,
1485 989 1584 1015 cum
1627 989 1708 1016 nec

238 1062 395 1088 manus
447 1048 502 1088 ad
556 1048 703 1088 Deum
756 1048 1008 1096 extendere,
1053 1062 1132 1089 nec
1184 1055 1338 1101 pectus
1389 1048 1585 1096 tundere,
1629 1062 1709 1089 nec

238 1135 413 1174 gemere
455 1136 505 1161 ac
548 1122 765 1174 suspirare
801 1122 857 1161 ad
902 1122 1049 1162 Deum
1091 1128 1271 1175 propter
1306 1128 1545 1175 praesentes
1583 1121 1709 1162 facile

239 1208 483 1248 possumus,
509 1196 667 1247 quibus
696 1195 917 1248 religionis
944 1196 1338 1248 significationibus
1361 1196 1519 1249 impuri
1543 1196 1710 1235 daemo-

238 1282 314 1309 nes
349 1275 627 1309 exterrentur
661 1283 866 1322 saepeque
900 1269 1116 1322 sugantur.
1181 1270 1233 1309 In
1266 1270 1542 1310 discutienda
1575 1270 1709 1309 etiam

239 1343 517 1392 conscientia,
566 1344 846 1396 peccatisque
893 1344 1135 1396 praeteritis,
1169 1358 1288 1397 saepe
1331 1344 1545 1384 daemonis
1592 1344 1710 1383 fraus

238 1417 366 1466 latet;
400 1431 515 1467 nam,
538 1423 586 1458 ut
618 1418 680 1458 ait
713 1418 889 1458 Marcus
922 1417 1260 1459 Anachoretus:

332 1497 412 1542 130.
447 1493 468 1510 “
485 1491 705 1539 Inimicus,
730 1492 811 1531 sub
840 1491 1125 1532 confessionis
1155 1497 1389 1545 praetextu,
1413 1497 1543 1532 antea
1573 1491 1711 1531 menti

239 1565 452 1617 impressa
493 1566 599 1605 vitia
641 1566 819 1618 effingit,
864 1572 912 1605 ut
954 1566 1149 1614 affectus,
1188 1566 1330 1618 gratia
1372 1566 1456 1606 Dei
1500 1565 1708 1605 oblivioni

238 1638 436 1687 traditos,
461 1639 617 1678 iterum
641 1639 841 1679 incensos
864 1639 1140 1680 exsuscitet.'’
1205 1640 1420 1692 Idemque
1442 1640 1503 1679 sic
1535 1644 1712 1679 monet:

240 1714 261 1730 “
281 1711 327 1752 Si
360 1712 549 1752 volueris
588 1713 686 1752 Deo
724 1713 880 1752 offerre
916 1712 1342 1765 irreprehensibilem
1375 1712 1710 1760 confessionem,

240 1786 470 1838 speciatim
523 1799 713 1826 errorem
756 1800 809 1826 ne
851 1787 1102 1836 recorderis,
1146 1800 1249 1826 nam
1291 1786 1420 1826 valde
1463 1786 1713 1838 inquinares

239 1858 491 1899 animum.'’1
524 1860 761 1913 Propterea
781 1859 1014 1909 Climacus,
1030 1873 1129 1900 cum
1153 1860 1396 1900 immundae
1419 1860 1712 1912 cogitationes

240 1947 266 1974 a
308 1934 606 1974 fornicationis
649 1935 801 1987 spiritu
845 1935 1124 1983 suscitantur,
1167 1934 1304 1974 satius
1346 1934 1467 1974 ducit
1509 1948 1581 1973 eas
1633 1946 1712 1986 pro

240 2007 377 2047 nihilo
415 2008 645 2056 aestimare,
682 2022 815 2060 quam
854 2021 954 2047 cum
991 2007 1185 2061 periculo
1222 2007 1446 2060 pudicitiae
1484 2008 1712 2047 discutere.

242 2081 446 2134 Denique
477 2082 588 2122 tales
621 2088 664 2122 et
695 2082 1000 2134 hujuscemodi
1038 2076 1213 2122 fraudes
1243 2082 1407 2122 diaboli
1440 2083 1505 2121 vir
1534 2086 1710 2121 sanctus

241 2160 285 2194 et
316 2168 459 2195 rerum
497 2155 789 2208 spiritualium
828 2156 1283 2208 experimentissimus
1321 2155 1446 2194 nobis
1483 2155 1634 2206 aperit,
1663 2160 1712 2194 ut

241 2241 314 2268 eas
346 2234 441 2269 toto
477 2235 655 2281 pectore
693 2229 973 2278 declinemus,
1009 2230 1043 2268 si
1078 2230 1264 2269 victores
1303 2228 1488 2268 evadere
1525 2241 1582 2267 ex
1618 2233 1712 2267 tam

241 2302 404 2342 difficili
438 2303 640 2343 conflictu
674 2303 870 2343 velimus.

330 2375 403 2415 Ex
431 2376 589 2428 quibus
617 2376 820 2416 omnibus
850 2376 955 2416 satis
986 2376 1243 2428 intelligitur
1273 2389 1406 2428 quam
1437 2375 1622 2415 difficilis
1655 2375 1711 2414 sit

241 2449 456 2489 castitatis
478 2463 639 2502 pugna,
663 2455 710 2490 ut
734 2451 889 2490 merito
912 2451 1076 2490 dixerit
1097 2449 1395 2502 Augustinus:
1429 2450 1541 2489 inter
1563 2450 1712 2489 omnia

243 2523 483 2563 certamina
530 2522 864 2563 christianorum
918 2524 1094 2563 duriora
1145 2537 1240 2563 esse
1285 2523 1441 2576 proelia
1487 2523 1713 2571 castitatis,

243 2596 499 2637 continuam
548 2610 756 2649 pugnam,
805 2597 882 2637 sed
925 2611 1066 2637 raram
1109 2611 1203 2637 esse
1244 2597 1502 2637 victoriam:
1564 2610 1615 2636 ac
1657 2597 1713 2636 de

241 2670 371 2722 hujus
407 2683 569 2723 pugnae
607 2670 866 2711 difficultate
899 2671 993 2723 jam
1031 2671 1148 2711 satis.
1212 2671 1285 2711 Ex
1327 2671 1394 2711 his
1437 2677 1585 2711 autem
1623 2671 1711 2710 duo

241 2743 447 2797 colligere
483 2744 600 2785 libet.
665 2744 870 2793 Primum,
905 2744 1034 2798 hujus
1065 2745 1259 2784 victoriae
1292 2758 1511 2785 summam
1549 2744 1593 2784 in
1625 2756 1712 2784 uno

243 2817 341 2857 Deo
379 2818 571 2870 positam
604 2831 727 2868 esse3
760 2818 866 2858 dicit
898 2818 1015 2858 enim
1053 2817 1268 2871 Sapiens:
1314 2818 1468 2859 “Scivi
1502 2818 1711 2871 quoniam

242 2890 370 2932 aliter
410 2905 498 2932 non
539 2905 720 2945 possum
763 2905 858 2932 esse
899 2892 1139 2941 continens,
1178 2892 1259 2932 nisi
1302 2892 1425 2933 Deus
1457 2890 1592 2933 det.'’2
1653 2892 1714 2932 Et

640 2971 652 2991 1
676 2973 772 3015 Disp.
793 2982 824 3014 3.
1137 2971 1150 2991 2
1174 2973 1254 3014 Sap.
1275 2973 1305 3005 8.
