<?xml version="1.0" encoding="UTF-8"?>
<!DOCTYPE html PUBLIC "-//W3C//DTD XHTML 1.0 Transitional//EN"
    "http://www.w3.org/TR/xhtml1/DTD/xhtml1-transitional.dtd">
<html xmlns="http://www.w3.org/1999/xhtml" xml:lang="en" lang="en">
 <head>
  <title>
</title>
<meta http-equiv="Content-Type" content="text/html;charset=utf-8" />
  <meta name='ocr-system' content='tesseract 3.04.00' />
  <meta name='ocr-capabilities' content='ocr_page ocr_carea ocr_par ocr_line ocrx_word'/>
</head>
<body>
  <div class='ocr_page' id='page_1' title='image "./nicolaiorlandini00orla/nicolaiorlandini00orla_0536.png"; bbox 0 0 1903 3197; ppageno 0'>
   <div class='ocr_carea' id='block_1_1' title="bbox 326 139 1480 202">
    <p class='ocr_par' dir='ltr' id='par_1_1' title="bbox 326 139 1480 202">
     <span class='ocr_line' id='line_1_1' title="bbox 326 139 1480 202; baseline 0.003 -17"><span class='ocrx_word' id='word_1_1' title='bbox 326 154 350 202; x_wconf 83' lang='lat'><strong>5</strong></span> <span class='ocrx_word' id='word_1_2' title='bbox 366 145 421 186; x_wconf 83' lang='lat'>16</span> <span class='ocrx_word' id='word_1_3' title='bbox 652 139 733 185; x_wconf 78' lang='lat' dir='ltr'>De</span> <span class='ocrx_word' id='word_1_4' title='bbox 765 141 957 187; x_wconf 77' lang='lat' dir='ltr'>ratione</span> <span class='ocrx_word' id='word_1_5' title='bbox 989 142 1182 188; x_wconf 73' lang='lat' dir='ltr'>vivendi</span> <span class='ocrx_word' id='word_1_6' title='bbox 1215 142 1480 190; x_wconf 74' lang='lat' dir='ltr'>Socz&#39;elalz&#39;s.</span> 
     </span>
    </p>
   </div>
   <div class='ocr_carea' id='block_1_2' title="bbox 323 274 1815 2850">
    <p class='ocr_par' dir='ltr' id='par_1_2' title="bbox 323 274 1804 773">
     <span class='ocr_line' id='line_1_2' title="bbox 324 274 1804 328; baseline 0.002 -13"><span class='ocrx_word' id='word_1_7' title='bbox 324 280 446 315; x_wconf 90' lang='lat' dir='ltr'>mato</span> <span class='ocrx_word' id='word_1_8' title='bbox 498 275 737 314; x_wconf 78' lang='lat' dir='ltr'>dumtaxat</span> <span class='ocrx_word' id='word_1_9' title='bbox 788 274 1063 315; x_wconf 87' lang='lat' dir='ltr'>sanctissimo</span> <span class='ocrx_word' id='word_1_10' title='bbox 1114 276 1218 328; x_wconf 91' lang='lat' dir='ltr'>Jesu</span> <span class='ocrx_word' id='word_1_11' title='bbox 1275 276 1462 316; x_wconf 89' lang='lat' dir='ltr'>nomine.</span> <span class='ocrx_word' id='word_1_12' title='bbox 1555 276 1700 316; x_wconf 91' lang='lat' dir='ltr'>Immo</span> <span class='ocrx_word' id='word_1_13' title='bbox 1756 277 1804 318; x_wconf 89' lang='lat' dir='ltr'>in·</span> 
     </span>
     <span class='ocr_line' id='line_1_3' title="bbox 324 347 1803 401; baseline 0.002 -13"><span class='ocrx_word' id='word_1_14' title='bbox 324 354 552 388; x_wconf 80' lang='lat' dir='ltr'><strong>senectute</strong></span> <span class='ocrx_word' id='word_1_15' title='bbox 589 355 723 401; x_wconf 87' lang='lat' dir='ltr'>atque</span> <span class='ocrx_word' id='word_1_16' title='bbox 760 347 919 388; x_wconf 85' lang='lat' dir='ltr'>affecta</span> <span class='ocrx_word' id='word_1_17' title='bbox 952 348 1045 401; x_wconf 88' lang='lat' dir='ltr'>jam</span> <span class='ocrx_word' id='word_1_18' title='bbox 1089 355 1234 399; x_wconf 80' lang='lat' dir='ltr'>aetate,</span> <span class='ocrx_word' id='word_1_19' title='bbox 1272 363 1372 390; x_wconf 88' lang='lat' dir='ltr'>cum</span> <span class='ocrx_word' id='word_1_20' title='bbox 1417 350 1454 389; x_wconf 90' lang='lat' dir='ltr'>ei</span> <span class='ocrx_word' id='word_1_21' title='bbox 1498 355 1649 401; x_wconf 87' lang='lat' dir='ltr'>guttur</span> <span class='ocrx_word' id='word_1_22' title='bbox 1686 350 1803 391; x_wconf 88' lang='lat' dir='ltr'>intu-</span> 
     </span>
     <span class='ocr_line' id='line_1_4' title="bbox 324 423 1803 477; baseline 0.001 -13"><span class='ocrx_word' id='word_1_23' title='bbox 324 423 518 470; x_wconf 89' lang='lat' dir='ltr'>muisset,</span> <span class='ocrx_word' id='word_1_24' title='bbox 563 429 606 463; x_wconf 92' lang='lat' dir='ltr'>et</span> <span class='ocrx_word' id='word_1_25' title='bbox 649 423 808 463; x_wconf 87' lang='lat' dir='ltr'>ferrum</span> <span class='ocrx_word' id='word_1_26' title='bbox 859 430 973 463; x_wconf 89' lang='lat' dir='ltr'>esset</span> <span class='ocrx_word' id='word_1_27' title='bbox 1024 424 1340 472; x_wconf 88' lang='lat' dir='ltr'>adhibendum,</span> <span class='ocrx_word' id='word_1_28' title='bbox 1385 423 1624 464; x_wconf 90' lang='lat' dir='ltr'>immobilis</span> <span class='ocrx_word' id='word_1_29' title='bbox 1666 429 1803 477; x_wconf 90' lang='lat' dir='ltr'>atque</span> 
     </span>
     <span class='ocr_line' id='line_1_5' title="bbox 323 497 1799 552; baseline 0.001 -14"><span class='ocrx_word' id='word_1_30' title='bbox 323 498 575 550; x_wconf 86' lang='lat' dir='ltr'>intrepidus</span> <span class='ocrx_word' id='word_1_31' title='bbox 631 498 685 538; x_wconf 93' lang='lat' dir='ltr'>ad</span> <span class='ocrx_word' id='word_1_32' title='bbox 747 497 903 537; x_wconf 89' lang='lat' dir='ltr'>vulnus</span> <span class='ocrx_word' id='word_1_33' title='bbox 953 499 1104 548; x_wconf 82' lang='lat' dir='ltr'>stetit3</span> <span class='ocrx_word' id='word_1_34' title='bbox 1170 499 1484 551; x_wconf 89' lang='lat' dir='ltr'>placidumque</span> <span class='ocrx_word' id='word_1_35' title='bbox 1550 497 1799 552; x_wconf 80' lang='lat' dir='ltr'>chirurgum</span> 
     </span>
     <span class='ocr_line' id='line_1_6' title="bbox 324 571 1803 625; baseline 0.001 -14"><span class='ocrx_word' id='word_1_36' title='bbox 324 572 583 625; x_wconf 83' lang='lat' dir='ltr'>increpans;</span> <span class='ocrx_word' id='word_1_37' title='bbox 628 571 815 620; x_wconf 87' lang='lat' dir='ltr'>“Seca,”</span> <span class='ocrx_word' id='word_1_38' title='bbox 855 572 1007 624; x_wconf 87' lang='lat' dir='ltr'>inquit,</span> <span class='ocrx_word' id='word_1_39' title='bbox 1042 573 1292 613; x_wconf 77' lang='lat' dir='ltr'>“audacter</span> <span class='ocrx_word' id='word_1_40' title='bbox 1331 579 1374 613; x_wconf 90' lang='lat' dir='ltr'>et</span> <span class='ocrx_word' id='word_1_41' title='bbox 1405 572 1588 613; x_wconf 89' lang='lat' dir='ltr'>viriliter</span> <span class='ocrx_word' id='word_1_42' title='bbox 1630 571 1803 623; x_wconf 72' lang='lat' dir='ltr'>incide,</span> 
     </span>
     <span class='ocr_line' id='line_1_7' title="bbox 325 646 1798 699; baseline 0.001 -14"><span class='ocrx_word' id='word_1_43' title='bbox 325 659 564 698; x_wconf 87' lang='lat' dir='ltr'>nunquam,</span> <span class='ocrx_word' id='word_1_44' title='bbox 600 646 705 685; x_wconf 88' lang='lat' dir='ltr'>mihi</span> <span class='ocrx_word' id='word_1_45' title='bbox 748 647 886 694; x_wconf 89' lang='lat' dir='ltr'>crede,</span> <span class='ocrx_word' id='word_1_46' title='bbox 927 647 1139 686; x_wconf 79' lang='lat' dir='ltr'>novacula</span> <span class='ocrx_word' id='word_1_47' title='bbox 1183 648 1265 686; x_wconf 90' lang='lat' dir='ltr'>ista</span> <span class='ocrx_word' id='word_1_48' title='bbox 1307 647 1515 687; x_wconf 79' lang='lat' dir='ltr'>ardentes</span> <span class='ocrx_word' id='word_1_49' title='bbox 1553 652 1798 699; x_wconf 88' lang='lat' dir='ltr'>martyrum</span> 
     </span>
     <span class='ocr_line' id='line_1_8' title="bbox 325 720 802 773; baseline 0 -13"><span class='ocrx_word' id='word_1_50' title='bbox 325 720 511 760; x_wconf 89' lang='lat' dir='ltr'>laminas</span> <span class='ocrx_word' id='word_1_51' title='bbox 543 720 802 773; x_wconf 80' lang='lat' dir='ltr'>superabit.&#39;’</span> 
     </span>
    </p>

    <p class='ocr_par' dir='ltr' id='par_1_3' title="bbox 325 794 1807 1206">
     <span class='ocr_line' id='line_1_9' title="bbox 415 794 1801 835; baseline -0.001 0"><span class='ocrx_word' id='word_1_52' title='bbox 415 795 713 835; x_wconf 77' lang='lat' dir='ltr'>Commendat</span> <span class='ocrx_word' id='word_1_53' title='bbox 754 795 886 835; x_wconf 85' lang='lat' dir='ltr'>etiam</span> <span class='ocrx_word' id='word_1_54' title='bbox 930 795 1056 835; x_wconf 91' lang='lat' dir='ltr'>nobis</span> <span class='ocrx_word' id='word_1_55' title='bbox 1101 796 1147 835; x_wconf 82' lang='lat' dir='ltr'>B.</span> <span class='ocrx_word' id='word_1_56' title='bbox 1182 794 1458 835; x_wconf 84' lang='lat' dir='ltr'>Dorotheus1</span> <span class='ocrx_word' id='word_1_57' title='bbox 1501 794 1801 835; x_wconf 80' lang='lat' dir='ltr'>obedientiam</span> 
     </span>
     <span class='ocr_line' id='line_1_10' title="bbox 326 868 1802 921; baseline -0.001 -12"><span class='ocrx_word' id='word_1_58' title='bbox 326 875 369 909; x_wconf 90' lang='lat' dir='ltr'>et</span> <span class='ocrx_word' id='word_1_59' title='bbox 399 869 660 921; x_wconf 87' lang='lat' dir='ltr'>patientiam</span> <span class='ocrx_word' id='word_1_60' title='bbox 696 868 809 907; x_wconf 90' lang='lat' dir='ltr'>illius</span> <span class='ocrx_word' id='word_1_61' title='bbox 843 870 982 908; x_wconf 87' lang='lat' dir='ltr'>sancti</span> <span class='ocrx_word' id='word_1_62' title='bbox 1015 870 1131 908; x_wconf 83' lang='lat' dir='ltr'>senis</span> <span class='ocrx_word' id='word_1_63' title='bbox 1165 869 1431 921; x_wconf 79' lang='lat' dir='ltr'>aegrotantis‚</span> <span class='ocrx_word' id='word_1_64' title='bbox 1456 869 1511 908; x_wconf 92' lang='lat' dir='ltr'>de</span> <span class='ocrx_word' id='word_1_65' title='bbox 1545 882 1634 920; x_wconf 88' lang='lat' dir='ltr'>quo</span> <span class='ocrx_word' id='word_1_66' title='bbox 1671 881 1802 921; x_wconf 85' lang='lat' dir='ltr'>supra</span> 
     </span>
     <span class='ocr_line' id='line_1_11' title="bbox 326 942 1801 995; baseline -0.001 -13"><span class='ocrx_word' id='word_1_67' title='bbox 326 943 549 983; x_wconf 81' lang='lat' dir='ltr'>diximus:</span> <span class='ocrx_word' id='word_1_68' title='bbox 602 942 669 981; x_wconf 85' lang='lat' dir='ltr'>cui</span> <span class='ocrx_word' id='word_1_69' title='bbox 722 955 820 981; x_wconf 89' lang='lat' dir='ltr'>cum</span> <span class='ocrx_word' id='word_1_70' title='bbox 875 942 1006 982; x_wconf 85' lang='lat' dir='ltr'>frater</span> <span class='ocrx_word' id='word_1_71' title='bbox 1048 943 1230 995; x_wconf 88' lang='lat' dir='ltr'>quidam</span> <span class='ocrx_word' id='word_1_72' title='bbox 1274 943 1474 982; x_wconf 78' lang='lat' dir='ltr'>minister</span> <span class='ocrx_word' id='word_1_73' title='bbox 1524 942 1669 982; x_wconf 92' lang='lat' dir='ltr'>oleum</span> <span class='ocrx_word' id='word_1_74' title='bbox 1713 942 1801 990; x_wconf 85' lang='lat' dir='ltr'>lini,</span> 
     </span>
     <span class='ocr_line' id='line_1_12' title="bbox 326 1016 1801 1070; baseline 0 -14"><span class='ocrx_word' id='word_1_75' title='bbox 326 1017 446 1070; x_wconf 87' lang='lat' dir='ltr'>quod</span> <span class='ocrx_word' id='word_1_76' title='bbox 470 1016 717 1056; x_wconf 85' lang='lat' dir='ltr'>lethiferum</span> <span class='ocrx_word' id='word_1_77' title='bbox 748 1022 825 1062; x_wconf 87' lang='lat' dir='ltr'>est,</span> <span class='ocrx_word' id='word_1_78' title='bbox 849 1031 927 1070; x_wconf 88' lang='lat' dir='ltr'>pro</span> <span class='ocrx_word' id='word_1_79' title='bbox 956 1017 1084 1057; x_wconf 89' lang='lat' dir='ltr'>melle</span> <span class='ocrx_word' id='word_1_80' title='bbox 1108 1018 1150 1056; x_wconf 92' lang='lat' dir='ltr'>in</span> <span class='ocrx_word' id='word_1_81' title='bbox 1175 1017 1268 1069; x_wconf 83' lang='lat' dir='ltr'>ejus</span> <span class='ocrx_word' id='word_1_82' title='bbox 1297 1016 1576 1069; x_wconf 88' lang='lat' dir='ltr'>pulmentum</span> <span class='ocrx_word' id='word_1_83' title='bbox 1599 1017 1801 1056; x_wconf 88' lang='lat' dir='ltr'>incautus</span> 
     </span>
     <span class='ocr_line' id='line_1_13' title="bbox 325 1091 1807 1144; baseline -0.001 -13"><span class='ocrx_word' id='word_1_84' title='bbox 325 1091 571 1140; x_wconf 80' lang='lat' dir='ltr'>infudisset,</span> <span class='ocrx_word' id='word_1_85' title='bbox 595 1104 733 1131; x_wconf 79' lang='lat' dir='ltr'>senex</span> <span class='ocrx_word' id='word_1_86' title='bbox 766 1091 941 1131; x_wconf 88' lang='lat' dir='ltr'>silentio</span> <span class='ocrx_word' id='word_1_87' title='bbox 975 1106 1106 1132; x_wconf 90' lang='lat' dir='ltr'>unam</span> <span class='ocrx_word' id='word_1_88' title='bbox 1132 1097 1174 1131; x_wconf 90' lang='lat' dir='ltr'>et</span> <span class='ocrx_word' id='word_1_89' title='bbox 1197 1092 1380 1131; x_wconf 86' lang='lat' dir='ltr'>alteram</span> <span class='ocrx_word' id='word_1_90' title='bbox 1414 1091 1613 1144; x_wconf 85' lang='lat' dir='ltr'>patinam</span> <span class='ocrx_word' id='word_1_91' title='bbox 1646 1091 1807 1143; x_wconf 80' lang='lat' dir='ltr'>degus-</span> 
     </span>
     <span class='ocr_line' id='line_1_14' title="bbox 327 1166 448 1206; baseline -0.017 0"><span class='ocrx_word' id='word_1_92' title='bbox 327 1166 448 1206; x_wconf 84' lang='lat' dir='ltr'>tavit.</span> 
     </span>
    </p>

    <p class='ocr_par' dir='ltr' id='par_1_4' title="bbox 327 1237 1811 2034">
     <span class='ocr_line' id='line_1_15' title="bbox 415 1237 1805 1291; baseline 0 -13"><span class='ocrx_word' id='word_1_93' title='bbox 415 1239 484 1279; x_wconf 94' lang='lat' dir='ltr'>De</span> <span class='ocrx_word' id='word_1_94' title='bbox 527 1239 655 1278; x_wconf 84' lang='lat' dir='ltr'>Patre</span> <span class='ocrx_word' id='word_1_95' title='bbox 697 1239 831 1279; x_wconf 87' lang='lat' dir='ltr'>etiam</span> <span class='ocrx_word' id='word_1_96' title='bbox 876 1246 1026 1280; x_wconf 88' lang='lat' dir='ltr'>nostro</span> <span class='ocrx_word' id='word_1_97' title='bbox 1071 1240 1305 1280; x_wconf 88' lang='lat' dir='ltr'>Francisco</span> <span class='ocrx_word' id='word_1_98' title='bbox 1356 1237 1541 1291; x_wconf 79' lang='lat' dir='ltr'>Borgia2</span> <span class='ocrx_word' id='word_1_99' title='bbox 1592 1238 1805 1278; x_wconf 88' lang='lat' dir='ltr'>memoria</span> 
     </span>
     <span class='ocr_line' id='line_1_16' title="bbox 327 1313 1804 1365; baseline 0 -13"><span class='ocrx_word' id='word_1_100' title='bbox 327 1326 477 1353; x_wconf 86' lang='lat' dir='ltr'>recens</span> <span class='ocrx_word' id='word_1_101' title='bbox 512 1319 711 1362; x_wconf 86' lang='lat' dir='ltr'>testatur,</span> <span class='ocrx_word' id='word_1_102' title='bbox 747 1313 926 1354; x_wconf 88' lang='lat' dir='ltr'>solitum</span> <span class='ocrx_word' id='word_1_103' title='bbox 965 1328 1065 1354; x_wconf 88' lang='lat' dir='ltr'>eum</span> <span class='ocrx_word' id='word_1_104' title='bbox 1101 1313 1244 1363; x_wconf 87' lang='lat' dir='ltr'>fuisse,</span> <span class='ocrx_word' id='word_1_105' title='bbox 1282 1327 1381 1353; x_wconf 90' lang='lat' dir='ltr'>cum</span> <span class='ocrx_word' id='word_1_106' title='bbox 1419 1319 1665 1365; x_wconf 54' lang='lat' dir='ltr'>aegrotaret,</span> <span class='ocrx_word' id='word_1_107' title='bbox 1705 1326 1804 1365; x_wconf 89' lang='lat' dir='ltr'>per-</span> 
     </span>
     <span class='ocr_line' id='line_1_17' title="bbox 327 1387 1804 1440; baseline -0.002 -11"><span class='ocrx_word' id='word_1_108' title='bbox 327 1401 478 1429; x_wconf 82' lang='lat' dir='ltr'>amara</span> <span class='ocrx_word' id='word_1_109' title='bbox 515 1388 753 1440; x_wconf 88' lang='lat' dir='ltr'>pharmaca</span> <span class='ocrx_word' id='word_1_110' title='bbox 796 1387 967 1428; x_wconf 84' lang='lat' dir='ltr'>haurire</span> <span class='ocrx_word' id='word_1_111' title='bbox 1010 1389 1256 1437; x_wconf 76' lang='lat' dir='ltr'>&#39;sorbendo;</span> <span class='ocrx_word' id='word_1_112' title='bbox 1308 1402 1495 1440; x_wconf 85' lang='lat' dir='ltr'>cumque</span> <span class='ocrx_word' id='word_1_113' title='bbox 1537 1387 1622 1427; x_wconf 93' lang='lat' dir='ltr'>cibi</span> <span class='ocrx_word' id='word_1_114' title='bbox 1668 1387 1804 1427; x_wconf 88' lang='lat' dir='ltr'>etiam</span> 
     </span>
     <span class='ocr_line' id='line_1_18' title="bbox 327 1460 1807 1515; baseline -0.001 -12"><span class='ocrx_word' id='word_1_115' title='bbox 327 1463 530 1503; x_wconf 84' lang='lat' dir='ltr'>insuaves</span> <span class='ocrx_word' id='word_1_116' title='bbox 572 1463 767 1513; x_wconf 78' lang='lat' dir='ltr'>gustatui</span> <span class='ocrx_word' id='word_1_117' title='bbox 806 1464 1031 1515; x_wconf 85' lang='lat' dir='ltr'>amarique</span> <span class='ocrx_word' id='word_1_118' title='bbox 1069 1463 1379 1515; x_wconf 65' lang='lat' dir='ltr'>praeberentur,</span> <span class='ocrx_word' id='word_1_119' title='bbox 1420 1476 1493 1502; x_wconf 89' lang='lat' dir='ltr'>eos</span> <span class='ocrx_word' id='word_1_120' title='bbox 1534 1462 1639 1501; x_wconf 84' lang='lat' dir='ltr'>item</span> <span class='ocrx_word' id='word_1_121' title='bbox 1679 1460 1807 1501; x_wconf 90' lang='lat' dir='ltr'>avide</span> 
     </span>
     <span class='ocr_line' id='line_1_19' title="bbox 328 1535 1804 1590; baseline -0.001 -13"><span class='ocrx_word' id='word_1_122' title='bbox 328 1542 544 1589; x_wconf 81' lang='lat' dir='ltr'>tanquam</span> <span class='ocrx_word' id='word_1_123' title='bbox 587 1535 736 1577; x_wconf 80' lang='lat' dir='ltr'>dulces</span> <span class='ocrx_word' id='word_1_124' title='bbox 774 1542 818 1576; x_wconf 88' lang='lat' dir='ltr'>et</span> <span class='ocrx_word' id='word_1_125' title='bbox 855 1551 1008 1577; x_wconf 85' lang='lat' dir='ltr'>suaves</span> <span class='ocrx_word' id='word_1_126' title='bbox 1050 1538 1292 1590; x_wconf 84' lang='lat' dir='ltr'>arripuisse.</span> <span class='ocrx_word' id='word_1_127' title='bbox 1371 1535 1640 1588; x_wconf 77' lang='lat' dir='ltr'>Quanquam</span> <span class='ocrx_word' id='word_1_128' title='bbox 1685 1535 1804 1588; x_wconf 90' lang='lat' dir='ltr'>quod</span> 
     </span>
     <span class='ocr_line' id='line_1_20' title="bbox 329 1609 1806 1663; baseline 0 -13"><span class='ocrx_word' id='word_1_129' title='bbox 329 1612 373 1650; x_wconf 92' lang='lat' dir='ltr'>in</span> <span class='ocrx_word' id='word_1_130' title='bbox 395 1610 478 1650; x_wconf 93' lang='lat' dir='ltr'>hoc</span> <span class='ocrx_word' id='word_1_131' title='bbox 509 1623 668 1662; x_wconf 84' lang='lat' dir='ltr'>genere</span> <span class='ocrx_word' id='word_1_132' title='bbox 701 1609 910 1651; x_wconf 85' lang='lat' dir='ltr'>illustrius</span> <span class='ocrx_word' id='word_1_133' title='bbox 941 1611 1154 1651; x_wconf 87' lang='lat' dir='ltr'>habemus</span> <span class='ocrx_word' id='word_1_134' title='bbox 1178 1610 1435 1663; x_wconf 78' lang='lat' dir='ltr'>exemplum</span> <span class='ocrx_word' id='word_1_135' title='bbox 1469 1611 1512 1649; x_wconf 88' lang='lat' dir='ltr'>P.</span> <span class='ocrx_word' id='word_1_136' title='bbox 1539 1610 1590 1649; x_wconf 94' lang='lat' dir='ltr'>N.</span> <span class='ocrx_word' id='word_1_137' title='bbox 1618 1610 1806 1662; x_wconf 83' lang='lat' dir='ltr'>Ignatio,</span> 
     </span>
     <span class='ocr_line' id='line_1_21' title="bbox 330 1683 1807 1738; baseline -0.001 -14"><span class='ocrx_word' id='word_1_138' title='bbox 330 1685 404 1737; x_wconf 87' lang='lat' dir='ltr'>qui</span> <span class='ocrx_word' id='word_1_139' title='bbox 459 1684 629 1733; x_wconf 89' lang='lat' dir='ltr'>medici,</span> <span class='ocrx_word' id='word_1_140' title='bbox 672 1685 845 1736; x_wconf 88' lang='lat' dir='ltr'>quoties</span> <span class='ocrx_word' id='word_1_141' title='bbox 888 1692 1134 1738; x_wconf 77' lang='lat' dir='ltr'>aegrotaret,</span> <span class='ocrx_word' id='word_1_142' title='bbox 1180 1685 1241 1724; x_wconf 82' lang='lat' dir='ltr'>ita</span> <span class='ocrx_word' id='word_1_143' title='bbox 1287 1698 1332 1724; x_wconf 90' lang='lat' dir='ltr'>se</span> <span class='ocrx_word' id='word_1_144' title='bbox 1384 1684 1504 1724; x_wconf 85' lang='lat' dir='ltr'>dicto</span> <span class='ocrx_word' id='word_1_145' title='bbox 1553 1683 1807 1723; x_wconf 87' lang='lat' dir='ltr'>audientem</span> 
     </span>
     <span class='ocr_line' id='line_1_22' title="bbox 331 1757 1808 1812; baseline 0 -15"><span class='ocrx_word' id='word_1_146' title='bbox 331 1757 570 1812; x_wconf 57' lang='lat' dir='ltr'>praebebat,</span> <span class='ocrx_word' id='word_1_147' title='bbox 607 1764 655 1797; x_wconf 93' lang='lat' dir='ltr'>ut</span> <span class='ocrx_word' id='word_1_148' title='bbox 688 1757 780 1809; x_wconf 83' lang='lat' dir='ltr'>ejus</span> <span class='ocrx_word' id='word_1_149' title='bbox 818 1760 987 1799; x_wconf 83' lang='lat' dir='ltr'>monita</span> <span class='ocrx_word' id='word_1_150' title='bbox 1019 1773 1098 1812; x_wconf 93' lang='lat' dir='ltr'>pro</span> <span class='ocrx_word' id='word_1_151' title='bbox 1130 1758 1317 1799; x_wconf 89' lang='lat' dir='ltr'>oraculis</span> <span class='ocrx_word' id='word_1_152' title='bbox 1349 1759 1541 1806; x_wconf 87' lang='lat' dir='ltr'>duceret,</span> <span class='ocrx_word' id='word_1_153' title='bbox 1578 1771 1721 1810; x_wconf 89' lang='lat' dir='ltr'>neque</span> <span class='ocrx_word' id='word_1_154' title='bbox 1757 1771 1808 1798; x_wconf 90' lang='lat' dir='ltr'>ea</span> 
     </span>
     <span class='ocr_line' id='line_1_23' title="bbox 333 1830 1811 1884; baseline -0.001 -12"><span class='ocrx_word' id='word_1_155' title='bbox 333 1832 467 1872; x_wconf 90' lang='lat' dir='ltr'>modo</span> <span class='ocrx_word' id='word_1_156' title='bbox 501 1845 601 1884; x_wconf 80' lang='lat' dir='ltr'>quae</span> <span class='ocrx_word' id='word_1_157' title='bbox 636 1833 781 1871; x_wconf 88' lang='lat' dir='ltr'>sensui</span> <span class='ocrx_word' id='word_1_158' title='bbox 817 1833 1006 1881; x_wconf 91' lang='lat' dir='ltr'>inimica,</span> <span class='ocrx_word' id='word_1_159' title='bbox 1038 1846 1190 1872; x_wconf 87' lang='lat' dir='ltr'>verum</span> <span class='ocrx_word' id='word_1_160' title='bbox 1226 1833 1358 1872; x_wconf 88' lang='lat' dir='ltr'>etiam</span> <span class='ocrx_word' id='word_1_161' title='bbox 1394 1845 1492 1884; x_wconf 80' lang='lat' dir='ltr'>quae</span> <span class='ocrx_word' id='word_1_162' title='bbox 1529 1831 1665 1871; x_wconf 83' lang='lat' dir='ltr'>noxia</span> <span class='ocrx_word' id='word_1_163' title='bbox 1694 1830 1811 1871; x_wconf 88' lang='lat' dir='ltr'>vale-</span> 
     </span>
     <span class='ocr_line' id='line_1_24' title="bbox 331 1905 1809 1958; baseline -0.002 -11"><span class='ocrx_word' id='word_1_164' title='bbox 331 1905 473 1947; x_wconf 90' lang='lat' dir='ltr'>tudini</span> <span class='ocrx_word' id='word_1_165' title='bbox 498 1911 653 1954; x_wconf 86' lang='lat' dir='ltr'>essent,</span> <span class='ocrx_word' id='word_1_166' title='bbox 677 1906 886 1957; x_wconf 85' lang='lat' dir='ltr'>quoniam</span> <span class='ocrx_word' id='word_1_167' title='bbox 920 1921 945 1946; x_wconf 88' lang='lat' dir='ltr'>a</span> <span class='ocrx_word' id='word_1_168' title='bbox 977 1906 1160 1953; x_wconf 79' lang='lat' dir='ltr'>medico,</span> <span class='ocrx_word' id='word_1_169' title='bbox 1194 1907 1268 1958; x_wconf 87' lang='lat' dir='ltr'>qui</span> <span class='ocrx_word' id='word_1_170' title='bbox 1302 1905 1482 1958; x_wconf 87' lang='lat' dir='ltr'>quidem</span> <span class='ocrx_word' id='word_1_171' title='bbox 1516 1905 1809 1958; x_wconf 89' lang='lat' dir='ltr'>peritissimus</span> 
     </span>
     <span class='ocr_line' id='line_1_25' title="bbox 333 1979 1634 2034; baseline -0.001 -13"><span class='ocrx_word' id='word_1_172' title='bbox 333 1980 459 2021; x_wconf 90' lang='lat' dir='ltr'>initio</span> <span class='ocrx_word' id='word_1_173' title='bbox 491 1993 579 2019; x_wconf 91' lang='lat' dir='ltr'>non</span> <span class='ocrx_word' id='word_1_174' title='bbox 613 1979 705 2028; x_wconf 87' lang='lat' dir='ltr'>fuit,</span> <span class='ocrx_word' id='word_1_175' title='bbox 730 1981 985 2034; x_wconf 73' lang='lat' dir='ltr'>praescripta</span> <span class='ocrx_word' id='word_1_176' title='bbox 1018 1988 1154 2030; x_wconf 86' lang='lat' dir='ltr'>erant,</span> <span class='ocrx_word' id='word_1_177' title='bbox 1180 1981 1362 2020; x_wconf 90' lang='lat' dir='ltr'>minime</span> <span class='ocrx_word' id='word_1_178' title='bbox 1393 1980 1634 2020; x_wconf 84' lang='lat' dir='ltr'>recusabat.</span> 
     </span>
    </p>

    <p class='ocr_par' dir='ltr' id='par_1_5' title="bbox 335 2053 1815 2850">
     <span class='ocr_line' id='line_1_26' title="bbox 424 2053 1809 2107; baseline 0.001 -15"><span class='ocrx_word' id='word_1_179' title='bbox 424 2053 680 2093; x_wconf 89' lang='lat' dir='ltr'>Meminisse</span> <span class='ocrx_word' id='word_1_180' title='bbox 715 2054 846 2094; x_wconf 90' lang='lat' dir='ltr'>etiam</span> <span class='ocrx_word' id='word_1_181' title='bbox 891 2055 997 2107; x_wconf 85' lang='lat' dir='ltr'>quid</span> <span class='ocrx_word' id='word_1_182' title='bbox 1042 2054 1391 2095; x_wconf 89' lang='lat' dir='ltr'>Constitutiones</span> <span class='ocrx_word' id='word_1_183' title='bbox 1434 2060 1597 2093; x_wconf 77' lang='lat' dir='ltr'>nostrae</span> <span class='ocrx_word' id='word_1_184' title='bbox 1635 2054 1809 2105; x_wconf 69' lang='lat' dir='ltr'>aegritu-</span> 
     </span>
     <span class='ocr_line' id='line_1_27' title="bbox 335 2126 1808 2182; baseline -0.002 -13"><span class='ocrx_word' id='word_1_185' title='bbox 335 2129 450 2169; x_wconf 88' lang='lat' dir='ltr'>dinis</span> <span class='ocrx_word' id='word_1_186' title='bbox 482 2134 681 2180; x_wconf 87' lang='lat' dir='ltr'>tempore</span> <span class='ocrx_word' id='word_1_187' title='bbox 715 2142 740 2168; x_wconf 92' lang='lat' dir='ltr'>a</span> <span class='ocrx_word' id='word_1_188' title='bbox 778 2129 902 2168; x_wconf 91' lang='lat' dir='ltr'>nobis</span> <span class='ocrx_word' id='word_1_189' title='bbox 937 2130 1132 2181; x_wconf 80' lang='lat' dir='ltr'>exigant,</span> <span class='ocrx_word' id='word_1_190' title='bbox 1166 2135 1418 2182; x_wconf 84' lang='lat' dir='ltr'>promptam</span> <span class='ocrx_word' id='word_1_191' title='bbox 1454 2134 1588 2179; x_wconf 87' lang='lat' dir='ltr'>atque</span> <span class='ocrx_word' id='word_1_192' title='bbox 1621 2126 1808 2167; x_wconf 90' lang='lat' dir='ltr'>alacrem</span> 
     </span>
     <span class='ocr_line' id='line_1_28' title="bbox 337 2199 1811 2254; baseline -0.001 -12"><span class='ocrx_word' id='word_1_193' title='bbox 337 2208 533 2242; x_wconf 88' lang='lat' dir='ltr'>nostram</span> <span class='ocrx_word' id='word_1_194' title='bbox 557 2200 717 2241; x_wconf 83' lang='lat' dir='ltr'>facient</span> <span class='ocrx_word' id='word_1_195' title='bbox 748 2215 850 2254; x_wconf 76' lang='lat' dir='ltr'>erga</span> <span class='ocrx_word' id='word_1_196' title='bbox 880 2202 1074 2242; x_wconf 87' lang='lat' dir='ltr'>medicos</span> <span class='ocrx_word' id='word_1_197' title='bbox 1107 2208 1151 2242; x_wconf 87' lang='lat' dir='ltr'>et</span> <span class='ocrx_word' id='word_1_198' title='bbox 1184 2202 1445 2242; x_wconf 86' lang='lat' dir='ltr'>infirmarios</span> <span class='ocrx_word' id='word_1_199' title='bbox 1477 2199 1811 2241; x_wconf 69' lang='lat' dir='ltr'>obedie11tiam.2⁵</span> 
     </span>
     <span class='ocr_line' id='line_1_29' title="bbox 337 2274 1807 2327; baseline -0.001 -11"><span class='ocrx_word' id='word_1_200' title='bbox 337 2276 456 2316; x_wconf 85' lang='lat' dir='ltr'>Nam</span> <span class='ocrx_word' id='word_1_201' title='bbox 480 2276 541 2314; x_wconf 92' lang='lat' dir='ltr'>sic</span> <span class='ocrx_word' id='word_1_202' title='bbox 570 2274 720 2326; x_wconf 88' lang='lat' dir='ltr'>ajunt:</span> <span class='ocrx_word' id='word_1_203' title='bbox 756 2275 1063 2316; x_wconf 80' lang='lat' dir='ltr'>“Observetur</span> <span class='ocrx_word' id='word_1_204' title='bbox 1094 2282 1185 2315; x_wconf 85' lang='lat' dir='ltr'>tam</span> <span class='ocrx_word' id='word_1_205' title='bbox 1219 2277 1261 2315; x_wconf 92' lang='lat' dir='ltr'>in</span> <span class='ocrx_word' id='word_1_206' title='bbox 1294 2277 1434 2315; x_wconf 87' lang='lat' dir='ltr'>victus</span> <span class='ocrx_word' id='word_1_207' title='bbox 1468 2275 1647 2323; x_wconf 88' lang='lat' dir='ltr'>ratione,</span> <span class='ocrx_word' id='word_1_208' title='bbox 1673 2287 1807 2327; x_wconf 86' lang='lat' dir='ltr'>quam</span> 
     </span>
     <span class='ocr_line' id='line_1_30' title="bbox 339 2349 1810 2403; baseline -0.002 -12"><span class='ocrx_word' id='word_1_209' title='bbox 339 2352 381 2391; x_wconf 92' lang='lat' dir='ltr'>in</span> <span class='ocrx_word' id='word_1_210' title='bbox 425 2350 662 2398; x_wconf 89' lang='lat' dir='ltr'>medicinis,</span> <span class='ocrx_word' id='word_1_211' title='bbox 702 2351 820 2402; x_wconf 84' lang='lat' dir='ltr'>quod</span> <span class='ocrx_word' id='word_1_212' title='bbox 859 2351 1055 2390; x_wconf 89' lang='lat' dir='ltr'>medicus</span> <span class='ocrx_word' id='word_1_213' title='bbox 1097 2350 1420 2403; x_wconf 59' lang='lat' dir='ltr'>praescripserit,</span> <span class='ocrx_word' id='word_1_214' title='bbox 1461 2355 1675 2402; x_wconf 84' lang='lat' dir='ltr'>quantum</span> <span class='ocrx_word' id='word_1_215' title='bbox 1718 2349 1810 2389; x_wconf 88' lang='lat' dir='ltr'>fieri</span> 
     </span>
     <span class='ocr_line' id='line_1_31' title="bbox 338 2422 1812 2480; baseline -0.001 -15"><span class='ocrx_word' id='word_1_216' title='bbox 338 2432 513 2480; x_wconf 80' lang='lat' dir='ltr'>potest3</span> <span class='ocrx_word' id='word_1_217' title='bbox 567 2439 646 2464; x_wconf 91' lang='lat' dir='ltr'>nec</span> <span class='ocrx_word' id='word_1_218' title='bbox 688 2424 884 2464; x_wconf 87' lang='lat' dir='ltr'>infirmus</span> <span class='ocrx_word' id='word_1_219' title='bbox 935 2426 977 2464; x_wconf 87' lang='lat' dir='ltr'>in</span> <span class='ocrx_word' id='word_1_220' title='bbox 1030 2425 1096 2464; x_wconf 87' lang='lat' dir='ltr'>his</span> <span class='ocrx_word' id='word_1_221' title='bbox 1149 2426 1385 2477; x_wconf 86' lang='lat' dir='ltr'>quicquam</span> <span class='ocrx_word' id='word_1_222' title='bbox 1439 2423 1595 2464; x_wconf 76' lang='lat' dir='ltr'>curet.&#39;&#39;</span> <span class='ocrx_word' id='word_1_223' title='bbox 1679 2422 1812 2475; x_wconf 76' lang='lat' dir='ltr'>Quod</span> 
     </span>
     <span class='ocr_line' id='line_1_32' title="bbox 339 2497 1812 2553; baseline -0.003 -13"><span class='ocrx_word' id='word_1_224' title='bbox 339 2501 556 2553; x_wconf 89' lang='lat' dir='ltr'>Joannem</span> <span class='ocrx_word' id='word_1_225' title='bbox 611 2499 857 2552; x_wconf 84' lang='lat' dir='ltr'>Baptistam</span> <span class='ocrx_word' id='word_1_226' title='bbox 918 2499 1184 2540; x_wconf 89' lang='lat' dir='ltr'>Piscatorem</span> <span class='ocrx_word' id='word_1_227' title='bbox 1250 2498 1401 2538; x_wconf 85' lang='lat' dir='ltr'>fecisse</span> <span class='ocrx_word' id='word_1_228' title='bbox 1462 2498 1688 2538; x_wconf 90' lang='lat' dir='ltr'>videmus:</span> <span class='ocrx_word' id='word_1_229' title='bbox 1750 2497 1812 2537; x_wconf 87' lang='lat' dir='ltr'>ita</span> 
     </span>
     <span class='ocr_line' id='line_1_33' title="bbox 341 2572 1812 2626; baseline -0.003 -12"><span class='ocrx_word' id='word_1_230' title='bbox 341 2575 458 2615; x_wconf 88' lang='lat' dir='ltr'>enim</span> <span class='ocrx_word' id='word_1_231' title='bbox 496 2587 653 2626; x_wconf 91' lang='lat' dir='ltr'>corpus</span> <span class='ocrx_word' id='word_1_232' title='bbox 691 2586 817 2613; x_wconf 88' lang='lat' dir='ltr'>suum</span> <span class='ocrx_word' id='word_1_233' title='bbox 857 2573 945 2625; x_wconf 77' lang='lat' dir='ltr'>regi</span> <span class='ocrx_word' id='word_1_234' title='bbox 988 2586 1039 2613; x_wconf 85' lang='lat' dir='ltr'>ac</span> <span class='ocrx_word' id='word_1_235' title='bbox 1076 2573 1252 2613; x_wconf 84' lang='lat' dir='ltr'>tractari</span> <span class='ocrx_word' id='word_1_236' title='bbox 1295 2572 1469 2612; x_wconf 89' lang='lat' dir='ltr'>sinebat</span> <span class='ocrx_word' id='word_1_237' title='bbox 1513 2578 1560 2611; x_wconf 90' lang='lat' dir='ltr'>ut</span> <span class='ocrx_word' id='word_1_238' title='bbox 1603 2576 1812 2619; x_wconf 86' lang='lat' dir='ltr'>mortuus,</span> 
     </span>
     <span class='ocr_line' id='line_1_34' title="bbox 343 2645 1811 2700; baseline -0.003 -11"><span class='ocrx_word' id='word_1_239' title='bbox 343 2648 450 2689; x_wconf 89' lang='lat' dir='ltr'>nihil</span> <span class='ocrx_word' id='word_1_240' title='bbox 502 2648 700 2688; x_wconf 88' lang='lat' dir='ltr'>oblatum</span> <span class='ocrx_word' id='word_1_241' title='bbox 753 2660 970 2700; x_wconf 87' lang='lat' dir='ltr'>respuens,</span> <span class='ocrx_word' id='word_1_242' title='bbox 1023 2647 1128 2686; x_wconf 86' lang='lat' dir='ltr'>nihil</span> <span class='ocrx_word' id='word_1_243' title='bbox 1186 2647 1415 2700; x_wconf 84' lang='lat' dir='ltr'>postulans</span> <span class='ocrx_word' id='word_1_244' title='bbox 1469 2660 1555 2686; x_wconf 89' lang='lat' dir='ltr'>non</span> <span class='ocrx_word' id='word_1_245' title='bbox 1601 2645 1811 2685; x_wconf 72' lang='lat' dir='ltr'>oblatum,</span> 
     </span>
     <span class='ocr_line' id='line_1_35' title="bbox 346 2719 1811 2763; baseline -0.003 -1"><span class='ocrx_word' id='word_1_246' title='bbox 346 2724 405 2763; x_wconf 88' lang='lat' dir='ltr'>Et</span> <span class='ocrx_word' id='word_1_247' title='bbox 437 2736 544 2762; x_wconf 82' lang='lat' dir='ltr'>mox</span> <span class='ocrx_word' id='word_1_248' title='bbox 576 2727 728 2762; x_wconf 84' lang='lat' dir='ltr'>vetant</span> <span class='ocrx_word' id='word_1_249' title='bbox 763 2721 1110 2762; x_wconf 89' lang='lat' dir='ltr'>Constitutiones</span> <span class='ocrx_word' id='word_1_250' title='bbox 1143 2721 1364 2760; x_wconf 80' lang='lat' dir='ltr'>infirmum</span> <span class='ocrx_word' id='word_1_251' title='bbox 1402 2720 1486 2760; x_wconf 91' lang='lat' dir='ltr'>loci</span> <span class='ocrx_word' id='word_1_252' title='bbox 1521 2719 1811 2759; x_wconf 86' lang='lat' dir='ltr'>mutationem</span> 
     </span>
     <span class='ocr_line' id='line_1_36' title="bbox 344 2793 1815 2850; baseline -0.005 -13"><span class='ocrx_word' id='word_1_253' title='bbox 344 2796 577 2850; x_wconf 85' lang='lat' dir='ltr'>postulare,</span> <span class='ocrx_word' id='word_1_254' title='bbox 613 2796 647 2835; x_wconf 89' lang='lat' dir='ltr'>si</span> <span class='ocrx_word' id='word_1_255' title='bbox 683 2795 752 2845; x_wconf 91' lang='lat' dir='ltr'>ibi,</span> <span class='ocrx_word' id='word_1_256' title='bbox 787 2795 863 2835; x_wconf 89' lang='lat' dir='ltr'>ubi</span> <span class='ocrx_word' id='word_1_257' title='bbox 901 2801 977 2844; x_wconf 91' lang='lat' dir='ltr'>est,</span> <span class='ocrx_word' id='word_1_258' title='bbox 1013 2796 1156 2834; x_wconf 88' lang='lat' dir='ltr'>minus</span> <span class='ocrx_word' id='word_1_259' title='bbox 1194 2801 1311 2835; x_wconf 86' lang='lat' dir='ltr'>recte</span> <span class='ocrx_word' id='word_1_260' title='bbox 1345 2794 1498 2834; x_wconf 88' lang='lat' dir='ltr'>valeat.</span> <span class='ocrx_word' id='word_1_261' title='bbox 1580 2793 1725 2832; x_wconf 90' lang='lat' dir='ltr'>Immo</span> <span class='ocrx_word' id='word_1_262' title='bbox 1760 2803 1815 2830; x_wconf 90' lang='lat' dir='ltr'>ne</span> 
     </span>
    </p>
   </div>
   <div class='ocr_carea' id='block_1_3' title="bbox 533 2883 1636 2925">
    <p class='ocr_par' dir='ltr' id='par_1_6' title="bbox 533 2883 1636 2925">
     <span class='ocr_line' id='line_1_37' title="bbox 533 2883 1636 2925; baseline -0.003 -8"><span class='ocrx_word' id='word_1_263' title='bbox 533 2885 543 2904; x_wconf 76' lang='lat'>¹</span> <span class='ocrx_word' id='word_1_264' title='bbox 571 2887 639 2918; x_wconf 83' lang='lat' dir='ltr'>Ser.</span> <span class='ocrx_word' id='word_1_265' title='bbox 660 2894 690 2925; x_wconf 87' lang='lat'>9.</span> <span class='ocrx_word' id='word_1_266' title='bbox 829 2883 841 2903; x_wconf 77' lang='lat'>²</span> <span class='ocrx_word' id='word_1_267' title='bbox 865 2885 905 2916; x_wconf 89' lang='lat' dir='ltr'>In</span> <span class='ocrx_word' id='word_1_268' title='bbox 929 2886 984 2916; x_wconf 85' lang='lat' dir='ltr'>vit.</span> <span class='ocrx_word' id='word_1_269' title='bbox 1005 2885 1026 2917; x_wconf 87' lang='lat' dir='ltr'>l.</span> <span class='ocrx_word' id='word_1_270' title='bbox 1046 2894 1075 2924; x_wconf 88' lang='lat'>4.</span> <span class='ocrx_word' id='word_1_271' title='bbox 1098 2895 1124 2916; x_wconf 91' lang='lat' dir='ltr'>c.</span> <span class='ocrx_word' id='word_1_272' title='bbox 1146 2893 1176 2924; x_wconf 87' lang='lat'>9.</span> <span class='ocrx_word' id='word_1_273' title='bbox 1313 2883 1326 2903; x_wconf 80' lang='lat'><strong>³</strong></span> <span class='ocrx_word' id='word_1_274' title='bbox 1351 2893 1379 2924; x_wconf 87' lang='lat'>3.</span> <span class='ocrx_word' id='word_1_275' title='bbox 1402 2895 1431 2925; x_wconf 86' lang='lat' dir='ltr'>p.</span> <span class='ocrx_word' id='word_1_276' title='bbox 1455 2895 1481 2915; x_wconf 89' lang='lat' dir='ltr'>c.</span> <span class='ocrx_word' id='word_1_277' title='bbox 1504 2892 1532 2914; x_wconf 91' lang='lat'>2.</span> <span class='ocrx_word' id='word_1_278' title='bbox 1554 2884 1574 2914; x_wconf 89' lang='grc'>1.</span> <span class='ocrx_word' id='word_1_279' title='bbox 1595 2883 1636 2914; x_wconf 90' lang='lat' dir='ltr'>G.</span> 
     </span>
    </p>
   </div>
  </div>
 </body>
</html>
