1903 3197
299 158 394 212 462
622 154 703 200 De
734 153 925 200 ratione
958 154 1153 201 vivendi
1185 154 1446 202 Socz'etatz's.

298 285 499 326 Patribus
540 285 743 336 credere3
797 291 845 326 ut
885 285 941 326 de
984 286 1164 327 Herone
1204 301 1309 327 sene
1354 287 1473 327 idem
1526 288 1761 330 Cassianus

297 359 519 399 memoriae
551 358 773 412 prodidit,1
805 360 878 412 qui
910 373 1049 401 annos
1081 361 1403 414 quinquaginta
1448 361 1492 401 in
1525 363 1762 404 solitudine

291 439 599 481 commoratus,
635 447 735 473 cum
769 435 1050 474 continentiae
1088 436 1276 488 rigorem
1313 435 1525 488 singulari
1563 436 1756 488 quadam

291 507 564 547 districtione
595 508 816 557 tenuisset,
849 508 905 548 ad
938 514 1187 549 extremum
1229 508 1312 549 hac
1354 509 1480 561 quasi
1518 523 1760 563 praesump-

289 582 411 622 tione
442 582 663 634 deceptus,
696 581 854 634 angelo
893 581 1113 632 Sathanae,
1146 583 1219 634 qui
1257 596 1304 622 se
1331 581 1465 634 jussit
1496 582 1540 622 in
1573 589 1755 635 puteum

290 656 560 708 praecipitem
602 655 718 705 dare,
760 655 1064 708 obtemperare
1106 669 1194 696 non
1237 654 1488 697 dubitavit.2
1554 657 1624 697 De
1673 657 1758 697 alio

289 730 423 770 etiam
446 736 602 777 narrat,
627 730 694 769 cui
715 729 807 781 jam
842 729 1062 770 Sathanas
1084 735 1370 782 persuaserat,
1395 735 1442 769 ut
1465 730 1604 770 filium
1628 744 1754 770 suum

288 804 425 844 instar
445 802 642 842 Abrahae
668 802 929 842 Patriarchae
959 803 1057 842 Deo
1083 803 1357 854 sacrificaret,
1386 805 1756 857 parricidiumque

289 890 421 930 opere
454 876 716 929 perfecisset,
752 876 832 915 nisi
866 876 1019 915 videns
1057 889 1157 915 eum
1190 890 1299 929 puer
1331 877 1517 918 cultrum
1555 878 1754 918 acuendo

286 963 534 1003 praeparare
575 949 791 1001 praesagio
832 948 1004 989 sceleris
1041 948 1174 989 futuri
1211 951 1464 1001 perterritus
1498 951 1752 1003 aufugisset.

287 1024 401 1076 Quae
444 1022 623 1075 quidem
666 1036 718 1063 eo
758 1028 970 1075 spectant,
1010 1028 1058 1062 ut
1099 1036 1230 1063 nemo
1271 1037 1351 1063 suo
1387 1023 1539 1064 credat
1576 1024 1754 1076 judicio,

285 1096 362 1136 sed
397 1096 596 1135 universa
629 1109 718 1135 non
752 1095 895 1136 solum
930 1109 1030 1148 quae
1074 1096 1248 1149 agenda
1284 1102 1396 1144 sunt,
1431 1110 1582 1137 verum
1619 1098 1751 1137 etiam

284 1183 384 1222 quae
416 1169 677 1221 cogitantur,
709 1169 930 1208 seniorum
964 1175 1237 1209 reserventur
1273 1170 1482 1219 examini,
1515 1176 1564 1210 ut
1595 1171 1751 1210 iisdem

286 1242 487 1283 Cassiani
518 1243 660 1282 verbis
703 1248 810 1290 utar,
846 1248 890 1282 et
927 1256 1077 1283 eorum
1119 1242 1448 1283 definitionibus
1490 1245 1752 1296 acquiescat.

286 1316 440 1369 “Quae
475 1314 728 1364 institutio,'’
763 1317 916 1368 inquit,
953 1318 1080 1356 “non
1114 1316 1257 1356 solum
1294 1330 1373 1369 per
1406 1330 1555 1357 veram
1594 1318 1754 1357 discre-

282 1390 414 1430 tionis
440 1390 557 1430 viam
585 1389 767 1441 juvenes
799 1395 918 1430 recto
949 1390 1126 1430 tramite
1157 1389 1333 1430 docebit
1365 1391 1576 1438 incedere,
1600 1404 1750 1430 verum

283 1463 417 1503 etiam
449 1477 475 1503 a
507 1463 675 1504 cunctis
707 1463 930 1503 fraudibus
963 1469 1006 1503 et
1037 1463 1204 1503 insidiis
1236 1463 1398 1503 inimici
1431 1464 1623 1503 servabit
1645 1463 1752 1504 illae-

282 1534 450 1575 sum.”3
513 1535 755 1576 Humilitas
786 1536 918 1588 igitur
948 1536 1053 1588 ipsis
1085 1537 1218 1576 etiam
1251 1537 1429 1576 senibus
1459 1551 1510 1576 ac
1544 1537 1750 1589 perfectis

283 1610 527 1649 necessaria
544 1615 629 1660 est;
652 1610 745 1650 sine
767 1623 865 1662 qua,
883 1616 931 1650 ut
949 1609 1066 1663 apud
1085 1610 1290 1650 eumdem
1311 1610 1573 1651 Cassianum
1593 1609 1750 1650 Abbas

286 1682 436 1722 Moses
472 1683 611 1730 docet,
650 1696 752 1722 vera
788 1683 992 1723 discretio
1035 1684 1217 1722 minime
1254 1681 1557 1735 conquiritur.4
1638 1682 1750 1735 Quae

282 1756 461 1809 quidem
503 1756 729 1796 humilitas
770 1757 814 1796 in
856 1770 908 1796 eo
948 1756 1152 1797 videlicet
1193 1757 1278 1797 sita
1318 1762 1396 1806 est,
1439 1762 1488 1796 ut
1529 1756 1750 1797 neminem

280 1829 447 1882 pudeat
479 1829 547 1869 vel
577 1830 670 1881 jam
704 1835 836 1870 aetate
870 1836 1126 1882 provectum
1160 1836 1204 1870 et
1237 1831 1282 1870 in
1312 1830 1515 1882 religiosa
1545 1830 1751 1882 palaestra

282 1903 356 1943 diu
385 1903 688 1953 exercitatum,
716 1917 764 1942 se
790 1917 956 1956 suaque
983 1904 1132 1944 omnia
1160 1904 1425 1944 confessario
1453 1903 1669 1955 detegere.

370 1976 549 2029 Quinto,
573 1977 751 2029 requirit
779 1977 1059 2026 Constitutio,
1082 1983 1131 2017 ut
1154 1980 1174 1996 “
1191 1977 1401 2030 quicquid
1434 1977 1477 2016 in
1510 1976 1592 2017 hac
1623 1983 1748 2029 parte

282 2049 423 2101 saciat,
462 2051 761 2103 unusquisque
797 2051 1010 2103 detegat.''
1075 2050 1367 2104 “Quicquid‚''
1401 2051 1555 2102 inquit,
1589 2063 1749 2103 nempe

283 2125 416 2164 etiam
458 2124 501 2163 id
544 2125 663 2176 quod
706 2124 831 2164 nobis
872 2125 1044 2165 videtur
1085 2125 1307 2178 exiguum.
1372 2122 1591 2176 Quaedam
1629 2124 1744 2164 enim

282 2197 408 2237 nobis
441 2211 528 2237 non
561 2199 666 2237 satis
698 2198 835 2250 aequis
862 2197 1083 2249 judicibus
1104 2198 1309 2238 videntur
1337 2197 1500 2249 exigua
1521 2210 1572 2236 ac
1595 2198 1746 2237 mode-

282 2276 386 2318 rata,
431 2284 529 2322 quae
570 2284 671 2310 vere
713 2271 895 2310 modum
938 2271 1171 2320 excedunt,
1215 2277 1259 2310 et
1303 2270 1458 2310 obesse
1505 2269 1744 2310 valetudini

281 2349 495 2396 possunt;
548 2357 681 2395 quam
719 2343 845 2383 multi
883 2344 1000 2383 enim
1043 2357 1101 2383 ex
1143 2342 1496 2383 adolescentibus
1538 2343 1742 2395 quaedam

281 2416 545 2456 reticuerunt
567 2421 615 2455 ut
638 2416 829 2465 minima,
852 2430 950 2468 quae
973 2417 1149 2469 ipsimet
1170 2422 1325 2469 postea
1348 2430 1404 2456 ex
1428 2422 1585 2456 eventu
1609 2417 1743 2457 nimia

280 2503 375 2529 esse
407 2495 644 2539 senserunt,
667 2503 745 2530 suo
777 2489 942 2530 scilicet
965 2489 1107 2530 edocti
1140 2489 1342 2542 periculo.
1408 2490 1472 2531 Ut
1502 2490 1632 2542 igitur
1659 2490 1743 2531 hoc

279 2570 432 2604 caveat
465 2564 745 2613 Constitutio,
764 2563 891 2615 jubet
922 2577 1085 2613 omnes,
1109 2577 1196 2604 non
1229 2564 1397 2617 aliquas
1426 2564 1572 2616 detegi
1602 2565 1741 2617 poeni-

278 2638 468 2688 tentias3
501 2638 675 2677 tametsi
698 2651 829 2690 supra
858 2651 884 2677 a
913 2638 1038 2677 nobis
1070 2638 1312 2678 indicatum
1346 2644 1413 2678 cst
1444 2652 1502 2677 ex
1536 2638 1577 2678 S.
1599 2638 1741 2678 Bona-

278 2717 458 2751 ventura
477 2711 604 2751 liceat
627 2724 763 2752 necne
786 2711 953 2764 aliquid
977 2711 1216 2764 aliquando
1240 2711 1487 2752 inconsulto
1506 2711 1741 2764 Superiore

283 2783 455 2825 sacere.⁵

331 2872 343 2893 ²
367 2875 452 2907 Coll.
473 2884 502 2907 2.
523 2886 548 2908 c.
571 2884 600 2915 9.
673 2874 686 2894 ²
711 2875 793 2916 Cap.
815 2882 843 2916 7.
914 2874 928 2894 3
952 2875 990 2907 C.
1014 2884 1061 2907 10.
1133 2874 1147 2894 4
1171 2875 1256 2907 Ibid.
1328 2874 1341 2894 5
1366 2875 1430 2917 Op.
1451 2886 1480 2907 v.
1501 2875 1543 2906 de
1560 2874 1677 2905 Poenit.
