1903 3197
247 177 268 206 2
282 175 336 221 72
560 163 639 208 De
672 162 861 208 ratione
895 161 1086 208 vivendi
1120 161 1381 207 Socielalz's.

248 295 418 334 Idcirco
448 295 563 334 enim
594 294 801 346 jubemur
833 295 997 347 gratias
1030 307 1159 346 agere
1191 306 1270 345 pro
1303 291 1535 340 beneficiis,
1569 291 1710 343 prius-

246 381 379 420 quam
422 368 478 407 ad
530 368 843 420 perscrutanda
889 374 932 407 et
983 366 1186 407 deflenda
1238 371 1419 418 peccata
1469 365 1709 413 veniamus,

247 442 350 494 quia
381 440 611 481 benefacta
643 441 803 481 collata
835 441 975 493 magis
1008 441 1140 480 etiam
1174 452 1252 478 nos
1286 438 1497 478 inducunt
1530 438 1572 477 in
1607 450 1710 490 cog—

247 515 458 554 nitionem
495 520 538 553 et
571 513 722 554 fletum
765 520 1057 566 peccatorum,
1095 512 1298 551 nimirum
1337 517 1518 563 propter
1552 510 1709 563 ingrati

249 587 382 626 animi
417 588 582 627 vitium.
648 586 793 638 Quam
830 587 946 626 enim
981 586 1175 638 ingratos
1213 598 1291 624 nos
1329 583 1709 636 deprehendimus,

249 674 347 700 cum
372 666 438 700 tot
461 661 603 700 affecti
633 660 864 708 beneficiis,
898 660 1069 699 Divina}
1100 664 1249 698 tamen
1282 657 1532 708 Majestatis
1561 656 1710 696 oculos

250 735 342 775 ausi
379 748 529 773 sumus
567 734 820 773 offendere?
889 732 1033 772 Multo
1070 733 1185 771 enim
1225 731 1364 783 magis
1401 731 1489 770 vim
1527 743 1711 782 perpen-

249 808 393 848 dimus
420 808 695 854 offensarum,
720 820 881 858 easque
911 806 1110 857 lugemus
1140 819 1189 844 ac
1220 804 1443 853 deflemus,
1467 817 1577 851 cum,
1603 803 1714 842 inter

250 888 316 921 tot
338 881 539 927 offensas,
565 893 780 919 memores
803 893 953 918 sumus
976 878 1133 917 divinae
1158 891 1260 929 erga
1290 891 1368 916 nos
1397 876 1711 916 beneficentiae.

250 954 397 1006 Quare
439 959 483 992 et
526 953 657 1000 Deus,
696 952 769 1003 qui
811 952 923 990 hanc
967 950 1200 989 Examinis
1243 949 1430 988 formam
1473 963 1596 988 servo
1634 962 1712 988 suo

251 1027 436 1079 Ignatio,
461 1027 549 1065 imo
579 1032 622 1065 et
653 1025 748 1064 aliis
782 1024 966 1072 Sanctis,
991 1030 1038 1063 ut
1070 1036 1176 1062 mox
1210 1022 1450 1074 apparebit,
1476 1022 1711 1072 indicavit;

249 1102 340 1152 ipse
373 1112 548 1151 quoque
580 1099 635 1138 ad
669 1097 998 1150 provocandum
1033 1097 1094 1145 iis,
1132 1096 1204 1147 qui
1239 1108 1284 1134 se
1321 1095 1522 1144 laeserint,
1562 1094 1713 1134 fletum

250 1187 299 1213 ac
336 1172 546 1221 dolorem,
585 1172 839 1224 priusquam
878 1170 1144 1210 offensarum
1184 1170 1452 1208 mentionem
1491 1168 1631 1216 faciat,
1671 1169 1715 1207 in

251 1246 507 1286 memoriam
551 1247 601 1285 iis
643 1251 818 1284 revocat
860 1243 1073 1283 beneficia
1106 1256 1204 1294 quae
1238 1242 1416 1282 dederit.
1496 1241 1568 1282 Sic
1599 1242 1717 1282 dixit

249 1319 305 1359 ad
332 1319 454 1358 Heli:
485 1317 746 1369 “Numquid
770 1331 857 1363 non
882 1322 1032 1369 aperte
1054 1316 1270 1355 revelatus
1294 1328 1390 1354 sum
1409 1315 1558 1354 domui
1581 1315 1718 1367 patris

250 1393 324 1439 tui,
349 1406 448 1432 cum
483 1399 627 1432 essent
659 1392 701 1430 in
734 1392 935 1443 AEgypto
968 1391 1011 1429 in
1038 1390 1173 1429 domo
1197 1388 1458 1428 Pharaonis?
1522 1389 1581 1427 Et
1607 1388 1718 1440 elegi

253 1480 353 1506 eum
392 1479 448 1505 ex
489 1465 693 1505 omnibus
731 1464 930 1503 tribubus
971 1462 1104 1502 Israel
1143 1462 1248 1502 mihi
1285 1462 1326 1500 in
1357 1461 1642 1510 sacerdotem,
1674 1467 1721 1501 ut

254 1538 509 1579 ascenderet
545 1538 601 1577 ad
639 1538 777 1576 altare
817 1549 977 1585 meum,
1015 1542 1057 1575 et
1095 1535 1291 1574 adoleret
1334 1534 1438 1573 mihi
1482 1534 1718 1582 incensum,

255 1617 298 1652 et
334 1617 528 1664 portaret
565 1610 711 1663 ephod
755 1623 901 1650 coram
946 1623 1046 1658 me;
1091 1615 1134 1648 et
1171 1608 1270 1647 dedi
1307 1607 1457 1647 domui
1487 1607 1623 1659 patris
1656 1607 1720 1647 tui

254 1685 402 1724 omnia
444 1685 499 1724 de
540 1683 761 1723 sacrificiis
793 1683 982 1722 filiorum
1028 1681 1172 1721 Israel.
1268 1680 1415 1732 Quare
1458 1694 1561 1732 ergo
1603 1680 1721 1720 calce

256 1758 477 1809 abjecistis
510 1757 736 1797 victimam
777 1769 932 1802 meam,
971 1761 1014 1795 et
1052 1768 1233 1794 munera
1266 1767 1363 1793 mea
1395 1767 1493 1805 quae
1535 1753 1725 1805 praecepi

256 1837 303 1871 ut
346 1831 604 1870 offerrentur
646 1830 689 1868 in
723 1827 983 1881 templo?’'1
1052 1828 1124 1868 Sic
1166 1828 1299 1867 etiam
1342 1840 1441 1866 cum
1484 1826 1724 1878 exprobrat

258 1910 439 1957 peccata
482 1904 569 1956 regi
614 1903 772 1951 David,
816 1902 935 1954 prius
978 1901 1178 1941 meminit
1218 1899 1529 1940 beneficiorum
1567 1899 1724 1951 quibus

254 1978 347 2030 jam
371 1991 470 2016 eum
496 1977 681 2028 magnis,
699 1982 742 2015 et
765 1975 914 2015 multis
937 1975 1160 2014 affecerat:
1195 1975 1323 2025 “Ego
1347 1973 1454 2012 unxi
1477 1971 1556 2022 te,’'
1572 1973 1726 2024 inquit,

260 2051 337 2089 “in
367 2063 515 2102 regem
547 2063 679 2102 super
714 2048 859 2096 Israel,
894 2054 937 2088 et
963 2061 1045 2100 ego
1072 2060 1173 2087 erue
1203 2052 1246 2086 te
1279 2047 1334 2086 de
1365 2059 1497 2085 manu
1533 2045 1650 2094 Saul,
1683 2052 1727 2086 et

262 2124 363 2164 dedi
394 2124 472 2163 tibi
504 2123 687 2163 domum
721 2121 886 2161 domini
911 2121 972 2160 tui
1003 2126 1046 2160 et
1075 2133 1236 2160 uxores
1264 2119 1429 2158 domini
1456 2119 1519 2158 tui
1552 2119 1595 2157 in
1627 2120 1722 2160 sinu

261 2204 351 2247 tuo,
385 2197 574 2248 dedique
596 2196 675 2235 tibi
708 2195 890 2234 domum
924 2193 1058 2234 Israel
1081 2199 1124 2233 et
1155 2192 1297 2244 Juda;
1329 2197 1373 2231 et
1399 2192 1432 2231 si
1459 2206 1592 2244 parva
1623 2198 1727 2233 sunt

263 2272 357 2319 ista,
381 2270 586 2321 adjiciam
610 2269 689 2308 tibi
720 2268 859 2308 multo
889 2267 1066 2319 majora.
1130 2266 1278 2319 Quare
1300 2279 1403 2318 ergo
1426 2266 1727 2318 contempsisti

264 2343 445 2383 verbum
489 2342 682 2391 Domini,
726 2348 774 2381 ut
817 2341 980 2380 faceres
1023 2340 1187 2379 malum
1230 2340 1272 2378 in
1315 2345 1552 2391 conspectu
1595 2339 1728 2379 meo?

267 2417 421 2457 Uriam
458 2415 699 2455 Hethaeum
731 2415 980 2468 percussisti
1013 2414 1172 2467 gladio,
1195 2420 1238 2453 et
1261 2426 1445 2452 uxorem
1472 2412 1585 2451 illius
1608 2426 1728 2453 acce-

265 2490 366 2542 pisti
410 2491 452 2528 in
496 2503 681 2529 uxorem
723 2489 811 2538 tibi,
848 2494 891 2528 et
934 2487 1186 2527 interfecisti
1221 2500 1320 2526 eum
1358 2486 1506 2539 gladio
1540 2486 1727 2526 filiorum

268 2561 527 2603 Amm0n.”2
560 2564 619 2602 Et
640 2563 695 2602 ad
718 2563 974 2614 Jeroboam:
999 2561 1236 2601 “Exaltavi
1256 2567 1298 2600 te
1321 2560 1375 2600 de
1398 2561 1543 2600 medio
1564 2560 1729 2613 populi,

266 2642 309 2676 et
334 2637 434 2676 dedi
458 2643 501 2677 te
524 2637 680 2676 ducem
704 2650 834 2689 super
855 2636 1067 2689 populum
1091 2648 1237 2675 meum
1270 2634 1415 2684 Israel,
1440 2641 1483 2675 et
1504 2635 1611 2675 scidi
1635 2648 1728 2687 reg-

270 2723 374 2749 num
412 2711 569 2750 domus
607 2710 765 2759 David,
798 2717 841 2750 et
873 2710 974 2750 dedi
1012 2709 1118 2749 illud
1151 2708 1244 2757 tibi,
1277 2715 1320 2748 et
1351 2721 1438 2748 non
1471 2708 1588 2747 fuisti
1620 2708 1731 2748 sicut

267 2798 417 2825 servus
441 2798 564 2825 meus
591 2784 749 2834 David,
772 2785 847 2836 qui
870 2784 1105 2824 custodivit
1127 2783 1337 2823 mandata
1359 2796 1468 2832 mea,
1492 2788 1536 2823 et
1557 2787 1732 2822 secutus

679 2856 691 2877 ²
722 2866 748 2890 1.
771 2857 853 2899 Reg.
874 2865 903 2891 2.
1040 2860 1042 2862 ’
1075 2856 1089 2876 2
1111 2866 1140 2890 2.
1162 2858 1244 2899 Reg.
1269 2864 1316 2890 12.
