1903 3197
571 155 639 200 In
673 153 893 216 Regulas
926 153 1188 201 Modestz'ae.
1526 153 1620 212 587
1677 118 1679 120 ·

152 289 396 331 moderatio
414 303 423 340 ;
447 287 551 340 quia
572 300 716 327 mores
738 286 968 327 exterioris
988 286 1180 326 hominis
1203 299 1261 326 ex
1283 285 1443 326 saeculo
1466 285 1623 338 depor-

151 364 245 414 tati,
269 363 343 403 diu
372 362 552 411 haerent,
575 366 619 401 et
649 374 701 401 eo
731 360 896 400 diutius
925 360 1056 413 quod,
1080 361 1188 400 dum
1209 360 1354 401 vitiosi
1378 359 1620 400 admodum

152 451 241 478 non
282 441 506 491 putantur,
548 434 882 488 quodammodo
923 434 1214 487 negliguntur.
1296 434 1399 474 Huc
1440 433 1621 483 accedit,

153 512 271 564 quod
302 525 389 551 non
419 510 562 551 omnis
593 509 838 549 moderatio
862 508 1056 562 corporis
1079 523 1137 549 ex
1160 509 1294 548 animi
1319 507 1622 548 moderatione

151 598 326 638 semper
347 585 509 633 oritur;
542 583 618 624 sed
642 582 699 623 ad
721 582 941 623 tollendos
964 582 1181 635 quosdam
1205 589 1351 623 motus
1374 583 1622 623 inconditos

151 659 345 713 corporis
367 658 452 699 alia
474 657 681 711 quaedam
704 671 773 697 ars
796 658 1070 697 extrinsecus
1092 663 1159 698 est
1184 657 1448 706 adhibenda,
1471 662 1515 696 et
1537 656 1622 696 alia

152 734 358 786 quaedam
391 732 653 785 requirenda
684 731 900 785 praesidia,
935 745 1034 784 quae
1066 731 1194 772 certis
1231 730 1392 784 regulis
1427 744 1623 784 praecep-

150 808 295 860 tisque
332 807 649 848 contineantur.
711 806 848 847 Venit
884 820 1000 846 nunc
1037 807 1081 847 in
1119 812 1313 847 mentem
1353 806 1479 846 Isaac
1510 805 1622 846 servi

153 881 249 931 Dei,
288 881 361 934 qui
399 895 498 922 cum
541 881 850 935 pacatissimos
891 881 1075 922 haberet
1105 881 1239 922 animi
1279 886 1436 930 motus,
1476 886 1530 929 et,
1575 886 1623 921 ut

151 956 316 996 Beatus
340 955 576 1009 Gregorius
599 956 670 1005 ait,
689 956 850 995 virtute
882 955 1174 1005 abstinentiae,
1197 960 1454 1008 contemptu
1478 968 1620 995 rerum

150 1032 483 1080 transeuntium,
510 1030 755 1084 prophetice
787 1030 955 1083 spiritu,
989 1030 1199 1071 orationis
1231 1030 1475 1071 intentione
1507 1035 1623 1069 esset

150 1105 553 1158 incomparabiliter
584 1105 807 1158 praeditus,
830 1110 981 1145 tamen
1011 1104 1194 1145 modum
1217 1118 1336 1158 saepe
1358 1104 1400 1144 in
1424 1104 1508 1144 risu
1534 1117 1621 1144 non

150 1178 354 1229 habebat,
379 1179 454 1219 sed
487 1178 555 1219 vel
588 1179 748 1219 invitus
780 1179 1008 1233 gestientis
1040 1178 1206 1219 laetitiae
1239 1178 1375 1219 fraena
1406 1178 1621 1226 laxabat3

150 1252 278 1293 facile
315 1259 362 1293 ut
399 1260 611 1306 appareat
648 1267 722 1293 eos
755 1254 902 1302 etiam,
935 1254 1238 1306 qui-animum
1277 1267 1405 1294 suum
1443 1266 1621 1306 compo-

152 1334 341 1376 suerunt,
362 1334 684 1381 praeceptorum
704 1328 961 1380 adjumenta
980 1329 1197 1380 requirere
1220 1328 1275 1368 ad
1300 1327 1620 1368 moderandum

151 1402 597 1455 componendumque
619 1415 786 1455 corpus.

241 1476 446 1517 Secunda
470 1477 593 1525 ratio,
617 1481 661 1515 et
683 1476 915 1528 praecipua.
986 1476 1156 1516 Idcirco
1179 1477 1235 1516 de
1258 1477 1477 1516 modestia
1504 1475 1623 1528 leges

151 1563 202 1590 ac
235 1550 398 1603 regulae
430 1549 782 1602 pizescribuntur,
807 1556 854 1589 ut
877 1549 932 1589 sit
955 1549 998 1588 in
1025 1549 1232 1589 omnibus
1261 1563 1348 1590 una
1378 1549 1624 1602 eademque

152 1624 275 1672 ratio,
320 1630 363 1664 et
405 1625 529 1676 quasi
573 1623 714 1663 forma
766 1623 1008 1672 modestiae,
1053 1637 1186 1675 quam
1230 1624 1409 1676 quidem
1454 1623 1623 1664 efficere

152 1698 309 1738 intima
338 1697 549 1750 cujusque
578 1697 753 1738 affectio
786 1697 1137 1750 compositioque
1170 1711 1257 1738 non
1289 1704 1445 1750 potest.
1510 1696 1624 1749 Quae

153 1772 272 1812 varia
304 1772 346 1811 in
381 1771 530 1812 multis
562 1785 681 1825 saepe
710 1784 809 1811 cum
833 1771 899 1821 sit,
922 1771 1179 1811 varietatem
1204 1785 1381 1824 quoque
1403 1770 1624 1811 dissimili-

152 1845 443 1897 tudinemque
482 1845 711 1885 modestiae
750 1844 979 1884 exterioris
1017 1844 1216 1885 efficeret.
1294 1845 1363 1885 Ita
1400 1844 1626 1885 tolleretur

153 1918 395 1959 similitudo
427 1918 501 1959 illa
532 1932 666 1971 quam
699 1918 889 1958 fraterna
923 1918 1109 1958 societas
1141 1918 1292 1970 exigit.
1359 1917 1471 1957 Haec
1497 1918 1624 1957 nimi-

154 2007 250 2034 rum
289 2007 420 2033 causa
458 1999 534 2042 est,
566 2006 641 2032 cur
678 1993 721 2032 in
760 1991 1040 2032 moderandis
1078 1993 1271 2045 corporis
1310 1992 1501 2032 motibus
1538 1991 1625 2032 alia

155 2069 198 2107 in
230 2068 326 2108 aliis
359 2067 662 2120 religiosorum
695 2066 872 2106 familiis
904 2066 1014 2107 ratio
1046 2080 1096 2106 ac
1119 2066 1260 2106 forma
1289 2073 1495 2107 servatur.
1560 2066 1626 2106 Ut

154 2142 267 2181 cerni
312 2142 414 2182 licet
456 2141 498 2180 in
542 2140 802 2180 inclinandis
844 2140 1245 2193 submittendisque
1287 2140 1536 2189 cervicibus,
1580 2140 1623 2180 in

155 2216 387 2256 curvandis
420 2215 686 2268 corporibus,
711 2215 753 2254 in
787 2214 1002 2254 abdendis
1035 2215 1147 2254 intra
1179 2215 1375 2254 tunicam
1410 2214 1625 2264 manibus,

155 2296 198 2330 et
237 2290 280 2329 id
314 2303 454 2343 genus
492 2289 599 2339 aliis,
622 2303 721 2342 quae
759 2295 876 2329 certe
915 2288 1113 2329 Societas
1152 2295 1301 2329 nostra
1339 2302 1426 2328 non
1464 2288 1625 2337 habet;

155 2365 268 2404 sicut
303 2365 436 2405 etiam
472 2364 622 2404 bibere
651 2363 868 2404 ambabus
898 2363 1113 2411 manibus,
1138 2368 1186 2403 ut
1208 2363 1374 2403 indicat
1398 2363 1625 2402 Bonaven-

154 2444 252 2478 tura
275 2445 318 2479 et
343 2438 479 2491 Cajet.
505 2439 548 2478 in
574 2449 608 2479 2.
635 2449 668 2478 2.
694 2452 732 2491 q.
764 2438 852 2489 185.
877 2451 912 2478 a.
937 2436 992 2477 8.1
1051 2437 1342 2477 Verissimum
1380 2442 1528 2476 autem
1562 2443 1627 2476 est

156 2511 275 2564 quod
315 2512 512 2560 dicimus,
551 2525 631 2565 pro
669 2511 882 2564 cujusque
919 2511 1152 2551 affectione
1190 2511 1322 2550 animi
1366 2510 1498 2550 etiam
1540 2510 1625 2562 pia,

156 2584 414 2626 dissimilem
453 2585 574 2638 gigni
617 2586 660 2625 in
703 2585 959 2638 corporibus
999 2583 1213 2632 habitum,
1248 2583 1493 2635 variarique
1535 2596 1627 2622 mo-

158 2659 357 2700 destiam.
421 2659 540 2699 Nam
583 2659 629 2699 B.
654 2658 903 2700 Antonium
943 2659 1130 2711 legimus
1172 2658 1259 2698 oris
1299 2657 1453 2698 habitu
1497 2656 1628 2696 fuisse

152 2733 350 2786 jucundo
392 2739 527 2785 atque
567 2732 763 2783 hilarem,
806 2732 982 2785 qualem
1025 2732 1187 2786 regulae
1229 2736 1390 2772 nostrae
1433 2730 1476 2770 in
1517 2744 1628 2783 prae-

158 2806 387 2848 scribenda
440 2807 669 2847 modestiae
722 2806 862 2847 forma
913 2806 1183 2860 praecipiunt.
1288 2805 1474 2845 Beatum
1527 2817 1628 2844 vero

656 2894 668 2914 1
694 2896 818 2927 Bonav.
841 2896 874 2926 in
899 2895 1019 2937 specul.
1041 2895 1120 2926 disc.
