1903 3197
614 164 693 209 De
716 164 816 209 vila
853 163 1102 210 communi.
1531 176 1588 222 77

124 296 301 338 reduxit
337 298 392 336 ad
436 296 631 348 frugem;
665 302 708 335 et
742 296 917 335 Patrem
953 301 1151 335 nostruin
1190 296 1427 336 Xaverium
1466 309 1588 336 acce-

126 371 271 424 pimus
304 370 581 410 consuevisse
618 369 838 408 interdum
874 367 987 407 ultro
1020 381 1065 407 se
1097 369 1252 409 offerre
1289 369 1507 418 conviviis,
1542 376 1588 410 ut

125 444 283 485 animis
316 443 661 497 periclitantibus
684 455 813 494 opem
847 442 985 481 ferret.
1052 442 1148 481 Imo
1171 448 1265 481 tota
1288 442 1485 483 Societas
1507 443 1590 484 hoc

127 519 361 571 experitur,
396 532 493 570 quae
531 517 613 556 hac
648 517 750 556 vitae
792 515 1122 563 communitate,
1166 515 1400 566 conjuncta
1440 523 1588 556 tamen

125 605 225 632 cum
248 592 359 632 veris
390 591 627 642 solidisque
649 589 893 637 virtutibus,
919 588 1171 628 incredibile
1201 594 1266 628 est
1288 602 1420 640 quam
1455 590 1589 641 prosit

128 666 347 706 universis.
409 665 574 704 Totum
597 664 761 716 quippe
784 662 998 703 mundum
1026 662 1068 701 in
1092 675 1222 702 manu
1246 661 1388 702 habet.

218 740 350 779 Porro
387 738 585 786 Antonii,
619 744 695 778 aut
740 737 980 777 Hilarionis
1022 736 1230 789 exempla
1268 749 1353 776 non
1393 737 1498 776 satis
1535 736 1590 776 ad

128 825 219 853 rem
242 813 417 853 faciunt.
481 813 576 852 Nos
609 812 723 852 enim
757 811 812 851 de
844 811 1063 851 ordinario
1096 816 1139 850 et
1172 810 1332 850 usitato
1365 810 1593 849 hominum

129 900 285 939 genere
317 886 548 939 loquimur,
571 899 658 926 non
692 886 746 925 de
778 885 840 933 iis,
864 898 974 937 quos
1006 884 1226 924 interdum
1260 883 1441 924 adhibet
1471 884 1594 924 Deus

126 961 184 1005 ad
217 960 404 1000 salutem
437 959 674 1000 multorum
709 973 785 1012 per
817 958 1025 1011 exempla
1057 958 1241 998 durioris
1262 958 1376 1005 vitae,
1401 963 1444 998 et
1468 958 1595 998 mira-

129 1034 326 1074 culorum
350 1039 535 1081 ostenta,
560 1046 691 1085 quem
719 1033 834 1072 enim
859 1046 946 1072 non
970 1038 1178 1072 moveant
1200 1032 1349 1072 divina
1381 1031 1594 1084 prodigia,

130 1108 373 1160 praesertim
406 1120 506 1148 cum
536 1107 809 1160 poenitentiae
840 1106 980 1159 rigore
1006 1105 1263 1158 conjuncta!
1329 1106 1597 1158 Respondeo

128 1182 316 1222 deinde:
362 1181 581 1233 integrum
614 1193 788 1233 semper
819 1194 912 1220 esse
946 1179 1179 1221 Societatis
1211 1179 1464 1219 hominibus
1495 1180 1598 1220 vitae

129 1256 365 1308 asperitate
388 1254 695 1307 proximorum
718 1253 849 1294 saluti
872 1253 1108 1302 consulere,
1131 1253 1303 1305 quoties
1333 1254 1393 1293 ita
1416 1253 1598 1295 senserit

133 1329 352 1382 expedire.
417 1328 477 1368 Et
509 1328 671 1368 idcirco
703 1327 804 1368 licet
836 1341 922 1368 non
955 1327 1116 1367 habeat
1149 1327 1222 1367 illa
1244 1327 1422 1379 quidem
1458 1327 1599 1380 poeni-

131 1403 292 1443 tentias
313 1402 483 1454 aliquas
505 1416 531 1442 a
561 1402 657 1454 lege
683 1401 972 1454 praescriptaS,
997 1401 1051 1441 sit
1074 1407 1223 1441 tamen
1256 1415 1329 1441 eas
1360 1401 1598 1442 adhibendi

132 1477 290 1529 cuique
322 1481 530 1528 potestas,
555 1475 728 1528 quoties
758 1474 947 1515 charitas
976 1480 1020 1514 et
1044 1474 1280 1514 necessitas
1310 1474 1598 1516 admonuerit.

134 1551 359 1603 Imperare
381 1555 529 1590 autem
556 1549 840 1602 poenitentias
863 1556 906 1589 et
928 1555 1047 1589 certa
1077 1549 1172 1601 lege
1204 1549 1484 1601 praescribere
1513 1562 1601 1590 non

134 1625 340 1678 oportuit,
373 1637 437 1672 ne,
461 1623 567 1663 dum
591 1623 829 1663 metuimus
851 1622 970 1676 leges
994 1622 1228 1675 infringere
1249 1637 1301 1663 ac
1322 1622 1496 1673 violare,
1519 1623 1602 1664 hac

131 1698 259 1751 quasi
281 1698 484 1738 libertate
506 1697 727 1750 privemur
749 1696 996 1737 adducendi
1019 1696 1220 1736 homines
1241 1697 1296 1737 ad
1320 1697 1517 1738 salutem.

224 1771 427 1813 Secunda
477 1771 588 1811 ratio
631 1777 707 1820 est,
751 1771 854 1823 quia
903 1771 994 1811 vita
1045 1771 1292 1811 communis
1343 1771 1488 1824 aptior
1537 1778 1604 1813 est

134 1845 311 1885 tuendae
342 1844 595 1893 valetudini,
619 1858 752 1896 quam
784 1844 894 1884 dura
927 1851 970 1885 et
1001 1858 1166 1897 aspera,
1199 1844 1421 1897 praecipua
1452 1851 1602 1886 autem

136 1933 238 1960 cura
266 1919 399 1959 debet
428 1931 522 1958 esse
554 1918 712 1958 nostris
743 1917 994 1958 hominibus
1016 1908 1290 1967 valetudinis,
1313 1932 1412 1959 cum
1445 1932 1491 1959 se
1523 1920 1602 1962 toti

136 1993 362 2046 porrigant
385 1998 517 2044 atque
541 1991 765 2045 explicent
788 1991 965 2032 utilitati
987 1991 1292 2044 proximorum
1313 2006 1320 2042 ;
1345 1991 1605 2045 relinquitur

133 2067 277 2120 igitur,
301 2071 348 2106 ut
371 2079 469 2106 eam
497 2066 619 2118 sequi
641 2065 778 2106 vitam
810 2066 1089 2118 potissimum
1111 2066 1313 2115 debeant,
1337 2079 1435 2118 quae
1469 2066 1525 2106 ad
1558 2067 1602 2107 id

134 2141 333 2181 maxime
374 2139 711 2180 accommodata
752 2146 827 2180 est.
906 2138 1039 2192 Quod
1084 2144 1233 2179 autem
1275 2139 1375 2179 talis
1417 2139 1472 2180 sit
1512 2141 1603 2182 vita

135 2213 395 2262 communis,
449 2213 631 2266 planum
692 2219 759 2253 est
812 2227 869 2253 ex
922 2213 1220 2253 universorum
1283 2214 1604 2266 approbatione

138 2294 271 2341 atque
321 2300 536 2328 consensu
578 2287 653 2340 qui
704 2301 801 2328 eam
853 2287 985 2340 vulgo
1036 2286 1372 2340 amplectuntur,
1415 2294 1460 2328 et
1501 2289 1603 2341 quia

138 2361 442 2403 subministrat
474 2361 586 2401 vires
628 2361 808 2401 idoneas
840 2361 1108 2414 quotidianis
1149 2361 1371 2402 laboribus
1402 2376 1481 2415 pro
1512 2363 1603 2403 ani-

140 2449 310 2477 marum
352 2435 493 2476 salute
534 2435 733 2475 ferendis.
818 2434 878 2475 Et
920 2435 1022 2487 quia
1062 2435 1152 2475 vita
1198 2436 1443 2476 communis
1485 2443 1603 2478 certo

142 2509 334 2561 quodam
385 2508 536 2549 ordine
587 2514 774 2557 constat,
826 2508 934 2549 ordo
985 2514 1133 2549 autem
1186 2509 1425 2549 valetudini
1476 2510 1605 2550 valde

138 2584 331 2636 prodest,
373 2596 530 2636 corpus
583 2596 685 2622 nam
728 2582 940 2623 assuescit
991 2582 1143 2631 ordini,
1188 2583 1394 2635 idemque
1435 2589 1602 2636 pertur-

139 2657 319 2699 batione
341 2656 505 2697 ordinis
527 2655 738 2697 violatur:
770 2656 860 2696 vita
882 2663 1030 2697 autem
1062 2670 1218 2710 aspera
1250 2656 1382 2697 modo
1411 2656 1601 2696 inediam

140 2731 334 2785 suscipit,
371 2731 506 2772 modo
542 2731 718 2784 respuit,
753 2731 1004 2783 crebrisque
1041 2736 1107 2771 est
1144 2731 1385 2783 interrupta
1411 2730 1600 2782 jejuniis.

143 2806 288 2847 Multo
324 2812 472 2847 autem
514 2805 670 2846 melius
712 2811 789 2855 est,
828 2811 876 2845 ut
916 2805 979 2845 ait
1017 2803 1348 2858 Hieronymus,1
1372 2803 1603 2856 “quotidie

686 2892 698 2937 ,¹
725 2895 767 2926 In
790 2904 858 2937 reg.
879 2905 968 2928 mon.
990 2899 1013 2928 t.
1033 2902 1064 2936 9.
