1903 3197
511 192 590 238 De
622 192 794 253 Dz‘sczsp
800 191 906 238 lina
941 192 1015 237 M
1007 209 1138 240 ensae.
1463 195 1555 252 389

95 326 151 368 ad
183 331 426 379 peccatum,
458 330 553 364 tum
585 323 870 376 periculosius
902 323 1064 364 labitur
1091 338 1191 364 curn
1223 338 1301 378 per
1332 325 1556 378 crapulam

93 399 368 440 inflammata
413 398 552 447 fuerit,
584 398 619 437 si
661 396 718 437 ad
770 396 1041 450 loquendum
1095 397 1343 439 relaxetur.1
1406 400 1476 449 Et,
1509 405 1558 440 ut

95 473 352 514 Plutarchus
374 473 454 513 ait:
479 471 667 511 “Nullus
685 471 817 519 cibus,
837 470 981 510 nullus
998 476 1129 523 potus
1148 471 1263 512 male
1284 479 1557 525 praeparatus

94 548 154 587 ita
204 547 393 586 insuavis
444 559 495 585 ac
541 545 700 584 noxius
747 550 823 593 est,
876 548 924 583 ut
969 557 1112 584 sermo
1164 545 1471 597 intempestive
1513 552 1558 586 et

95 619 228 661 Stulte
259 620 301 659 in
333 632 485 659 mensa
510 616 766 671 prolatus.’'²
826 617 1029 657 Eandem
1060 617 1271 658 institutae
1300 618 1430 670 hujus
1456 632 1558 659 con-

95 694 337 734 suetudinis
363 706 540 733 causam
567 691 786 744 significat
810 692 973 731 Beatus
998 691 1234 745 Gregorius
1263 692 1319 732 ad
1351 692 1557 733 Natalem

93 769 357 821 episcopum,
381 767 454 819 qui
477 767 538 806 ait
561 768 689 805 “tum
713 780 770 805 ex
794 764 1005 805 charitate
1027 766 1200 818 prodire
1223 766 1432 816 convivia,
1456 780 1555 806 cum

94 843 137 881 in
171 842 232 882 eis
265 841 514 881 absentium
552 839 671 879 nulla
698 839 787 879 vita
825 838 1059 888 mordetur,
1090 839 1233 879 nullus
1267 853 1325 880 ex
1363 841 1558 881 irrisione

95 914 433 968 reprehenditur,
473 927 552 954 nec
594 914 637 953 in
679 913 741 953 eis
785 913 1063 966 negotiorum
1105 913 1363 954 secularium
1407 915 1559 955 inanes

94 988 265 1037 fabulae,
318 989 394 1028 sed
446 988 579 1028 verba
629 987 827 1027 lectionis
888 1000 1023 1026 sacrae
1079 987 1350 1028 audiuntur.'’
1395 989 1560 1028 Prisca

96 1062 305 1103 Ecclesiae
337 1061 567 1115 disciplina
599 1061 853 1101 removebat
875 1074 933 1100 ex
966 1062 1128 1101 mensis
1160 1061 1307 1102 inania
1339 1062 1558 1115 colloquia

97 1136 224 1176 bonis
280 1136 564 1184 sermonibus,
611 1140 788 1176 auctore
840 1134 1139 1176 Tertulliano:
1203 1136 1310 1176 “Ita
1362 1135 1560 1176 fabulan-

95 1208 199 1258 tur,'’
233 1209 385 1261 inquit,
418 1209 616 1249 “scilicet
657 1209 700 1247 in
744 1221 881 1257 coena,
917 1214 965 1248 ut
1013 1209 1086 1261 qui
1139 1209 1280 1249 sciant
1330 1209 1558 1250 dominum

95 1280 306 1322 audire.”3

180 1356 331 1396 Tertia
365 1356 534 1396 accedit
568 1370 710 1405 causa,
740 1356 842 1408 quia
876 1356 981 1396 dum
1020 1356 1195 1397 lectioni
1232 1357 1401 1397 intenta
1436 1371 1560 1398 mens

93 1436 159 1470 est
195 1443 222 1469 a
251 1430 388 1469 nimia
419 1430 614 1469 ciborum
648 1429 857 1469 aviditate
888 1436 1022 1482 atque
1059 1430 1402 1482 intemperantia
1433 1430 1562 1471 refre-

93 1508 230 1543 natur.
294 1504 353 1543 Et
376 1503 554 1555 quidem
590 1502 847 1544 Plutarchus
879 1503 923 1542 in
958 1503 1262 1556 Symposiaco,
1285 1504 1341 1544 ad
1371 1505 1560 1545 arcenda

93 1577 315 1617 ebrietatis
338 1577 631 1625 incommoda,
651 1576 803 1617 laudat
821 1576 968 1617 faciles
987 1577 1030 1616 in
1050 1577 1256 1617 conviviis
1279 1579 1556 1630 quaestiones,

94 1652 451 1704 narrationesque
487 1665 562 1691 seu
598 1665 655 1690 ex
692 1651 885 1700 historia,
914 1665 989 1691 seu
1025 1665 1082 1691 ex
1120 1651 1424 1705 philosophica
1456 1652 1560 1693 doc-

94 1724 206 1764 trina
256 1726 426 1778 petitas.
506 1724 767 1777 Eademque
818 1724 873 1764 de
924 1739 1056 1765 causa
1104 1725 1309 1766 Clemens
1356 1740 1441 1775 eos,
1486 1727 1559 1779 qui

96 1797 301 1838 dicebant
337 1804 539 1851 oportere
576 1799 619 1837 in
661 1798 861 1838 convivio
904 1812 950 1838 se
992 1798 1202 1846 relaxare,
1239 1804 1283 1839 et
1317 1813 1415 1851 quae
1457 1805 1561 1839 sunt

95 1871 205 1911 seria
242 1872 286 1910 in
322 1885 523 1911 auroram
562 1871 745 1920 differre,
782 1885 869 1911 non
912 1872 1018 1911 satis
1060 1872 1244 1924 probat3
1281 1873 1369 1912 imo
1412 1879 1561 1913 censet

95 1952 189 1985 tum
213 1945 410 1985 maxime
432 1945 728 1985 adhibendam
757 1958 851 1985 esse
880 1945 1106 1994 rationem,
1131 1959 1229 1998 quae
1256 1945 1560 1987 temulentiam

94 2024 301 2067 coerceat,
326 2032 380 2059 ne
411 2019 539 2058 nobis
569 2018 922 2071 imprudentibus
944 2019 1191 2058 convivium
1216 2019 1271 2059 ad
1302 2019 1559 2060 ebrietatem

93 2091 343 2132 dilabatur.4
405 2092 469 2133 Ut
501 2093 616 2132 enim
652 2106 781 2133 nemo
813 2093 988 2145 sapiens
1023 2092 1174 2132 oculos
1205 2092 1418 2142 clauserit,
1441 2093 1561 2146 prius

95 2179 227 2218 quam
263 2166 502 2206 dormitum
536 2181 582 2206 se
619 2167 824 2214 conferat,
859 2167 921 2206 ita
962 2180 1041 2207 nec
1083 2167 1298 2206 rationem
1340 2166 1495 2207 abesse
1535 2180 1562 2207 a

94 2240 306 2280 convivio*
328 2246 528 2293 oportere
570 2241 689 2293 prius
723 2253 857 2292 quam
899 2240 955 2280 ad
998 2253 1065 2279 res
1105 2240 1320 2292 gerendas
1363 2240 1557 2280 accedas.

96 2313 227 2366 Quod
269 2315 404 2367 igitur
443 2315 577 2355 serius
620 2320 664 2355 et
700 2314 895 2355 eruditus
932 2327 1076 2354 sermo
1120 2314 1163 2354 in
1200 2315 1408 2354 conviviis
1445 2314 1560 2364 facit,

92 2388 177 2428 hoc
216 2389 389 2441 piorum
432 2388 642 2428 librorum
685 2394 868 2442 praestat
904 2387 1046 2436 lectio,
1083 2393 1131 2428 ut
1172 2388 1559 2441 intemperantiam

95 2468 304 2512 coerceat,
328 2463 631 2516 rationemque
662 2463 706 2503 in
739 2463 883 2503 officio
915 2462 1150 2503 contineat.
1215 2462 1346 2503 Certe
1377 2468 1562 2516 apparet

95 2535 208 2576 hanc
257 2536 431 2589 legendi
484 2538 596 2578 inter
646 2536 798 2590 epulas
848 2536 1213 2577 consuetudinem
1268 2536 1560 2589 antiquiorem

97 2609 228 2649 fuisse
259 2623 393 2662 quam
421 2611 604 2651 tradidit
632 2610 880 2660 Cassianus,
913 2615 957 2650 et
989 2610 1044 2650 ab
1075 2609 1181 2662 ipsis
1210 2609 1344 2650 etiam
1377 2608 1562 2649 ethnicis

96 2689 361 2736 usurpatam,
397 2697 502 2724 nam
539 2684 595 2724 de
632 2684 880 2737 Pomponio
915 2682 1071 2724 Attico
1103 2684 1165 2723 sic
1197 2682 1347 2722 scribit
1382 2681 1562 2735 Nepos:

98 2756 282 2798 “Nemo
330 2756 374 2796 in
414 2757 612 2798 convivio
654 2757 748 2810 ejus
789 2757 908 2798 aliud
955 2770 1161 2798 acroama
1205 2755 1375 2796 audivit
1425 2767 1560 2809 quam

232 2871 244 2890 ¹
268 2872 322 2904 De
344 2872 425 2904 Inst.
446 2872 561 2904 Novit.
582 2882 610 2904 c.
631 2871 679 2905 18.
995 2870 1008 2890 2
1033 2871 1186 2913 Sympos.
1206 2871 1264 2903 lib.
1284 2870 1313 2904 8.
1334 2880 1367 2913 q.
1390 2878 1418 2903 1.

350 2921 365 2942 ³
381 2923 526 2965 Apolog.
542 2923 600 2955 lib.
620 2931 646 2956 Ι.
663 2933 696 2966 q.
717 2931 742 2955 Ι.
760 2933 788 2956 c.
805 2931 857 2964 39.
950 2922 965 2942 4
988 2923 1120 2964 Paedag.
1136 2923 1157 2954 1.
1175 2930 1205 2955 2.
1221 2932 1249 2955 c,
1270 2930 1295 2955 Ι.
