1903 3197
488 182 567 228 De
599 181 853 227 delationis
887 182 1116 230 utilitate.
1446 195 1533 241 145

72 315 308 366 efficimur;
341 315 413 364 ita,
443 327 542 353 cum
574 313 680 353 vitia
712 326 964 365 erroresque
997 318 1215 363 notantur,
1245 312 1534 366 deprimimur

71 396 114 429 et
150 389 404 429 humiliores
436 388 672 428 evadimus.
738 387 879 426 Pudet
911 392 1059 425 autern
1094 400 1172 426 nos
1207 388 1416 435 maxime,
1448 401 1536 429 non

71 469 163 503 tam
187 463 288 515 quia
310 463 415 503 vitia
447 468 594 502 nostra
626 461 771 500 caeteri
794 460 957 508 vident,
981 460 1057 499 scd
1091 460 1222 500 etiam
1258 462 1362 513 quia
1393 462 1534 504 acrius

73 536 132 575 illi
165 550 298 589 quam
331 550 409 576 nos
442 536 523 588 ipsi
556 541 766 584 cernunt:
800 534 919 586 quod
953 534 1202 574 observavit
1226 534 1448 575 Climacus
1469 536 1536 577 his

73 610 161 650 fere
210 610 378 650 verbis:
437 609 601 649 “Istud
654 621 830 661 quoque
882 621 981 647 cum
1034 607 1253 647 humiliari
1308 609 1535 659 nollemus,

73 684 259 724 mirabili
283 683 609 736 dispensatione
632 682 733 722 fecit
757 682 891 732 Deus,
916 687 963 721 ut
986 695 1117 722 nemo
1139 682 1245 722 vitia
1275 695 1354 721 sua
1382 683 1538 724 melius

72 770 204 808 quam
241 757 471 809 proximus
507 756 645 808 possit
680 756 864 802 intueri;
904 769 961 795 ex
999 769 1086 808 quo
1125 756 1368 795 necessario
1406 756 1465 805 fit,
1491 762 1539 797 ut

69 829 128 869 illi
167 844 217 870 ac
256 831 364 878 Deo,
404 844 490 870 non
523 830 649 870 nobis
688 830 803 882 ipsis,
843 830 1044 869 sanitatis
1079 830 1269 883 gratiam
1308 837 1536 882 acceptam

71 903 365 944 referamusf’l
429 904 643 956 Idemque
665 904 817 944 laudat
840 903 1067 943 Abbatem
1091 904 1314 956 quendam
1338 904 1539 945 Alexan—

70 977 255 1025 drinum,
301 979 375 1029 qui
420 978 679 1018 exercendae
731 978 991 1017 humilitatis
1042 978 1194 1030 gratia,
1248 992 1333 1027 605,
1379 978 1538 1030 quibus

72 1057 270 1102 przeerat,
313 1052 482 1103 probris
532 1059 574 1092 et
627 1051 996 1105 increpationibus
1047 1052 1268 1092 onerabat,
1340 1052 1537 1106 Ideoque

68 1129 112 1163 et
166 1124 413 1165 Bernardus
465 1126 819 1179 increpationem,
867 1140 943 1167 seu
997 1125 1379 1180 reprehensionem
1431 1141 1530 1167 cum

71 1197 174 1236 fimo
216 1205 452 1250 comparat,
496 1200 569 1251 qui
613 1200 693 1240 etsi
737 1201 937 1240 sordidus
980 1207 1045 1241 est
1089 1207 1238 1242 tamen
1287 1202 1535 1255 impinguat

67 1284 222 1323 agros:
255 1271 316 1310 sic
338 1272 528 1311 dedecus
552 1273 900 1325 reprehensionis
930 1274 1177 1327 impinguat
1199 1276 1405 1324 animam,
1429 1275 1535 1315 dum

71 1343 358 1396 “increpatus
400 1345 589 1398 benigne
622 1347 790 1399 accipit,
835 1354 1064 1387 mansuete
1104 1348 1415 1400 humiliterque
1447 1362 1535 1388 res-

68 1416 245 1468 pondet,
270 1422 314 1456 et
343 1416 529 1458 libenter
558 1419 792 1459 emendare
821 1419 1064 1461 conatu1·.''2
1135 1422 1371 1474 Propterea
1403 1422 1537 1462 etiam

67 1489 113 1529 B.
139 1490 396 1530 Franciscus
430 1491 646 1533 dedecora
689 1500 732 1533 et
773 1495 933 1546 probra
976 1495 1311 1534 consectabatur
1352 1495 1534 1544 avidius,

67 1564 218 1604 laudes
241 1570 285 1604 et
305 1565 491 1617 gloriam
515 1568 764 1607 contentius
788 1568 1047 1609 declinabat.
1098 1568 1231 1621 Quod
1257 1569 1291 1608 si
1315 1569 1535 1610 interdum

66 1637 123 1678 ob
159 1637 357 1679 habitam
395 1641 652 1681 concionem
691 1642 953 1682 laudabatur
984 1643 1040 1682 ab
1072 1643 1232 1695 aliquo,
1258 1643 1351 1695 ipse
1383 1644 1534 1683 statim

65 1725 145 1752 suo
180 1713 422 1754 mandabat
459 1716 620 1764 comiti,
650 1722 698 1756 ut
740 1730 786 1756 se
820 1717 1010 1756 vicissim
1048 1717 1316 1770 vituperaret
1351 1723 1394 1757 et
1431 1731 1535 1758 con-

65 1785 180 1826 vitiis
230 1787 430 1828 afficeret.
515 1789 589 1829 Sic
637 1790 753 1829 enim
797 1790 852 1829 de
894 1803 947 1830 eo
999 1791 1310 1831 Bonaventura
1362 1791 1534 1840 scribet,

64 1859 300 1901 “Malebat
332 1862 387 1901 de
419 1875 465 1901 se
495 1862 759 1915 vituperium
803 1864 953 1903 audire
990 1878 1124 1917 quam
1167 1865 1355 1914 laudem,
1393 1866 1536 1906 sciens

64 1933 183 1985 quod
221 1934 305 1974 hoc
343 1934 399 1975 ad
435 1936 762 1976 emendandum
801 1937 1037 1985 induceret,
1075 1937 1148 1978 illa
1189 1938 1436 1991 impelleret
1477 1939 1534 1980 ad

63 2007 374 2047 cadendum.''3
436 2008 509 2050 Sic
560 2016 709 2051 autem
751 2024 899 2050 secum
953 2012 1047 2064 ipse
1089 2012 1441 2063 ratiocinabatur,
1487 2014 1535 2056 Si

63 2079 241 2121 laudem
286 2095 492 2135 aucupor,
535 2083 578 2122 in
620 2091 821 2136 apertum
865 2099 935 2124 me
977 2085 1256 2126 ccenodoxiae
1298 2087 1534 2128 discrimen

61 2152 246 2206 objicis;
298 2161 345 2196 at
390 2169 493 2196 vero
536 2170 592 2196 ex
640 2158 917 2198 contumeliis
969 2164 1013 2198 et
1064 2159 1333 2200 irrisionibus
1384 2162 1534 2202 anima

63 2227 107 2266 in
148 2228 302 2280 spiritu
354 2228 535 2281 proficit.
620 2230 824 2283 Eamque
866 2232 924 2271 ob
966 2245 1144 2272 causam
1187 2239 1451 2274 convenerat
1493 2235 1532 2275 ei

62 2313 162 2341 cum
216 2301 440 2342 Bernardo
492 2304 653 2344 comite
705 2318 795 2354 suo,
848 2311 896 2345 ut
948 2305 1057 2346 alter
1107 2305 1295 2347 alterum
1342 2307 1533 2348 vicissim

61 2374 398 2427 reprehenderet
440 2383 574 2429 atque
615 2378 885 2427 admoneret,
921 2380 955 2419 si
994 2381 1172 2432 quando
1214 2394 1294 2433 pro
1335 2380 1531 2423 humana

59 2446 362 2489 imbecillitate
390 2449 601 2490 incideret
627 2451 895 2492 admonendi
925 2453 1172 2494 necessitas.
1234 2453 1370 2494 Valet
1399 2455 1534 2508 igitur

57 2519 114 2559 ad
158 2514 453 2563 humilitatem
491 2523 656 2564 delatio
697 2531 877 2578 propter
917 2525 1205 2579 ignominiam
1247 2540 1299 2568 ac
1336 2527 1530 2569 dedecus

59 2592 178 2644 quod
209 2592 345 2635 habet
376 2595 647 2648 adjunctum.

143 2664 299 2719 Atque
348 2667 444 2709 haec
488 2670 544 2709 de
594 2671 738 2723 priore
785 2672 1126 2715 Constitutionis
1177 2680 1312 2728 parte.
1395 2674 1527 2720 Nunc

56 2738 356 2790 posteriorem,
410 2755 511 2795 quae
567 2743 872 2787 difficultatem
929 2747 1096 2789 indicat
1146 2747 1338 2787 serendae
1395 2758 1526 2800 aequo

54 2809 205 2853 animo
249 2813 494 2866 delationis,
529 2809 849 2870 aggrediamur.
931 2819 1049 2861 Tota
1094 2827 1243 2862 autem
1290 2818 1530 2863 difficultas

122 2895 138 2941 ἶ
160 2898 262 2934 Grad.
283 2908 334 2944 25.
471 2902 486 2923 2
510 2905 580 2938 Ser.
599 2913 629 2940 2.
651 2907 770 2948 Apost.
792 2908 862 2941 Pet.
892 2913 923 2940 et
948 2908 1040 2941 Paul.
1175 2907 1190 2929 3
1214 2908 1256 2940 In
1272 2908 1352 2941 Vita
1374 2918 1404 2942 c·
1422 2906 1456 2943 6.

229 2962 264 2994 Κ
