1903 3197
316 185 410 227 204
637 170 715 215 De
749 170 937 216 ratione
970 170 1161 217 vivendi
1196 171 1456 217 Socz'etatz's.

312 311 492 357 propter
522 302 793 356 philantiam,
819 317 917 355 quae
940 303 1144 343 omnibus
1174 309 1240 343 est
1272 309 1447 356 agnata,
1471 301 1776 342 difficillimum

311 383 377 417 est
419 376 609 429 seipsum
657 390 905 429 agnoscere.
990 377 1218 429 Praepositi
1267 382 1413 416 autem
1458 376 1592 415 nostri
1636 375 1781 415 acrius

308 451 567 504 plerumque
618 451 723 490 vitia
778 456 925 490 nostra
978 451 1257 491 considerant
1310 456 1352 490 et
1403 449 1771 497 animadvertunt,

311 526 410 565 ideo
448 532 563 565 recte
600 524 783 564 dicitur:
829 525 901 564 “si
935 525 1031 576 quis
1069 523 1467 564 animadvertitur.”
1533 523 1772 570 Postremo,

310 599 442 639 etiam
467 599 726 639 exercitatio
756 599 917 638 subditi
951 598 994 637 in
1025 599 1151 638 rebus
1174 598 1496 650 abjectioribus,
1522 603 1597 637 aut
1620 597 1780 636 studiis

309 672 544 712 tentationi
575 674 814 716 contrariis,
852 687 938 712 non
970 686 1143 724 semper
1176 672 1217 711 in
1251 672 1345 724 ipso
1379 671 1557 711 subdito
1588 671 1671 710 sita
1700 676 1778 717 est,

310 747 386 786 sed
417 747 580 799 pendet
604 760 660 786 ex
693 747 960 798 Pia-posito:
994 746 1117 798 cujus
1140 752 1205 786 est
1227 746 1339 786 hanc
1361 746 1428 785 vel
1462 745 1581 785 illam
1610 745 1780 785 exerci-

308 821 521 861 tationem
545 821 611 860 vel
643 821 893 867 concedere,
918 821 951 859 si
988 834 1034 859 se
1070 820 1161 872 ipse
1183 819 1287 859 velit
1322 820 1523 859 subditus
1558 832 1773 866 exercere,

307 894 375 934 vel
400 896 624 947 imperare,
649 895 682 933 si
708 901 754 933 ut
777 894 832 933 ab
856 895 950 946 ipso
982 893 1225 945 Praeposito
1247 900 1513 941 exerceatur,
1539 893 1775 933 necessitas

309 968 514 1020 postulat.
578 967 738 1006 Tribus
761 967 892 1020 igitur
915 967 1156 1006 rationibus
1179 966 1262 1005 hoc
1285 966 1492 1018 loquendi
1517 967 1650 1006 modo
1673 980 1779 1006 usus-

310 1049 375 1082 est
413 1042 454 1081 P.
482 1041 691 1093 Ignatius‚
728 1046 821 1080 tum
859 1048 904 1080 ut
938 1041 1003 1080 sui
1039 1041 1167 1080 officii
1207 1040 1472 1093 Praepositos
1507 1041 1776 1088 admoneret,

309 1129 493 1168 quorum
535 1122 599 1155 est
637 1115 911 1154 subditorum
950 1115 1216 1154 tentationes
1253 1119 1481 1166 tamquam
1520 1120 1695 1166 patrum
1733 1119 1776 1153 et

308 1189 542 1229 custodum
566 1195 838 1229 antevertere
858 1202 865 1233 ;
897 1194 992 1229 tum
1018 1195 1064 1228 ut
1087 1188 1351 1241 significaret
1374 1188 1648 1228 subditorum
1671 1187 1777 1228 vitia

310 1264 467 1304 melius
499 1278 524 1304 a
557 1263 907 1304 moderatoribus
946 1277 1077 1316 quam
1118 1263 1174 1303 ab
1212 1263 1315 1316 ipsis
1353 1262 1540 1302 subditis
1578 1262 1780 1302 animad-

307 1338 428 1382 verti.
467 1351 517 1378 ac
562 1337 746 1391 proinde
797 1337 1098 1377 antevertendi
1151 1337 1417 1376 tentationes
1470 1335 1773 1377 necessitatem

307 1413 364 1452 ab
396 1412 462 1451 his
502 1412 656 1452 melius
694 1425 825 1463 quam
865 1426 890 1451 a
923 1411 1108 1451 subditis
1146 1411 1291 1456 nosci:
1324 1416 1418 1450 tum
1452 1410 1640 1462 denique
1673 1409 1775 1461 quia

309 1486 624 1526 contrariorum
655 1486 899 1526 studiorum
923 1486 1194 1534 exercitatio,
1219 1484 1426 1537 quoniam
1451 1498 1569 1537 saepe
1601 1482 1775 1536 publica

309 1565 375 1599 est
418 1566 460 1599 et
503 1566 630 1600 extra
673 1560 783 1600 solet
831 1573 935 1607 esse,
980 1560 1121 1612 magis
1171 1573 1228 1598 ex
1278 1558 1504 1611 Praepositi
1547 1557 1777 1597 voluntate

309 1646 613 1686 consensuque
646 1635 809 1687 pendet
845 1647 977 1686 quam
1013 1647 1069 1673 ex
1106 1633 1267 1673 subditi
1304 1632 1514 1672 libertate.
1581 1631 1644 1671 Ut
1674 1644 1773 1670 cum

308 1708 364 1747 ad
397 1708 683 1760 premendam
708 1707 956 1760 superbIam
976 1707 1155 1759 jubetur
1177 1707 1378 1746 subditus
1400 1706 1560 1746 attritis
1581 1704 1776 1745 vestibus

308 1782 504 1821 ostiatim
541 1782 826 1826 emendicare,
863 1787 905 1820 et
943 1781 1110 1821 similia.
1191 1780 1263 1819 Ex
1299 1780 1457 1832 quibus
1491 1779 1637 1831 colligi
1676 1777 1777 1817 licet

309 1867 396 1894 non
421 1855 581 1895 debere
615 1862 691 1895 aut
728 1855 885 1894 mirum
910 1861 986 1894 aut
1017 1869 1149 1907 grave
1180 1853 1317 1894 videri
1341 1853 1556 1906 cuiquam,
1580 1853 1613 1892 si
1638 1865 1780 1904 quan-

308 1930 455 1982 doque
497 1931 689 1983 aliquem
742 1930 783 1969 in
834 1929 962 1969 rebus
1005 1929 1242 1969 humilibus
1285 1933 1361 1968 aut
1403 1927 1631 1980 ejusmodi,
1676 1940 1774 1979 quae

308 2005 525 2045 contraria
568 2005 887 2045 tentationibus
935 2004 1032 2051 sint,
1079 2003 1335 2055 Superiores
1381 2007 1626 2042 exerceant.
1706 2000 1774 2040 Illi

308 2078 424 2117 enim
464 2086 623 2119 norunt
660 2078 934 2118 subditorum
973 2077 1266 2123 necessitates
1301 2081 1344 2115 et
1381 2076 1436 2116 ab
1474 2077 1524 2115 iis
1562 2076 1671 2115 ratio
1709 2074 1773 2113 sui

310 2153 501 2192 muneris
539 2153 734 2206 postulat
773 2158 819 2191 ut
855 2152 1151 2191 tentationum
1190 2150 1485 2202 ingruentium
1525 2150 1715 2202 impetus
1749 2161 1774 2188 a

307 2226 396 2265 suis
429 2227 614 2266 subditis
648 2231 824 2266 arceant
857 2232 990 2277 atque
1022 2224 1289 2278 propulsent.

405 2437 630 2478 QUAENAM
679 2435 1028 2466 'l'lssx'l'ix'l‘liffilis
1072 2436 1491 2466 ANTEVER'I'EMME
1533 2435 1674 2468 SUNT.

394 2521 494 2573 Jam
519 2518 665 2571 quoad
690 2525 913 2570 postrema
935 2517 1008 2557 illa
1040 2517 1223 2570 Regulae
1246 2517 1389 2566 verba,
1414 2521 1435 2537 ‘¹
1452 2523 1495 2558 et
1517 2518 1577 2559 sic
1600 2519 1655 2560 de
1677 2519 1774 2561 aliis

307 2595 452 2650 pravis
494 2593 652 2633 animae
695 2592 1099 2645 propensionibus,''
1142 2591 1379 2632 videndum
1424 2592 1613 2633 breviter
1653 2595 1771 2646 quod

307 2668 580 2724 propositum
605 2671 718 2706 erat:
752 2666 970 2718 Quaenam
993 2665 1271 2718 potissimum
1290 2666 1586 2706 tentationum
1609 2680 1771 2719 genera

306 2744 481 2798 pulsare
518 2755 597 2781 nos
636 2740 815 2785 soleant,
851 2753 938 2791 quo
971 2739 1149 2788 facilius,
1188 2753 1392 2792 quaenam
1430 2754 1455 2780 a
1492 2741 1617 2780 nobis
1649 2748 1770 2782 ante-

303 2817 527 2860 vertenda:
565 2816 663 2863 sint,
697 2827 999 2867 agnoscamus.
1088 2813 1188 2853 Non
1226 2815 1372 2866 posuit
1410 2819 1557 2854 autem
1596 2816 1638 2854 in
1674 2815 1772 2857 aliis

307 2892 457 2934 multis
508 2888 826 2931 tentationibus
879 2887 1135 2940 exemplum
1198 2888 1277 2927 nisi
1338 2874 1601 2941 generatimss
1644 2890 1772 2943 ponit
