1903 3197
317 204 407 250 154
633 191 713 237 De
745 191 936 238 ratione
968 191 1160 239 vivendi
1198 192 1456 242 Socz'etatzk.

309 324 484 365 alienati
528 329 604 364 aut
645 329 761 365 certe
804 339 889 366 non
932 326 1132 367 benevoli
1174 327 1309 368 animi
1351 327 1553 381 suspicio,
1584 329 1684 370 vide
1720 344 1774 372 ne

309 399 497 452 suspicio
521 398 604 439 ista
626 403 721 439 tota
743 399 800 439 sit
822 399 972 441 inanis.
1036 399 1171 442 Unde
1202 402 1317 441 enim
1349 402 1464 442 nosti
1495 402 1598 443 odio
1627 403 1774 457 aliquo

311 472 551 513 adductum
586 472 775 519 fratrem,
800 480 846 514 ut
868 479 912 515 te
934 473 1151 515 deferret?
1198 475 1286 516 Cur
1307 481 1443 516 tantze
1466 476 1652 518 maculae
1674 490 1776 519 eum

312 548 593 598 condemnas,
646 562 777 600 quem
830 549 976 602 potius
1027 549 1239 590 charitate
1296 550 1534 603 impulsum
1585 552 1781 604 cogitare

310 623 535 671 debueras,
560 629 603 663 et
635 622 799 662 factum
833 622 925 675 ejus
958 623 1183 664 meliorem
1207 624 1249 664 in
1272 630 1442 677 partem
1474 625 1781 678 interpretari?

315 697 487 737 Deinde
515 695 682 736 tollitur
713 696 807 737 11666
837 697 1045 738 alienatio
1070 698 1119 745 (si
1151 712 1239 751 qua
1271 698 1382 739 forte
1411 698 1493 751 est)
1521 700 1667 740 Deum
1699 713 1780 753 pro

311 770 581 811 delatoribus
610 770 899 824 deprecando,
931 772 1100 825 quibuS,
1133 773 1167 812 si
1199 786 1255 812 ex
1284 772 1496 813 charitate
1531 773 1781 824 detulerint,

310 845 422 884 hanc
458 844 662 886 videlicet
698 846 886 899 gratiam
920 845 1107 895 1·eferas;
1145 853 1193 887 ut
1230 848 1370 887 bonus
1413 847 1484 887 ille
1528 847 1779 900 Religiosus

310 920 382 971 qui
421 933 500 972 pro
532 920 749 965 omnibus,
785 934 809 960 a
842 920 998 973 quibus
1033 921 1305 967 monebatur,
1340 921 1508 971 orabat,
1544 927 1591 961 ut
1622 921 1782 975 legitur

309 994 351 1032 in
384 993 508 1047 Spec.
534 994 570 1033 d.
599 1005 632 1044 3.
658 1008 690 1034 6.
714 1005 780 1044 40.
849 993 925 1034 Sin
962 1000 1109 1034 autem
1145 994 1310 1034 invidia
1343 995 1491 1047 aliqua
1525 995 1644 1036 ducti
1683 996 1781 1045 sint,

311 1068 480 1107 veniam
524 1068 733 1120 impetres
777 1067 1041 1107 invidentiae.
1138 1067 1240 1107 Huc
1292 1068 1463 1108 accedit
1505 1068 1637 1120 quod,
1681 1069 1783 1109 licet

309 1141 637 1193 perturbatione
688 1141 836 1193 aliqua
887 1141 943 1181 sit
995 1140 1167 1181 delator
1219 1140 1445 1194 impulsus,
1498 1141 1577 1182 tibi
1631 1147 1781 1182 tamen

307 1214 413 1255 dum
446 1214 586 1254 defert
619 1228 845 1267 nunquam
878 1228 966 1255 non
1001 1215 1117 1255 utilis
1151 1222 1193 1255 ct
1228 1214 1432 1255 salutaris
1466 1221 1543 1256 est.
1607 1215 1780 1256 Eodem

308 1288 422 1328 6111111
468 1288 601 1328 modo
644 1288 890 1329 ratiocinari
934 1289 1063 1329 nobis
1115 1290 1170 1329 de
1224 1288 1494 1329 delatoribus
1546 1289 1687 1339 liceat,
1731 1303 1781 1330 ac

311 1361 544 1402 Plutarcho
577 1362 631 1402 de
664 1363 852 1415 politicis
885 1363 1083 1412 inimicis,
1108 1376 1219 1415 quos
1251 1377 1369 1416 saepe
1403 1363 1533 1403 docet
1566 1364 1655 1403 suis
1687 1377 1782 1403 esse

309 1436 434 1477 nobis
455 1437 834 1477 criminationibus
860 1438 1084 1484 salutares,
1105 1438 1237 1490 idque
1260 1437 1390 1478 efficit
1412 1436 1597 1490 pulchro
1622 1437 1752 1477 simili
1774 1452 1782 1477 :

311 1511 427 1550 Nam
469 1510 620 1562 Jasoni
657 1510 898 1559 Thessalio,
928 1512 1112 1552 vomicze
1150 1510 1375 1552 doloribus
1413 1511 1642 1560 laboranti,
1673 1511 1783 1551 dum

309 1584 509 1624 inimicus
540 1583 696 1625 vulnus
729 1584 898 1637 infligit,
932 1586 1143 1626 continuo
1178 1585 1272 1637 ejus
1305 1585 1425 1625 ulcus
1458 1586 1630 1638 aperuit
1665 1584 1782 1626 unde

308 1658 426 1697 virus
463 1658 615 1711 erupit,
646 1664 690 1698 61
724 1665 958 1699 consecuta
995 1673 1075 1712 pro
1113 1673 1218 1700 nece
1255 1658 1372 1699 salus
1410 1664 1487 1707 est,
1520 1673 1600 1712 pro
1638 1665 1780 1699 morte

308 1729 426 1771 vita.1
491 1732 559 1772 Ita
597 1738 640 1772 61
673 1733 754 1773 11131
792 1733 988 1773 (16131016
1026 1734 1131 1773 dum
1172 1732 1410 1773 deferendo
1446 1738 1575 1786 putat
1612 1733 1778 1781 obesse,

312 1811 476 1845 certam
520 1806 704 1846 salutem
749 1807 875 1846 affert
917 1806 1165 1860 aperiendis
1207 1807 1412 1847 vitiorum
1468 1805 1696 1854 ulceribus,
1741 1812 1784 1847 et

313 1880 712 1920 commonstrandis
745 1880 959 1933 spirituali
984 1880 1157 1921 medico
1179 1880 1313 1921 animi
1337 1880 1399 1920 tui
1424 1880 1599 1920 morbis.
1664 1879 1785 1932 Qua-

315 1954 510 1994 mobrem
554 1953 697 1994 dicere
739 1954 894 1995 solitus
936 1960 1002 1995 est
1038 1954 1341 2004 Antisthenes,
1382 1968 1493 2004 eum,
1527 1954 1601 2007 qui
1640 1954 1788 1995 salvus

315 2042 407 2068 csse
444 2028 615 2077 debeat,
650 2042 761 2082 opus
796 2028 960 2069 habere
991 2028 1059 2069 vel
1101 2029 1250 2082 probis
1288 2028 1450 2078 amicis,
1484 2027 1553 2068 vel
1595 2028 1784 2069 inimicis

314 2102 738 2149 vehementissimis3
781 2104 901 2156 quod
944 2102 1003 2143 illi
1041 2102 1337 2151 admonendo,
1368 2102 1412 2141 hi
1451 2102 1724 2142 criminando
1756 2115 1782 2142 a

313 2176 429 2216 vitiis
471 2182 681 2217 avertant.
746 2176 916 2216 Idcirco
959 2176 1122 2216 Divino
1163 2176 1377 2229 permissu
1426 2182 1624 2228 nutuque
1666 2188 1784 2228 saepe

313 2248 372 2297 fit,
398 2254 444 2288 ut
468 2249 579 2289 inter
605 2248 807 2289 homines
836 2250 970 2289 6113111
1000 2248 1227 2302 religiosos
1254 2262 1574 2302 nonnunquam
1608 2248 1785 2289 offensi-

314 2321 483 2380 unculae
520 2322 867 2375 interponantur,
891 2336 990 2375 quae
1026 2323 1082 2363 ad
1118 2322 1378 2376 inquirenda
1412 2329 1567 2364 mutuo
1601 2322 1708 2363 vitia
1741 2328 1786 2363 et

312 2395 551 2437 deferenda
582 2409 720 2449 prope
751 2395 956 2447 trahant;
989 2402 1221 2450 propterea
1251 2396 1371 2450 quod
1394 2396 1531 2437 levius
1552 2410 1603 2437 36
1625 2396 1787 2437 tolera-

311 2469 440 2511 bilius
488 2469 653 2510 malum
701 2471 756 2511 sit
789 2484 1058 2523 quemquam
1105 2471 1436 2524 perturbatione
1476 2470 1625 2523 aliqua
1666 2469 1781 2518 duci,

313 2557 412 2596 quae
455 2543 549 2596 ipsa
591 2544 679 2584 cito
720 2543 892 2593 residet,
932 2557 1066 2597 quam
1106 2550 1154 2584 ut
1189 2544 1297 2585 vitia
1338 2544 1464 2584 nobis
1506 2544 1784 2585 continenter

313 2616 579 2666 adhaereant,
614 2617 727 2658 adeo
762 2631 814 2658 ea
847 2617 983 2671 pandi
1019 2618 1246 2671 curarique
1280 2631 1457 2659 necesse
1492 2624 1569 2659 est.
1646 2617 1784 2671 Cujus

313 2691 373 2731 rei
426 2691 532 2732 satis
584 2691 839 2745 appositum
899 2691 1115 2732 habemus
1177 2691 1434 2746 exemplum
1498 2693 1544 2733 B.
1582 2692 1787 2738 Monicae.

316 2765 620 2818 §.Augustini
654 2765 861 2818 parentiS,
884 2778 1019 2818 quam
1052 2764 1197 2806 adhuc
1228 2765 1469 2819 puellulam
1497 2779 1596 2807 cum
1629 2764 1789 2806 ancilla:

314 2839 534 2892 quaedam,
559 2840 602 2879 in
625 2839 688 2881 ira
708 2839 955 2893 pytissandi
979 2839 1344 2881 consuetudinem
1374 2840 1640 2896 exprobans,
1659 2839 1786 2880 meri-

805 2926 817 2947 1
842 2929 895 2961 De
911 2938 984 2970 cap.
1003 2927 1076 2961 util.
1097 2939 1137 2961 ex
1152 2928 1286 2962 Inimic-
