1903 3197
272 150 300 193 8
547 154 628 200 De
665 153 710 200 C
707 154 1083 201 onslz'lutz‘onum
1126 139 1475 203 Obseifvatwne.

269 288 403 329 etiam
447 289 502 328 ad
547 289 771 329 universos
821 295 1001 342 spectet.
1087 289 1219 331 Tales
1261 295 1366 330 sunt
1407 276 1745 332 constitutiones

269 363 529 416 et1·egulze;
572 377 710 416 quare
743 365 787 404 id
821 364 940 417 quod
972 365 1247 418 praecipiunt,
1280 365 1338 406 acl
1370 379 1525 406 omnes
1558 372 1743 419 spectat,

269 453 369 478 curn
393 439 449 479 ad
473 444 677 479 extrema
699 453 786 480 non
810 445 1005 493 vergant,
1029 445 1077 480 ut
1099 440 1261 481 dicitur
1285 440 1434 482 Const.
1462 442 1503 482 P.
1531 452 1591 489 10,
1614 438 1641 496 ξ
1669 453 1720 482 10
1737 456 1759 493 3.

270 514 449 567 spiritus
483 520 633 554 autem
676 515 875 567 privatus
912 515 1110 568 suggerit
1144 529 1263 569 saepe
1300 516 1493 569 cuipiam
1537 517 1580 556 id
1625 517 1746 569 quod

270 589 395 629 alteri
435 589 617 630 forsitan
657 590 841 630 nimium
884 593 951 640 sit,
990 590 1091 631 licet
1129 591 1166 631 ei
1205 592 1273 631 cui
1312 592 1522 644 suggerit,
1563 606 1651 632 non
1689 592 1746 633 sit

271 664 467 713 nimium,
493 665 570 704 sed
595 665 902 706 necessarium.

359 739 433 779 Ex
485 739 553 779 his
616 739 748 792 igitur
800 739 1070 793 intelligitur,
1124 748 1340 794 quantum
1404 743 1745 783 constitutiones

269 813 455 854 afferant
489 814 736 866 adjumenti
773 815 828 855 ad
873 822 1051 868 optatos
1090 816 1133 855 in
1170 817 1241 856 via
1287 817 1468 856 Domini
1512 831 1758 870 processus

269 888 534 929 efficiendos.

355 963 513 1004 Altera
539 978 641 1004 vero
672 965 794 1013 ratio,
820 978 918 1017 quae
949 978 1006 1004 ex
1038 965 1195 1005 eodem
1229 966 1533 1019 intelligentiae
1567 966 1742 1015 lumine,

269 1045 312 1078 et
356 1039 450 1092 ipsa
492 1039 673 1079 rationis
711 1039 922 1079 facultate
965 1040 1111 1088 oritur,
1152 1046 1228 1088 est,
1268 1041 1371 1093 quia
1414 1042 1457 1080 in
1495 1043 1565 1082 via
1608 1042 1743 1082 divini

268 1114 467 1167 obsequii
521 1128 609 1154 non
660 1114 816 1154 melius
859 1120 1098 1167 utcumque
1151 1115 1442 1167 procedimus,
1486 1116 1563 1156 sed
1613 1116 1746 1169 juxta

271 1189 467 1228 Instituti
502 1189 638 1228 nostri
673 1189 897 1228 rationem.
948 1188 1102 1229 “Nam
1134 1203 1233 1229 cum
1268 1190 1535 1243 multiplices
1568 1192 1746 1231 diversi-

268 1277 351 1315 que
375 1264 461 1303 sint
486 1263 605 1303 modi
630 1264 701 1316 pie
723 1263 934 1313 vivendi,''
960 1269 1006 1303 ut
1029 1264 1090 1303 ait
1113 1263 1431 1313 Theodoretus,
1457 1272 1477 1284 ‘⁶
1496 1267 1538 1306 in
1562 1267 1746 1319 singulis

268 1339 410 1390 poscit
453 1338 576 1377 Deus
620 1338 739 1390 leges
781 1345 1076 1390 congruentes
1120 1338 1178 1377 illi
1221 1340 1334 1387 vitae,
1378 1353 1512 1392 quam
1560 1342 1747 1394 quisque

268 1411 491 1465 delegit‚''l
533 1419 577 1452 et
620 1412 702 1452 hoc
750 1419 826 1462 est,
875 1413 993 1465 quod
1045 1414 1099 1453 de
1145 1413 1326 1454 homine
1368 1416 1554 1455 timente
1597 1415 1744 1456 Deum

268 1487 424 1528 cecinit
453 1487 611 1535 David,
639 1490 659 1506 “
676 1485 786 1539 Quis
811 1493 876 1526 est
905 1487 1040 1527 homo
1063 1488 1136 1539 qui
1160 1488 1287 1528 timet
1318 1489 1576 1539 Dominum,
1599 1489 1743 1543 legem

267 1562 422 1602 effztatuit
464 1562 501 1601 ei
555 1561 598 1601 in
639 1562 711 1601 via
752 1575 886 1614 quam
940 1561 1132 1614 01ος1ἐ.”2
1213 1563 1308 1604 Νο0
1351 1566 1467 1604 0111111
1521 1566 1626 1606 satis
1680 1573 1746 1607 est

267 1636 471 1689 religioso
510 1650 629 1676 more
666 1637 821 1685 vivere,
857 1637 932 1676 sed
966 1650 1065 1676 cum
1100 1639 1232 1677 varice
1272 1639 1625 1693 multiplicesque
1657 1642 1744 1682 sint

268 1712 569 1764 religiosorum
615 1711 793 1751 familiae
836 1725 887 1751 ac
928 1711 1185 1765 disciplinae,
1230 1721 1273 1753 et
1326 1728 1602 1768 unaquaeque
1655 1718 1743 1758 suis

269 1787 439 1839 legibus
477 1787 782 1835 constituatur,
822 1800 1001 1826 11000550
1038 1794 1103 1827 est
1147 1794 1194 1828 ut
1233 1789 1306 1840 qui
1350 1789 1393 1829 in
1437 1803 1511 1830 eas
1554 1792 1741 1832 adscribi

268 1861 434 1910 volunt,
478 1861 506 1900 ii
550 1861 792 1901 secundum
841 1875 930 1900 suae
974 1861 1152 1901 familiae
1205 1862 1324 1914 leges
1366 1869 1500 1916 atque
1543 1866 1746 1908 instituta

270 1936 367 1975 Deo
410 1935 678 1975 famulentur
720 1942 764 1974 et
806 1936 1006 1975 serviant.
1071 1935 1286 1988 Alioquin
1330 1938 1364 1977 si
1408 1940 1535 1979 unius
1572 1940 1738 1982 alumni

269 2010 446 2050 familia:
483 2009 659 2050 alterius
693 2009 862 2062 legibus
897 2009 994 2049 Deo
1027 2010 1229 2059 serviant,
1252 2025 1342 2051 51100
1376 2013 1589 2065 neglectis
1621 2015 1744 2056 insti-

267 2085 374 2124 tutis
417 2098 466 2124 ac
518 2083 699 2137 legibus,
752 2097 914 2136 magna
965 2084 1239 2137 perturbatio
1282 2086 1456 2133 oriatur,
1500 2094 1543 2128 ct
1594 2090 1758 2131 nativo-

269 2173 569 2212 germanoque
612 2159 774 2198 amisso
816 2159 983 2212 spiritu,
1021 2160 1275 2212 peregrinus
1317 2161 1495 2213 spiritus
1537 2163 1745 2206 induatur

272 2248 449 2274 11000550
472 2240 548 2273 est.
608 2232 820 2274 Similiter
852 2234 969 2274 enim
1003 2235 1037 2274 is
1071 2235 1211 2283 faciet,
1245 2249 1295 2275 ac
1330 2236 1364 2275 si
1399 2236 1541 2288 pictor
1573 2238 1741 2292 aliquis,

270 2323 360 2348 suae
396 2309 501 2348 artis
535 2308 695 2360 regulis
732 2308 990 2362 legibusque
1032 2309 1255 2362 neglectiS,
1289 2309 1413 2350 malit
1447 2311 1503 2350 ab
1538 2318 1631 2353 arte
1663 2313 1741 2354 fin-

267 2384 412 2438 gendi,
437 2397 536 2435 quae
559 2383 740 2435 picturae
767 2382 954 2424 finitima
977 2391 1054 2433 est,
1079 2384 1198 2437 leges
1221 2390 1369 2437 petere
1389 2399 1396 2431 ;
1439 2392 1515 2425 aut
1537 2387 1571 2426 si
1594 2393 1743 2429 orator

270 2461 315 2499 in
348 2458 581 2511 epidictico
613 2471 782 2509 genere,
806 2472 831 2497 a
862 2460 996 2511 poesi,
1024 2473 1123 2512 qua:
1157 2459 1199 2499 in
1234 2460 1392 2500 eodem
1429 2474 1547 2514 saepe
1583 2475 1743 2514 genere

269 2533 430 2574 versari
461 2531 572 2572 solet
594 2532 905 2581 exornationis,
929 2533 1055 2573 malit
1076 2533 1248 2574 haurire
1277 2541 1510 2587 praecepta,
1531 2549 1664 2588 quam
1688 2538 1758 2579 ab«

272 2614 366 2650 arte
402 2606 586 2647 dicendi.
671 2605 774 2647 Suae
811 2607 927 2646 enim
966 2607 1151 2660 quisque
1188 2609 1292 2648 artis
1334 2615 1557 2662 praecepta
1594 2616 1744 2653 teneat

272 2669 449 2725 necesse
486 2687 564 2730 est,
595 2680 683 2720 suis
715 2680 885 2733 legibus
914 2688 1078 2734 pareat,
1112 2683 1147 2722 si
1177 2683 1220 2722 in
1253 2696 1305 2723 eo
1336 2683 1469 2724 vellet
1502 2685 1758 2738 excellere,

272 2758 520 2809 eodemque
571 2755 706 2795 modo
757 2768 847 2795 suae
899 2755 1077 2796 familiae
1133 2771 1184 2797 ac
1236 2757 1478 2810 disciplinae
1532 2759 1744 2801 institutis

271 2832 484 2874 inhaereat
525 2843 703 2870 necesse
745 2836 822 2877 est,
861 2831 1058 2883 quisquis
1099 2831 1156 2871 ad
1209 2831 1526 2884 perfectionem
1569 2834 1744 2876 absolu—

698 2917 710 2936 1
736 2920 776 2950 In
801 2920 853 2950 Ps.
874 2928 925 2958 24.
1194 2920 1207 2939 2
1230 2923 1312 2954 llud.
