1903 3197
314 232 339 276 3
350 230 411 277 54
639 217 720 263 De
752 217 943 263 ratione
975 215 1169 262 vivendi
1203 215 1458 262 Socz'elatz's.

320 348 421 389 Hoc
471 348 678 402 praesidio
719 349 934 389 castitatis
982 348 1098 389 idem
1143 348 1187 388 B.
1223 347 1525 399 Hieronymus
1567 360 1613 386 se
1655 359 1782 386 usum

318 423 475 464 scribit.
542 423 797 463 Horrebant
829 437 954 463 sacco
992 423 1190 463 membra
1228 421 1452 468 deformia,
1486 426 1530 460 et
1567 419 1784 473 squallida

319 496 430 537 cutis
467 497 599 537 situm
639 495 886 549 Ethiopicae
918 497 1058 537 carnis
1091 496 1350 537 obduxerat.
1415 493 1547 546 Quod
1581 482 1697 533 idern
1730 493 1785 533 de

321 584 372 611 eo
424 570 655 610 confirmat
701 569 980 623 Augustinus
1032 570 1087 610 ad
1143 569 1387 623 Cyrillum;
1440 573 1483 607 et
1536 566 1785 608 Climacus:

321 644 633 693 “Summum,”
686 645 838 696 inquit,
878 644 1195 696 “adjutorium,
1239 642 1403 683 scilicet
1446 640 1786 694 oppugnationis

321 724 530 772 tempore,
574 719 802 772 praestabit
848 719 1037 758 cilicium
1089 724 1133 758 et
1184 717 1301 758 cinis.
1376 716 1451 756 Ad
1503 715 1785 768 asperitatem

320 793 537 833 cilicinam
590 792 772 833 refertur
823 793 966 832 omnis
1018 792 1230 845 asperitas
1283 790 1436 839 cultus,
1486 803 1573 841 quo
1626 788 1786 828 scimus

324 867 511 910 Sanctos
554 880 707 906 omnes
750 867 946 905 maxime
989 865 1241 913 delectatos,
1277 870 1319 904 et
1358 863 1518 903 multos
1561 862 1787 914 religiosos

322 941 384 981 uti
420 940 571 980 solitos
605 939 743 979 laneis
769 939 974 987 vestibus,
998 952 1084 978 non
1119 939 1274 987 linteis,
1298 938 1353 978 ad
1376 937 1615 977 arcendum
1646 935 1787 976 carnis

323 1015 491 1063 luxum,
514 1013 846 1064 tollendamque
879 1012 1110 1052 mollitiem
1145 1011 1367 1051 inimicam
1400 1010 1601 1051 castitati.

413 1088 688 1127 Postremum
731 1086 946 1126 castitatis
988 1085 1294 1137 adjumentum
1333 1091 1398 1124 est
1435 1083 1611 1124 assidua
1648 1082 1789 1122 cordis

324 1161 535 1210 custodia,
563 1165 611 1200 ut
644 1160 729 1200 huc
761 1166 959 1212 spectare
981 1159 1182 1199 videatur
1215 1163 1487 1211 praeceptum
1522 1156 1628 1197 illud
1665 1156 1790 1209 Sapi-

325 1235 437 1275 entis
456 1249 463 1275 z
489 1234 659 1275 “Omni
682 1234 880 1274 custodia
903 1248 1026 1273 serva
1049 1247 1123 1273 cor
1144 1231 1329 1273 ruu1n.’'1
1364 1231 1621 1272 Custoditur
1642 1235 1790 1270 autem

325 1322 399 1349 cor
430 1309 480 1348 iis
513 1307 783 1347 declinandis
816 1307 1135 1360 fugiendisque,
1170 1321 1269 1359 quae
1302 1306 1340 1346 ei
1372 1311 1541 1346 nocent.
1618 1304 1791 1344 Nocent

325 1388 474 1423 autem
507 1383 727 1435 praecipue
759 1381 873 1421 duo:
912 1381 1063 1429 otium,
1098 1386 1141 1421 et
1173 1380 1365 1433 pericula
1397 1393 1496 1432 quae
1534 1378 1792 1427 imminent;

328 1469 431 1508 ergo
463 1455 558 1496 haec
589 1456 678 1495 duo
711 1456 906 1495 maxime
940 1455 1147 1508 fugienda
1179 1460 1290 1494 sunt.
1367 1455 1492 1507 Fuga
1523 1453 1600 1493 otii
1634 1451 1792 1505 triplici

327 1529 615 1583 occupatione
647 1529 905 1577 continetur,
935 1535 983 1568 ut
1017 1543 1074 1568 ex
1109 1528 1283 1569 Sanctis
1316 1528 1591 1581 accepimus:
1623 1527 1793 1579 piarum

329 1617 472 1645 rerum
506 1603 821 1653 meditatione3
861 1603 1048 1643 lectione
1080 1603 1323 1656 prcesertim
1358 1602 1709 1654 Scripturarum3
1753 1605 1796 1640 et

329 1692 461 1731 opere
515 1690 736 1717 manuum.
832 1677 916 1717 His
968 1677 1132 1730 quippe
1188 1682 1283 1717 tota
1340 1675 1655 1716 monachorum
1706 1675 1798 1714 vita

330 1751 574 1800 constabat,
606 1751 765 1802 quibus
799 1752 1001 1803 occupati
1038 1750 1166 1790 nullis
1199 1750 1418 1790 vacabant
1458 1748 1798 1801 cogitationibus

331 1825 487 1879 pravis,
552 1824 621 1864 Ac
663 1825 717 1864 de
760 1825 1047 1864 meditatione
1089 1824 1269 1876 quidem
1307 1823 1400 1876 jam
1443 1823 1649 1863 diximus.
1729 1822 1799 1862 De

333 1899 520 1939 lectione
550 1903 698 1938 autem
724 1898 1047 1950 Scripturarum
1077 1911 1196 1951 saepe
1221 1897 1534 1950 Hieronymus,
1556 1896 1798 1949 praesertim

333 1973 390 2013 ad
434 1973 692 2013 Rusticum:
736 1971 891 2012 “Ama
928 1972 1156 2011 scientiam
1201 1971 1537 2024 Scripturarum,
1576 1976 1620 2010 et
1661 1969 1802 2010 carnis

334 2047 440 2087 vitia
482 2060 569 2086 non
610 2044 816 2086 amabis.'‘
886 2045 1159 2085 Demetriadi
1203 2058 1379 2097 quoque
1420 2049 1560 2084 certas
1602 2043 1801 2096 legendae

339 2120 485 2162 Sacrae
526 2119 762 2173 Scripturze
800 2119 1028 2159 constituit
1059 2118 1199 2167 horas,
1230 2132 1317 2158 non
1351 2118 1485 2158 modo
1520 2117 1575 2157 ad
1613 2116 1803 2156 delecta-

337 2195 502 2235 tionem
546 2200 589 2234 et
631 2194 964 2233 instructionem
1008 2193 1178 2241 animae,
1213 2191 1290 2232 sed
1333 2197 1381 2232 ut
1422 2190 1532 2231 infra
1573 2190 1803 2243 significat,

339 2268 472 2308 etiam
525 2266 580 2307 ad
632 2267 878 2307 custodiam
931 2266 1156 2307 castitatis
1246 2266 1306 2305 Et
1358 2265 1403 2304 B.
1430 2264 1665 2318 Gregorius
1716 2264 1806 2304 ait:

340 2340 637 2392 “Quemlibet
668 2340 876 2393 exempla
909 2340 1099 2387 Patrum,
1136 2352 1186 2378 ac
1225 2338 1548 2391 Scripturarum
1586 2342 1807 2390 praecepta

342 2415 618 2456 considerare
670 2413 839 2462 debere,
884 2427 934 2452 ac
985 2413 1045 2452 sic
1098 2411 1181 2451 illis
1239 2416 1435 2451 mentem
1492 2423 1707 2463 occupare
1758 2416 1806 2450 ut

341 2488 528 2528 lasciviae
572 2487 905 2540 inquinamenta
951 2499 1038 2525 non
1085 2483 1309 2538 spectet.'’2
1370 2484 1440 2524 De
1481 2497 1613 2537 opere
1657 2489 1806 2524 autem

344 2575 555 2603 manuum
602 2561 719 2601 idem
775 2561 1074 2613 Hieronymus
1116 2559 1171 2599 ad
1215 2559 1400 2599 eandem
1442 2558 1656 2611 virginem
1708 2570 1808 2598 cum

345 2636 552 2677 dixisset:
588 2635 767 2675 Habeto
790 2634 937 2674 lanam
961 2646 1134 2686 semper
1155 2633 1198 2672 in
1223 2633 1445 2682 manibus;
1474 2637 1518 2672 et
1535 2631 1639 2672 talia
1660 2630 1810 2683 hujus-

347 2710 466 2751 modi
499 2722 709 2750 manuum
733 2722 876 2761 opera,
899 2720 1085 2760 quorum
1109 2706 1399 2759 occupatione
1420 2705 1617 2745 distineri
1649 2709 1809 2758 posset,

349 2789 659 2833 enumerasset,
711 2782 933 2823 subdidit:
986 2780 1138 2821 “Haec
1189 2780 1437 2828 observans,
1481 2785 1525 2819 et
1575 2784 1619 2819 te
1669 2779 1809 2831 ipsam

351 2857 540 2898 salvabis
582 2862 626 2897 et
667 2856 785 2905 alias,
810 2861 853 2896 et
894 2855 976 2894 eris
1019 2853 1229 2906 magistra
1264 2858 1428 2893 sanctae
1460 2850 1811 2898 conversationis,

738 2943 751 2964 ²
776 2945 870 2977 Prov.
891 2954 921 2984 4.
1058 2941 1071 2961 ²
1096 2943 1136 2974 In
1163 2951 1188 2974 1.
1211 2943 1292 2983 Reg.
1314 2943 1370 2974 lib.
1391 2942 1420 2974 6.
