1903 3197
302 189 327 234 3
338 176 396 234 38
623 174 704 219 De
736 173 926 220 ratione
960 173 1152 220 vivendi
1186 173 1446 221 Societatz's.

299 313 391 348 tate
413 312 642 360 superatur
659 306 696 356 ;”
730 307 918 360 ideoque
940 308 1091 348 subdit
1116 308 1484 360 pernecessariam
1509 321 1602 348 esse
1625 308 1765 349 inten-

299 382 515 422 tissimam
539 381 794 422 orationem.
878 382 937 423 Et
964 396 1071 422 mox
1091 397 1099 422 :
1134 382 1304 422 “Levet
1327 395 1431 434 ergo
1454 395 1610 422 manus
1631 382 1768 433 suas,”

299 456 452 508 inquit,
505 455 655 495 “levet
707 461 913 505 mentem,
970 462 1018 496 ut
1069 470 1200 509 opere
1252 456 1370 496 bono
1433 463 1476 495 et
1534 455 1768 496 devotione

299 529 588 582 resplendeat,
616 530 690 582 qui
722 530 978 570 abscindere
1010 531 1203 584 perfecte
1239 544 1264 569 a
1298 544 1344 569 se
1376 529 1569 569 libidinis
1604 529 1768 570 bellum

299 604 477 646 tentat.’'
542 604 712 644 Idcirco
754 604 907 645 solitus
940 611 1006 645 est
1038 606 1180 645 dicere
1218 605 1357 644 abbas
1390 604 1584 655 Joannes
1616 617 1769 644 mona-

299 679 430 720 chum
469 678 656 718 similem
693 679 785 730 ejus
823 693 916 719 esse
951 680 1120 728 debere,
1156 680 1230 732 qui
1266 693 1291 719 a
1328 679 1513 718 sinistris
1551 678 1709 730 ignem,
1743 692 1769 718 a

299 754 468 794 dextris
491 767 651 805 aquam
675 753 863 803 habeat;
897 760 945 793 ut
967 755 1138 806 quoties
1161 767 1396 793 succensus
1419 752 1552 792 fuerit
1576 752 1769 792 libidinis

300 829 424 880 ignis,
447 833 653 880 prompta
685 828 740 867 sit
773 829 982 867 orationis
1014 842 1140 880 aqua,
1166 828 1283 868 unde
1315 828 1351 867 is
1384 828 1525 880 possit
1556 827 1768 878 extingui.

301 903 463 942 Narrat
495 901 628 940 etiam
663 901 709 940 B.
732 901 953 952 Jordanus
987 902 1140 942 Saxon
1171 902 1325 953 virgini
1362 901 1549 949 cuidam,
1583 914 1681 952 quae
1715 900 1770 940 ab

301 976 459 1029 angelo
492 981 647 1014 satana
688 988 765 1027 per
806 976 946 1014 carnis
984 975 1185 1015 stimulos
1219 975 1592 1027 colaphizabatur,
1628 974 1770 1014 visum

301 1063 395 1090 esse
448 1049 561 1087 inter
612 1048 826 1087 orandum
869 1054 1070 1088 sanctum
1118 1048 1325 1101 angelum
1381 1048 1442 1086 ita
1490 1052 1772 1086 monentem:

301 1123 438 1163 Visne
480 1122 535 1162 ab
577 1121 659 1161 hac
702 1121 902 1162 molestia
945 1122 1147 1163 liberari?
1231 1122 1343 1162 Cum
1387 1121 1460 1161 illa
1502 1135 1548 1160 se
1586 1120 1774 1173 pervelle

302 1198 500 1244 dixisset,
554 1203 647 1236 tum
715 1196 924 1249 angelus:
979 1196 1165 1249 Quoties
1207 1203 1251 1236 te
1318 1196 1526 1235 invaserit
1583 1195 1777 1234 libidinis

303 1278 448 1319 aestus,
488 1271 621 1310 recita
657 1284 830 1310 versum
874 1271 1008 1319 illum,
1048 1271 1274 1323 “Confige
1312 1271 1469 1310 timore
1504 1275 1581 1309 tuo
1624 1282 1775 1309 carnes

305 1360 436 1395 meas,
470 1359 495 1385 a
521 1345 697 1397 judiciis
727 1346 842 1385 enim
871 1347 957 1386 tuis
979 1345 1165 1394 timui‚''l
1198 1344 1317 1397 quod
1351 1358 1450 1384 cum
1484 1343 1557 1383 illa
1590 1342 1774 1391 fecisset,

305 1433 482 1461 omnem
535 1420 685 1459 statim
739 1420 1041 1472 conquievisse
1098 1419 1338 1459 libidinem.
1431 1417 1590 1457 Altera
1642 1418 1775 1456 etiam

306 1494 416 1534 ratio
457 1498 605 1545 potest
648 1507 741 1533 esse
784 1507 858 1533 cur
899 1493 955 1533 ad
1000 1495 1249 1534 castitatem
1293 1492 1439 1533 valeat
1481 1491 1632 1540 oratio,
1676 1490 1777 1542 quia

307 1583 384 1621 per
421 1581 518 1607 eam
559 1581 670 1607 unus
703 1568 887 1608 efficitur
919 1569 1096 1621 spiritus
1129 1582 1229 1608 cum
1266 1568 1364 1607 Deo
1398 1568 1434 1606 is
1466 1567 1540 1618 qui
1575 1570 1696 1613 orat;
1730 1571 1777 1605 ut

306 1648 455 1683 autem
488 1642 596 1694 “qui
630 1642 825 1682 adhaeret
856 1643 1081 1690 mcretricL
1114 1656 1248 1681 unum
1279 1655 1436 1693 corpus
1470 1637 1689 1688 efficitur?
1714 1639 1775 1679 ita

310 1717 421 1768 “qui
472 1715 668 1755 adhaeret
712 1716 917 1765 Domino,
957 1730 1068 1756 unus
1110 1717 1286 1769 spiritus
1329 1712 1457 1764 65’[,ΝΞ
1507 1713 1688 1765 ejusque
1737 1717 1780 1752 et

309 1791 470 1831 domus
508 1795 551 1828 et
586 1790 802 1842 templum
842 1797 919 1831 est.
997 1791 1073 1830 Ad
1112 1791 1321 1830 orationis
1365 1802 1494 1842 porro
1537 1801 1675 1840 genus
1707 1785 1779 1827 illa

310 1877 486 1917 quoque
510 1863 763 1903 referuntur.

400 1938 606 1985 Primum,
640 1939 852 1978 memoria
894 1939 990 1987 Dei,
1029 1939 1253 1991 divinique
1295 1942 1583 1990 conspectus3
1629 1950 1781 1988 quam-

312 2026 446 2066 quam
471 2012 586 2051 enim
620 2012 739 2052 nulla
771 2013 827 2052 ad
861 2014 1007 2053 Deum
1043 2014 1243 2054 mittatur
1265 2027 1366 2062 VOX,
1391 2017 1540 2051 tamen
1570 2012 1781 2063 cogitatio

314 2088 409 2140 ipsa
440 2085 614 2125 Divinae
644 2088 890 2138 praesentiae
914 2088 1042 2128 valde
1073 2102 1151 2128 nos
1181 2088 1377 2127 continet
1407 2087 1450 2125 in
1483 2084 1636 2134 officio,
1660 2084 1783 2137 fugat

315 2161 431 2202 enim
455 2173 633 2200 omnem
656 2160 849 2201 libidinis
871 2162 938 2201 vel
965 2162 1178 2210 intimam,
1203 2162 1489 2212 maximeque
1512 2158 1782 2198 reconditam

316 2234 604 2286 voluptatem.
648 2234 947 2287 Augustinus:
982 2236 1374 2288 “Quotiescunque
1397 2246 1586 2285 nequam
1610 2232 1786 2284 spiritus

317 2308 467 2348 illicita
497 2321 685 2359 quaeque
714 2311 990 2362 suggesserit,
1020 2310 1322 2350 vehementior
1353 2306 1599 2348 incubuerit
1630 2310 1784 2354 aestus;

316 2381 453 2430 illum,
484 2381 556 2433 qui
590 2388 808 2422 scrutatur
838 2384 971 2424 corda
1001 2391 1043 2423 et
1076 2398 1209 2433 renes,
1245 2383 1353 2423 scito
1386 2395 1481 2421 esse
1509 2384 1785 2432 praesentem,

319 2461 362 2496 et
396 2455 477 2494 sub
512 2454 605 2506 ejus
639 2455 788 2496 oculos
823 2471 917 2497 esse
949 2458 1163 2510 quidquid
1196 2458 1300 2510 agiS‚
1331 2455 1399 2496 vel
1437 2451 1665 2506 cogitas.’'3
1727 2452 1787 2493 Et

320 2530 367 2570 B.
393 2529 556 2569 Isaias:
591 2532 612 2548 “
628 2529 674 2570 Si
697 2530 814 2580 tibi‚”
838 2531 990 2584 inquit,
1014 2532 1093 2571 “in
1123 2531 1277 2572 cellula
1300 2527 1591 2570 commoranti
1620 2527 1788 2567 semina

319 2603 603 2657 turpitudinis
636 2605 680 2644 in
713 2605 842 2645 corde
875 2620 1024 2658 sparsa
1058 2606 1227 2654 suerint,
1251 2605 1356 2645 totis
1377 2603 1539 2643 viribus
1569 2600 1787 2641 contende

321 2692 375 2719 ne
417 2678 677 2727 coalescant,
721 2685 853 2732 atque
895 2681 1112 2733 imperent
1154 2679 1294 2720 tibif'4
1357 2677 1598 2719 Considera
1640 2675 1784 2715 Deum

323 2767 418 2794 6556
459 2759 734 2806 praesentem,
778 2754 902 2806 cujus
943 2754 1078 2794 oculis
1124 2761 1278 2807 patent
1319 2768 1370 2794 ea
1411 2766 1510 2805 quae
1562 2751 1605 2790 in
1657 2748 1785 2788 corde

321 2827 524 2880 loqueris,
548 2828 609 2867 sic
638 2828 769 2880 igitur
798 2829 990 2868 animam
1022 2834 1143 2869 tuam
1175 2829 1422 2880 alloquere:
1457 2827 1502 2868 Si
1530 2825 1593 2866 tui
1623 2822 1786 2863 similes

432 2917 443 2936 ¹
468 2918 553 2951 Psal.
578 2918 647 2950 118.
741 2917 754 2936 ²³
781 2927 806 2950 1.
829 2919 904 2950 Cor.
926 2919 954 2949 6.
1049 2918 1061 2937 3
1086 2920 1141 2950 Ad
1167 2920 1276 2950 Soror.
1304 2929 1330 2950 c.
1352 2924 1403 2958 25.
1496 2916 1509 2934 4
1534 2916 1624 2948 Orat.
1644 2923 1675 2954 4.
