1903 3197
473 178 552 224 De
583 176 829 223 moderata
863 175 1074 237 corporis
1108 190 1239 221 cura.
1493 187 1550 231 41
1568 188 1584 218 1

129 311 307 366 ipsum,''
332 311 483 363 inquit,
509 312 532 330 “
548 314 735 358 accusat,
758 308 832 360 qui
858 307 1034 360 proprio
1064 306 1281 346 desiderio
1303 304 1422 358 quod
1446 304 1588 353 faciat,

129 386 278 438 eligit;
320 385 508 438 primum
541 383 718 436 quidem
751 381 870 434 quod
912 381 993 421 sibi
1036 380 1180 420 adhuc
1211 379 1395 432 placeat,
1429 378 1589 418 deinde

129 458 247 511 quod
283 458 352 498 vel
389 456 541 498 mundi
577 455 773 509 gloriam,
802 453 871 494 vel
907 453 1075 493 lucrum
1113 452 1292 505 aliquod
1323 457 1481 504 speret,
1513 456 1590 491 aut

127 532 246 573 aliud
279 531 506 584 quidpiam
537 529 626 570 tale
657 533 836 582 spectet,
870 527 993 579 cujus
1026 526 1168 578 gratia
1200 526 1244 565 id
1276 525 1447 565 artificii
1471 524 1590 577 quod

129 606 261 658 eligit,
296 605 497 653 affectet;
531 608 606 643 aut
639 608 756 642 certe
789 606 968 654 propter
1001 599 1224 652 pigritiam
1260 612 1310 638 ac
1345 598 1588 650 segnitiem,

130 679 248 732 quod
282 678 449 719 facilius
481 683 547 717 est
568 673 834 729 praeferat.”l
899 674 1012 713 Haec
1036 678 1185 712 autem
1218 671 1324 711 dicit
1352 684 1446 710 esse
1468 670 1593 722 signa

129 752 319 792 hominis
348 751 421 803 qui
451 749 647 789 nondum
671 762 716 788 se
739 749 881 801 ipsum
911 746 1158 798 abnegavit,
1184 757 1326 796 neque
1352 744 1441 783 suis
1463 742 1594 782 affec-

129 825 320 866 tionibus
353 823 608 875 mundoque
630 822 910 868 renunciavit,
936 833 1014 860 nec
1037 818 1236 859 membra
1266 831 1344 857 sua
1372 830 1471 869 quae
1493 822 1594 856 sunt

129 913 260 952 super
290 905 450 939 terram
474 896 761 938 mortificavit.
826 896 886 935 Et
907 907 1006 934 vere
1034 893 1136 933 hinc
1165 892 1360 932 maxime
1386 890 1594 930 obedien-

130 973 204 1013 tiae
245 973 381 1013 virtus
424 972 684 1024 agnoscitur,
732 970 767 1009 si
819 968 938 1009 nulla
988 981 1079 1007 suae
1130 964 1393 1006 valetudinis
1444 964 1596 1004 habita

131 1047 309 1094 ratione,
353 1047 396 1085 in
438 1059 490 1085 eo
531 1059 578 1084 se
618 1045 804 1096 quisque
854 1041 1037 1082 artificio
1089 1046 1166 1080 aut
1216 1039 1358 1079 officio
1410 1038 1595 1078 libenter

132 1125 336 1160 exerceat
373 1133 423 1159 ac
464 1119 557 1158 sine
598 1117 869 1157 recusatione
911 1114 1129 1167 suscipiat,
1175 1112 1295 1165 quod
1337 1111 1473 1152 semel
1515 1112 1596 1151 im-

130 1194 324 1245 positum
366 1198 441 1240 est,
485 1192 575 1231 sive
618 1190 725 1230 illud
778 1188 964 1230 arduum
1016 1193 1060 1228 et
1112 1199 1345 1239 operosum
1395 1186 1463 1235 sit,
1506 1185 1595 1225 sive

129 1265 374 1318 jucundum
406 1279 457 1305 ac
489 1263 623 1304 facile.

376 1534 402 1590 ξ
435 1544 598 1576 2.-—DE
631 1542 905 1574 MODERATA
939 1540 1178 1572 CORPORIS
1211 1539 1354 1571 CURA.

228 1643 457 1683 Hactenus
494 1641 549 1680 de
585 1654 647 1690 eo,
692 1639 810 1693 quod
853 1639 994 1692 primo
1037 1638 1133 1678 loco
1175 1636 1451 1690 propositum
1495 1640 1598 1675 erat.

139 1718 346 1770 Sequitur
386 1715 582 1764 alterum,
625 1714 744 1766 quod
787 1714 842 1753 ad
886 1713 1160 1752 moderatam
1206 1710 1399 1763 corporis
1449 1721 1598 1749 curam

138 1796 316 1846 spectat.
387 1790 452 1830 Ut
493 1789 609 1828 enim
652 1787 921 1828 Constitutio
954 1787 1134 1826 nimiam
1167 1785 1358 1837 corporis
1393 1783 1600 1823 sollicitu-

141 1866 289 1907 dinem
331 1862 620 1916 reprehendit,
674 1862 735 1901 ita
786 1861 938 1900 laudat
980 1860 1254 1900 moderatam
1306 1858 1399 1910 ejus
1448 1856 1600 1897 tuendi

139 1952 288 1981 curam
324 1943 503 1990 propter
540 1936 696 1975 Deum.
762 1934 875 1975 Sunt
911 1934 1027 1974 enim
1067 1931 1407 1973 Constitutionis
1442 1930 1601 1970 verba:

141 2014 249 2054 “Ita
280 2025 382 2052 cura
414 2010 642 2050 moderata
672 2008 850 2048 tuendae
872 2008 928 2048 ad
956 2007 1167 2047 Divinum
1200 2005 1460 2058 obsequium
1486 2004 1603 2044 vale-

141 2087 305 2128 tudinis
347 2100 397 2126 ac
433 2085 588 2124 virium
631 2083 833 2136 corporis,
873 2082 1002 2122 laude
1038 2082 1172 2134 digna
1213 2086 1257 2120 et
1299 2080 1354 2120 ab
1396 2078 1603 2119 omnibus

142 2159 394 2202 adhibenda
430 2156 530 2198 est.’'
601 2156 762 2197 Curam
800 2156 916 2195 dixit
953 2156 1239 2203 moderatam,
1277 2159 1325 2193 ut
1362 2157 1604 2205 opponeret

142 2232 424 2275 sollicitudini
462 2232 617 2271 nimiae.
680 2230 880 2270 Tuendae
917 2235 1076 2279 autem,
1111 2242 1199 2268 non
1236 2226 1462 2280 augendae,
1502 2225 1605 2278 quia

142 2309 248 2349 satis
280 2314 345 2347 est
377 2307 420 2346 in
453 2306 617 2345 Divino
658 2303 872 2344 famulatu
904 2303 1095 2343 versanti
1136 2302 1247 2342 tueri
1279 2314 1330 2341 ac
1361 2304 1606 2340 sustentare

142 2381 452 2428 valetudinem,
496 2392 584 2419 non
626 2391 795 2431 augere.
853 2376 1073 2417 Addidit:
1115 2389 1165 2416 ac
1205 2375 1362 2415 virium
1400 2372 1604 2426 corporis,

145 2455 259 2507 quia,
294 2459 342 2494 ut
375 2454 453 2493 ait·
471 2452 702 2493 Clemens:
746 2451 936 2504 “Ipsum
970 2451 1113 2490 vivere
1147 2463 1204 2489 ex
1239 2448 1411 2489 duobus
1445 2446 1606 2487 consti-

146 2528 293 2575 tuitur,
329 2527 516 2566 sanitate
550 2532 593 2565 et
626 2523 846 2565 viribus.’'2
908 2524 1059 2564 Potest
1088 2524 1205 2563 enim
1234 2522 1452 2575 quispiam
1487 2532 1606 2560 com-

147 2599 281 2641 moda
315 2599 566 2640 valetudine
602 2599 676 2647 uti,
715 2604 759 2638 et
794 2604 943 2638 tamen
980 2596 1270 2637 imbecillibus
1302 2609 1397 2635 esse
1431 2594 1607 2643 viribus,

148 2680 197 2714 ut
218 2687 306 2713 non
329 2673 416 2712 sint
437 2673 542 2712 satis
564 2672 722 2712 debitis
752 2672 1003 2712 muneribus
1033 2671 1272 2719 obeundis;
1305 2670 1404 2708 ideo
1430 2666 1606 2707 tuendae

150 2761 249 2800 quae
281 2746 419 2786 firmae
450 2745 622 2795 fuerint,
645 2759 699 2785 ne
732 2745 971 2785 reddantur
1001 2744 1194 2784 infirmae.
1257 2740 1483 2793 Adjunxit
1514 2738 1608 2791 ejus

152 2821 211 2860 rei
248 2820 392 2868 finem,
427 2819 636 2859 Divinum
668 2818 938 2871 obsequium.
1003 2817 1120 2857 Nam
1158 2817 1192 2856 si
1230 2815 1327 2868 quis
1362 2828 1441 2854 sua
1477 2825 1608 2853 causa

527 2906 540 2926 1
566 2908 677 2940 Ascet.
698 2918 724 2940 c.
741 2916 794 2948 41.
959 2905 973 2925 ²
997 2906 1128 2947 Paedag.
1148 2905 1170 2938 1.
1191 2913 1220 2936 2.
