1903 3197
291 212 352 259 70
758 199 838 244 De
872 198 1121 245 Socz'ctatz's
1156 198 1209 243 F
1204 199 1256 245 in
1261 216 1291 244 e.

287 333 500 385 obsequio
533 333 597 372 sui
631 332 825 385 corporis
858 333 1004 381 oritur,
1027 332 1186 385 partim
1210 345 1268 372 ex
1291 331 1439 383 aliquo
1462 331 1575 371 fastu
1610 344 1758 383 super-

286 408 382 457 biae,
437 420 540 447 nam
593 420 735 459 neque
786 407 859 458 qui
913 419 1086 446 carnem
1147 419 1271 446 suam
1332 406 1438 455 odit,
1491 418 1633 458 neque
1684 405 1758 457 qui

284 480 579 522 humilitatem
613 481 820 534 possidet,
845 480 1005 521 laboris
1032 486 1202 521 recusat
1224 493 1344 520 onus
1409 478 1618 532 Quisquis
1641 479 1757 519 enim

285 555 462 596 humilis
505 562 582 605 est,
625 569 796 595 memor
838 554 1098 595 delictorum
1141 568 1329 603 suorum,
1372 553 1667 594 humilitatem
1715 560 1759 594 et

286 629 483 671 laborem
507 629 800 682 amplectitur,
820 635 867 669 ut
888 629 1029 682 possit
1051 629 1195 669 dicere
1217 641 1316 668 cum
1339 627 1555 681 propheta
1568 626 1592 668 1¹.
1616 627 1760 667 “Vide

286 704 584 746 humilitatem
616 718 774 753 meam,
799 711 842 744 et
872 703 1069 744 laborem
1100 716 1259 751 meum,
1285 709 1328 743 et
1357 703 1531 742 dimitte
1562 702 1761 742 universa

286 779 447 820 delicta
480 778 614 819 mea.”
678 779 828 818 Labor
856 779 1022 831 quippe
1055 777 1199 817 reddit
1228 776 1439 817 humilem
1467 777 1680 827 animam,
1713 782 1761 816 ut

287 853 366 895 SS.
393 853 544 893 Patres
579 858 807 902 testantur,
841 858 884 893 et
917 866 974 892 ex
1014 852 1163 892 labore
1196 857 1239 891 et
1270 851 1519 892 humilitate
1562 850 1760 891 remissio

286 928 337 969 fit
361 934 653 981 peccatorum.
718 928 778 967 Et
807 927 880 979 qui
911 940 1086 967 carnem
1121 939 1244 966 suam
1277 925 1503 974 odit,'eam
1537 925 1761 965 laboribus

287 1003 448 1051 atterit,
487 1008 534 1042 ut
575 1001 765 1042 faciebat
809 1000 980 1049 Paulus,
1019 1000 1091 1052 qui
1130 1013 1289 1052 corpus
1326 1013 1453 1039 suum
1496 1013 1583 1039 non
1627 1001 1761 1040 modo

287 1078 433 1117 inedia
455 1082 497 1117 et
520 1077 647 1125 fame,
670 1089 821 1115 verum
852 1075 985 1115 etiarn
1018 1073 1217 1126 plurimis
1249 1073 1472 1113 laboribus
1501 1073 1760 1126 castigabat.

288 1151 487 1192 Tertium
526 1156 674 1190 autem
709 1148 828 1202 quod
865 1153 931 1189 est
972 1161 1202 1188 munerum
1241 1147 1570 1200 officiorumque
1613 1147 1763 1188 incon-

287 1232 410 1267 stans
447 1226 645 1275 varietas,
683 1237 738 1264 ne
776 1223 819 1263 id
863 1222 1042 1276 quidem
1080 1221 1176 1262 loco
1214 1235 1391 1262 movere
1429 1236 1509 1262 nos
1547 1221 1690 1271 debet,
1727 1222 1763 1262 si

287 1300 467 1354 quidem
520 1300 563 1339 in
606 1313 657 1339 eo
700 1311 863 1351 magna
903 1297 968 1337 vis
1011 1297 1266 1337 meritorum
1309 1297 1393 1336 sita
1436 1303 1511 1337 est.
1577 1296 1675 1336 Irno
1720 1295 1765 1336 id

289 1374 524 1416 Societatis
548 1381 613 1414 est
643 1373 879 1426 proprium,
904 1378 952 1412 ut
973 1371 1351 1424 quemadmodum
1374 1371 1556 1410 minime
1578 1371 1767 1411 afficitur

289 1450 408 1499 locis,
444 1449 506 1489 ita
540 1462 619 1488 nec
657 1447 921 1488 muneribus.
987 1445 1236 1499 Repetendi
1275 1450 1377 1485 sunt
1412 1445 1625 1485 memoria
1657 1445 1766 1485 varii

294 1524 341 1563 B.
388 1524 566 1563 Mennae
609 1522 792 1570 labores,
844 1533 974 1574 quem
1028 1519 1177 1561 scribit
1216 1517 1483 1568 ,Climacusst'
1533 1519 1768 1572 sexaginta

290 1611 429 1651 prope
480 1610 620 1637 annos
673 1596 716 1635 in
770 1595 938 1636 cunctis
982 1594 1046 1634 sui
1090 1593 1280 1634 coenobii
1335 1592 1589 1633 muneribus
1632 1592 1767 1633 fuisse

290 1678 523 1712 versatum.
590 1670 746 1722 quue
768 1668 976 1709 defuncto
998 1667 1305 1708 suavissimum
1330 1682 1388 1707 ex
1410 1666 1504 1720 ejus
1534 1666 1767 1720 sepulchro

291 1746 475 1786 odorem
518 1745 750 1794 extitisse;
804 1757 891 1796 quo
935 1742 1158 1796 patefacto
1212 1743 1410 1782 inventas
1453 1755 1548 1781 esse
1599 1741 1766 1795 pedum

290 1819 466 1873 plantas
489 1824 764 1872 unguentum
783 1817 957 1858 mittere
975 1817 1229 1870 pretiosum,
1249 1821 1384 1856 testes
1403 1815 1613 1856 sudorum
1631 1821 1766 1869 atque

292 1892 504 1934 laborum.
570 1891 682 1932 Haec
714 1897 759 1931 et
791 1890 952 1931 similia
984 1890 1248 1938 meminisse,
1282 1889 1445 1929 laboris
1474 1888 1767 1940 tolerantiam,

294 1980 382 2008 non
420 1967 570 2020 fugam
612 1965 779 2006 suadet.
864 1963 1134 2017 Quanquam
1176 1963 1233 2004 ad
1275 1962 1540 2004 levationem
1594 1962 1768 2014 laboris,

293 2040 400 2095 quid
422 2041 636 2081 charitate
657 2039 950 2094 praestantius,
974 2053 1073 2091 quae
1096 2037 1245 2078 omnia
1269 2037 1413 2077 reddit
1435 2036 1610 2077 facilia?
1659 2037 1767 2078 Ideo

295 2116 546 2157 Bernardus
588 2112 936 2155 Claravallenses
980 2126 1082 2152 suos
1125 2118 1172 2152 ut
1222 2112 1266 2151 in
1309 2110 1523 2151 charitate
1564 2110 1768 2161 serviant,

295 2189 506 2238 hortatur,
542 2190 679 2240 “quae
721 2185 961 2236 timorem,'’
1002 2186 1155 2239 inquit,
1193 2184 1426 2238 “expellit,
1464 2184 1636 2225 labores
1681 2198 1769 2226 non

297 2260 493 2303 sentit.’'3
555 2260 645 2302 Sed
678 2261 734 2301 de
766 2260 926 2301 laboris
959 2260 1174 2313 patientia
1207 2259 1310 2299 alibi
1344 2259 1491 2299 fusius.

385 2335 527 2377 Sexta
589 2334 790 2375 mutandi
842 2340 918 2374 aut
969 2347 1057 2374 non
1111 2332 1311 2374 mutandi
1370 2332 1452 2373 loci
1516 2346 1646 2373 causa
1702 2338 1770 2373 est

297 2409 519 2459 valetudo,
567 2423 666 2461 quae
719 2407 909 2461 quidem,
963 2408 997 2448 si
1051 2407 1283 2461 peregrino
1334 2406 1448 2447 coelo
1499 2419 1598 2446 vere
1646 2404 1769 2446 laedi-

296 2490 378 2534 tur,
425 2482 594 2536 justam
645 2482 780 2522 habet
831 2481 1178 2522 excusationem.
1268 2480 1359 2521 Sed
1411 2479 1655 2520 cavendum
1713 2492 1768 2520 ne

297 2563 459 2599 nostrae
494 2556 760 2597 mollitudini
800 2555 1119 2609 indulgeamus,
1152 2561 1196 2595 et
1233 2567 1332 2594 cum
1365 2553 1451 2594 alia
1488 2553 1590 2594 insit
1621 2566 1766 2602 causa,

297 2631 597 2673 valetudinem
639 2635 951 2684 praetexamus.
1016 2629 1062 2670 Si
1105 2641 1206 2669 vere
1247 2627 1409 2668 coelum
1451 2627 1598 2676 officit,
1633 2627 1768 2680 justa,

297 2707 490 2760 inquam,
543 2718 676 2746 causa
727 2710 793 2745 est
844 2708 888 2744 et
938 2702 995 2743 ad
1057 2701 1312 2756 Superiores
1373 2701 1612 2751 referenda,
1663 2713 1767 2741 con-

296 2781 414 2822 sulto
479 2779 598 2833 prius
663 2791 742 2832 per
806 2776 1050 2818 orationem
1116 2775 1247 2825 Deo;
1311 2774 1471 2816 deinde
1535 2774 1766 2824 silendum,

297 2852 733 2904 existimandumque
769 2850 983 2904 quidquid
1028 2849 1088 2889 illi
1130 2848 1372 2898 statuerint,
1414 2853 1629 2890 statutum
1673 2860 1768 2888 esse

556 2942 566 2962 1
596 2943 646 2975 Ps.
666 2950 717 2983 ²4·
940 2939 954 2959 2
979 2940 1036 2972 Gr.
1055 2948 1086 2980 4.
1309 2937 1322 2957 ⁸
1346 2938 1408 2980 Ep.
1435 2945 1503 2979 143.
