1903 3197
310 238 399 282 166
628 233 709 279 De
741 232 932 278 ratione
967 232 1159 279 vivendi
1192 232 1452 279 Socz'elatz‘S.

302 369 409 409 tiam
454 365 858 407 manifestationem
903 366 1076 420 proprie
1118 366 1291 407 videtur
1332 365 1553 418 amplecti,
1596 367 1773 407 tametsi

301 442 502 495 primam,
529 446 575 480 ut
599 440 806 490 diximus,
838 454 925 481 non
953 440 1175 489 excludat,
1201 453 1300 480 cum
1330 439 1598 488 adverbium,
1623 442 1773 492 “prae-

303 515 453 556 sertim
469 513 489 529 ”
514 513 677 564 addat,
711 520 858 567 potest
885 514 1001 555 enim
1026 528 1120 555 esse
1143 514 1359 566 ejusmodi
1385 527 1527 562 causa,
1552 519 1599 554 ut
1620 513 1774 554 volun-

303 589 414 630 taria
457 588 756 628 manifestatio
803 588 1081 641 praetermitti
1130 588 1222 628 sinc
1269 594 1451 640 peccato
1494 601 1580 627 non
1624 588 1774 640 possit,

304 669 352 704 ut
389 669 589 716 tempore
632 663 915 703 correctionis
958 662 1171 703 fraternae.
1252 662 1392 715 Copia
1434 667 1583 702 tamen
1626 662 1775 714 ampla

306 737 618 777 manifestandi
654 736 796 776 aliena
834 736 949 776 ultro
982 736 1144 776 delicta
1181 749 1267 776 non
1307 736 1367 786 fit,
1401 735 1586 776 facultas
1625 741 1774 776 autem

303 811 451 864 aliqua
484 811 624 859 datur,
659 811 766 851 dum
799 811 1069 858 adverbium,
1104 809 1416 863 “praese1·tim,’'
1450 811 1635 851 additur.
1701 810 1775 849 Ex

305 899 393 939 quo
436 885 570 925 etiam
614 884 720 925 illud
763 884 969 936 sequitur,
1013 898 1098 924 non
1144 884 1272 924 licere
1314 885 1518 937 cuiquam
1563 884 1774 926 curiosius

304 958 487 1000 fratrum
541 959 802 1011 perscrutari
857 958 1028 1007 delicta,
1082 964 1129 998 ut
1185 958 1438 1010 Praepositis
1499 959 1774 999 indicentur:

304 1034 381 1074 sed
413 1034 447 1073 si
481 1033 701 1073 incurrant
725 1033 767 1072 in
798 1032 959 1081 oculos,
984 1045 1167 1084 seseque
1197 1032 1355 1072 nostris
1386 1033 1634 1085 aspectibus
1662 1032 1775 1073 ultro

303 1107 526 1160 objiciant,
562 1111 604 1146 ct
636 1105 820 1158 alicujus
858 1106 990 1145 etiam
1025 1105 1258 1145 videantur
1294 1119 1389 1145 csse
1422 1106 1647 1154 momenti,
1679 1111 1774 1146 tum

304 1181 484 1221 demum
537 1184 745 1232 poterunt
792 1179 984 1218 indicari.
1068 1179 1188 1219 Dicit
1241 1179 1356 1218 enim
1401 1178 1680 1232 Augustinus
1732 1179 1775 1219 in

305 1254 491 1307 Regula,
515 1267 615 1293 cum
639 1255 694 1294 de
718 1253 955 1293 indicanda
978 1252 1160 1305 alicujus
1184 1253 1225 1292 in
1249 1253 1503 1293 contuendo
1530 1253 1776 1306 petulantia

305 1328 576 1369 mentionem
600 1327 729 1368 facit:
784 1327 867 1368 “Si
895 1327 1019 1376 hanc,
1045 1328 1100 1368 de
1128 1341 1214 1380 qua
1242 1327 1408 1380 loquor,
1433 1327 1545 1368 oculi
1572 1328 1775 1381 petulan-

303 1403 411 1444 tiam
437 1404 478 1443 in
503 1403 651 1456 aliquo
673 1408 867 1443 vestrum
896 1403 1182 1450 adverteritis,
1207 1403 1357 1443 statim
1387 1403 1625 1443 admonete
1655 1402 1774 1450 etc.,''

304 1478 407 1519 “ubi
431 1477 742 1526 adverteritis‚'’
762 1478 922 1530 inquit:
952 1476 1076 1529 quasi
1100 1490 1214 1525 casu,
1236 1483 1278 1517 et
1302 1476 1493 1524 fortuito,
1513 1489 1600 1516 non
1624 1482 1773 1516 autem

305 1551 651 1599 observaveritis
676 1551 799 1604 quasi
825 1551 976 1591 dedita
998 1564 1131 1604 opera
1154 1565 1204 1590 ac
1227 1551 1386 1600 studio,
1411 1550 1491 1590 nisi
1516 1550 1558 1590 id
1584 1551 1776 1590 muneris

305 1625 361 1667 ad
400 1639 480 1666 nos
519 1631 698 1678 spectet.
776 1626 835 1665 Et
871 1624 1120 1665 Bernardus
1149 1625 1280 1664 etiam
1316 1624 1443 1676 jubet
1486 1637 1573 1664 non
1616 1624 1777 1664 debere

305 1714 385 1741 nos
418 1713 514 1740 esse
551 1699 745 1739 curiosos
787 1699 940 1739 alience
974 1698 1318 1738 conversationis
1350 1698 1666 1751 exploratores,
1700 1704 1777 1738 aut

300 1774 472 1828 judices
515 1772 800 1814 temerarios.1
864 1772 1082 1826 Quocirca
1130 1773 1374 1813 cavendum
1429 1778 1505 1820 est,
1551 1785 1615 1819 ne,
1668 1772 1773 1812 dum

306 1847 425 1888 fratri
459 1848 662 1887 volumus
694 1847 929 1887 indicando
960 1846 1181 1900 prodesse,
1206 1847 1408 1886 consulto
1439 1846 1481 1885 in
1513 1845 1606 1898 ejus
1638 1845 1775 1885 vitam

306 1922 587 1975 inquiramus.
654 1920 857 1962 Charitas
890 1921 1005 1961 enim
1041 1921 1083 1959 in
1117 1920 1257 1960 aliena
1290 1920 1407 1960 dicta
1436 1919 1505 1960 vel
1538 1920 1654 1959 facta
1687 1932 1774 1959 non

304 1995 492 2037 libenter
526 1995 716 2048 inquirit,
750 1995 829 2034 nisi
871 1994 1062 2034 muneris
1100 1994 1234 2034 nostri
1270 1994 1390 2042 ratio,
1423 1993 1491 2034 vel
1530 1992 1776 2046 Superioris

306 2070 561 2111 obedientia
594 2069 843 2122 compellat.

395 2143 602 2185 Secunda
624 2143 819 2184 conditio
842 2142 1061 2194 colligitur
1094 2143 1135 2181 in
1169 2155 1221 2181 eo
1244 2142 1397 2181 verbo:
1427 2138 1775 2181 “manifestare‘’

308 2217 411 2258 Non
435 2217 551 2257 enim
575 2216 682 2257 dicit
704 2229 920 2265 accusare,
937 2219 956 2234 “
971 2215 1048 2255 scd
1073 2214 1353 2255 manifestare
1376 2228 1422 2254 se
1445 2212 1668 2263 invicem,”
1687 2227 1776 2267 quo

306 2290 590 2343 significatur,
610 2290 652 2329 in
671 2289 917 2329 indicandis
940 2303 986 2329 se
1009 2294 1162 2328 mutuo
1186 2288 1405 2338 fratribus,
1420 2287 1664 2342 simplicem
1687 2288 1777 2328 cui-

306 2377 391 2417 que
413 2365 645 2404 veritatem
665 2376 759 2403 esse
776 2363 1055 2412 sectandam;
1079 2375 1166 2402 non
1191 2369 1338 2402 autem
1359 2361 1777 2415 amplificationibus

305 2437 532 2487 utendum,
556 2450 642 2477 non
677 2435 992 2485 mentiendum,
1017 2449 1103 2476 non
1139 2450 1218 2488 pro
1251 2437 1458 2489 opinione
1490 2435 1774 2489 loquendum,

306 2525 394 2553 non
431 2517 598 2552 temere
636 2511 879 2564 quidquam
918 2510 1214 2560 asserendum,
1246 2524 1296 2550 ac
1329 2523 1383 2550 ne
1415 2515 1562 2550 motus
1596 2508 1776 2562 quidem

304 2586 440 2626 animi
473 2585 824 2626 vehementiores
856 2584 1143 2633 adhibendos,
1183 2585 1258 2624 sed
1293 2583 1560 2637 simpliciter,
1586 2588 1633 2623 ut
1665 2582 1774 2632 dixi,

304 2673 396 2701 rem
421 2660 773 2700 enunciandam:
805 2658 888 2699 hoc
912 2664 978 2699 est
1011 2659 1126 2698 enim
1158 2658 1440 2698 manifestare
1467 2663 1510 2698 et
1543 2657 1776 2697 enunciare

307 2734 427 2787 quod
461 2734 581 2785 latet,
604 2733 812 2787 quodque
846 2734 957 2773 inest
985 2733 1028 2772 in
1051 2733 1145 2786 ipsa
1171 2746 1228 2783 re,
1253 2732 1359 2772 nihil
1383 2732 1588 2772 addendo
1611 2731 1777 2784 fingen-

305 2807 432 2850 dove.
498 2808 631 2862 Quod
669 2809 703 2849 si
745 2808 852 2848 nihil
895 2808 937 2847 in
976 2821 1020 2847 re
1058 2807 1153 2860 ipsa
1190 2808 1351 2857 subest,
1387 2813 1430 2847 ct
1468 2812 1617 2846 tamen
1654 2819 1705 2846 ac
1741 2805 1777 2844 si

306 2882 518 2934 subesset,
541 2883 747 2924 enunciat
764 2897 773 2934 ;
802 2882 894 2935 jam
919 2895 1006 2922 non
1030 2880 1313 2921 manifestare
1336 2886 1412 2922 aut
1434 2879 1675 2928 enunciare,
1698 2878 1777 2919 sed

862 2953 873 2973 1
900 2955 940 2985 In
958 2955 1053 2986 Cant.
1076 2955 1144 2986 Ser.
1165 2963 1218 2995 40.
