1903 3197
195 140 289 198 308
518 137 598 183 De
628 135 819 184 ratione
853 135 1047 182 vivendi
1079 134 1338 182 Socz'etatz's.

194 270 385 319 castitas,
428 274 477 309 ut
517 268 664 322 placet
712 267 979 321 Augustino,
1022 268 1159 308 virtus
1211 266 1418 319 quaedam
1470 265 1663 306 libidinis

194 344 411 396 impetum
473 342 554 382 sub
615 341 794 382 rationis
842 341 951 395 jugo
1003 341 1233 381 refrenans.
1308 339 1355 379 A
1405 339 1663 392 castigando

195 418 380 459 ductum
412 429 584 465 nomen,
609 421 657 456 ut
690 416 744 456 D.
761 414 948 456 Thomae
979 414 1134 468 placet,
1162 413 1280 466 quod
1310 412 1664 466 concupiscentia

195 503 275 544 per
304 490 521 531 rationem
554 489 802 542 castigetur,
836 501 975 541 eaque
1008 488 1051 527 in
1083 487 1243 536 animo,
1277 491 1327 526 ut
1358 486 1402 526 in
1433 485 1664 538 subject03

196 564 242 604 in
279 576 460 617 corpore
496 568 656 613 autem,
696 568 744 603 ut
780 562 824 602 in
862 562 1056 610 materia,
1091 565 1288 601 versatur
1308 572 1317 609 ;
1355 572 1515 612 nempe
1551 571 1664 609 cum,

196 636 440 678 secundum
473 636 653 677 rationis
685 635 912 688 judicium,
948 634 1174 675 moderate
1206 634 1343 674 utitur
1374 633 1665 674 exterioribus

198 710 418 751 membris.

285 783 390 823 Tria
419 795 548 836 porro
576 795 603 822 a
631 780 848 833 theologis
877 780 1093 821 castitatis
1122 793 1283 833 genera
1305 779 1664 832 distinguuntur:

199 870 335 898 unum
373 855 623 908 conjugum,
662 855 803 907 qualis
841 854 1058 894 Susannae
1100 853 1280 893 castitas
1321 852 1432 903 fuit;
1480 852 1666 893 alterum

197 929 440 977 viduarum,
479 927 621 981 qualis
657 926 804 967 Annae
847 925 1170 978 Prophetissae3
1217 925 1395 966 tertium
1435 925 1666 978 virginum,

199 1003 341 1056 qualis
374 1002 420 1042 B.
439 1001 604 1041 Mariae.
668 1001 842 1040 Bonum
877 999 1104 1048 Susannae‚
1133 1004 1182 1038 ut
1213 998 1274 1038 ait
1304 997 1594 1051 Augustinus,
1624 998 1668 1037 in

199 1074 420 1128 conjugali
450 1075 655 1115 castitate
683 1073 917 1114 laudamus
938 1086 947 1122 ;
981 1072 1058 1113 sed
1089 1077 1240 1112 tamen
1263 1072 1313 1121 ei,
1336 1071 1503 1112 bonum
1524 1070 1668 1111 viduae

198 1149 358 1198 Annae,
411 1162 463 1189 ac
514 1147 654 1188 multo
707 1147 848 1200 magis
901 1147 1056 1186 Mariae
1098 1145 1303 1199 Virginis,
1346 1145 1667 1199 anteponimus.

201 1222 415 1274 Intelligit
457 1221 590 1275 igitur
630 1226 779 1261 noster
821 1220 962 1270 Pater,
999 1220 1069 1260 vel
1107 1219 1162 1260 de
1199 1219 1403 1260 castitate
1438 1219 1667 1271 virginum,

198 1295 269 1336 vel
291 1295 347 1335 de
370 1306 422 1335 ea
444 1308 555 1347 quae,
576 1294 724 1347 aliquo
748 1294 883 1334 modo
906 1293 949 1333 in
971 1292 1194 1346 praeterito
1211 1291 1387 1339 violata,
1407 1291 1450 1331 in
1473 1291 1668 1332 futurum

198 1374 382 1410 vovetur
404 1374 448 1409 et
470 1373 751 1409 consecratur
773 1366 883 1407 Deo.

290 1441 484 1483 Castitas
519 1438 745 1493 virginalis
786 1439 843 1479 ab
885 1439 1042 1479 eodem
1081 1437 1336 1491 Augustino
1378 1437 1536 1477 dicitur
1576 1450 1672 1477 esse

201 1515 481 1563 continentia,
510 1526 599 1566 qua
637 1513 778 1553 carnis
815 1512 1043 1564 integritas
1082 1511 1163 1564 ipsi
1201 1510 1398 1551 Creatori
1433 1511 1593 1551 animae
1627 1516 1673 1551 et

201 1589 395 1642 corporis
436 1593 629 1635 vovetur,
673 1591 963 1634 consecratur,
1008 1590 1214 1625 servatur.
1292 1584 1396 1624 Duo
1436 1589 1585 1624 autem
1627 1583 1672 1623 in

201 1662 454 1715 virginitate
514 1665 646 1701 sunt:
714 1658 900 1699 alterum
963 1658 1190 1711 integritas
1252 1658 1423 1709 carnis;
1485 1657 1672 1698 alterum

202 1735 490 1789 propositum,
523 1738 628 1774 voto
660 1732 896 1782 firmatum,
928 1731 1155 1772 servandae
1194 1731 1419 1772 eastitatis.
1484 1731 1585 1771 Hoc
1616 1731 1674 1771 ad

203 1813 411 1856 mentem,
446 1806 553 1847 illud
585 1805 642 1846 ad
675 1818 833 1858 corpus
863 1805 1064 1858 pertinet.
1129 1804 1212 1845 Illa
1243 1804 1380 1844 semel
1411 1804 1583 1853 amissa,
1619 1816 1676 1844 ne

203 1894 282 1934 per
317 1880 563 1934 potentiam
601 1878 781 1932 quidem
819 1878 917 1928 Dei,
951 1878 1192 1930 recuperari
1225 1883 1382 1930 potest.
1445 1877 1521 1918 Sic
1557 1877 1674 1918 enim

206 1954 510 2007 Hieronymus
531 1953 588 1994 ad
612 1951 905 1993 Eustochium
925 1965 933 1991 :
968 1950 1270 2000 “Audacter,''
1294 1951 1446 2003 inquit,
1472 1954 1496 1971 “
1509 1950 1675 2004 loquar,

205 2041 305 2069 cum
349 2027 498 2068 omnia
538 2026 678 2080 possit
720 2026 843 2066 Deus
886 2025 1106 2074 suscitare,
1146 2038 1233 2065 non
1275 2029 1424 2078 potest
1462 2024 1676 2078 virginem

205 2107 309 2156 post
358 2099 566 2142 ruinam.'‘
646 2100 888 2152 Virginitas
939 2112 1042 2139 vero
1094 2099 1254 2138 mentis
1305 2098 1548 2151 recuperari
1599 2111 1678 2151 per

207 2175 516 2230 poenitentiam
549 2179 787 2226 actumque
817 2172 1067 2213 interiorem
1094 2176 1252 2224 potest,
1284 2171 1388 2224 quia
1418 2170 1512 2212 solo
1544 2171 1678 2212 etiam

208 2247 401 2289 interiori
433 2252 534 2287 actu
567 2245 831 2299 deperditur.
895 2244 1134 2285 Amittitur
1165 2245 1298 2284 etiam
1331 2243 1426 2284 sola
1450 2244 1679 2286 voluntate

210 2321 353 2363 carnis
384 2319 644 2372 integritas;
677 2330 792 2367 nam,
816 2318 851 2358 si
878 2330 956 2370 per
977 2318 1065 2358 vim
1096 2323 1172 2358 aut
1201 2318 1334 2358 etiam
1367 2330 1444 2370 per
1474 2330 1679 2358 somnum

211 2394 445 2444 auferatur,
475 2392 681 2446 perfectae
713 2391 928 2432 castitatis
961 2390 1165 2431 meritum
1189 2404 1276 2431 non
1298 2390 1544 2441 amittitur3
1577 2390 1680 2443 quia

213 2467 427 2522 pudicitia
447 2465 584 2507 virtus
612 2465 747 2506 animi
777 2470 853 2512 est,
878 2477 1066 2516 cumque
1096 2463 1231 2504 animi
1260 2464 1427 2504 bonum
1453 2465 1521 2513 sit,
1545 2463 1679 2504 etiam

216 2553 426 2595 oppresso
467 2552 545 2593 per
583 2539 674 2579 vim
716 2551 908 2592 corpore,
950 2538 1046 2590 ipsa
1087 2538 1257 2591 integra
1299 2543 1458 2578 manet.
1533 2536 1683 2590 Quare

218 2613 527 2668 Augustinus:
579 2611 714 2651 “Nec
764 2611 821 2651 de
871 2609 1059 2661 sancto,”
1102 2611 1255 2664 inquit,
1302 2613 1520 2664 “corpore
1570 2610 1685 2664 perit

219 2687 411 2736 castitas,
455 2686 557 2739 quia
598 2698 650 2726 eo
691 2690 843 2725 sancte
888 2684 1039 2725 utendi
1090 2690 1342 2738 perseverat
1382 2684 1596 2733 voluntas,
1639 2689 1685 2725 et

221 2766 435 2815 quantum
468 2760 512 2801 in
543 2760 639 2814 ipso
665 2763 732 2800 est
753 2758 885 2798 etiam
909 2757 1158 2799 facultas.’'1
1221 2758 1280 2800 Et
1301 2757 1440 2799 infra:
1475 2757 1685 2801 “Admo-

708 2845 721 2890 ἒ
744 2846 798 2880 De
815 2847 912 2880 Civit.
931 2847 997 2880 Dei
1013 2847 1032 2881 1.
1059 2855 1084 2880 1.
1106 2857 1132 2880 c.
1157 2846 1206 2880 18.
