1903 3197
609 149 687 194 De
719 148 1038 194 Poem'lem‘iis.
1468 159 1479 189 1
1493 159 1556 201 09

97 300 173 327 eas
195 284 397 332 evadant,
421 281 664 335 praesertim
687 293 786 332 quae
810 285 1083 318 reservantur
1101 279 1143 317 in
1166 279 1266 329 igne
1289 277 1555 330 purgatorio,

100 361 339 414 prudenter
360 357 441 397 sibi
474 356 555 408 ipsi
588 368 743 407 poenas
776 354 980 404 irrogant,
1005 359 1048 391 et
1070 358 1348 392 antevertant
1370 352 1555 400 divinas,

100 435 203 487 quia
237 431 407 484 “Quod
445 429 590 470 flendo
633 426 938 479 insequimur,''
972 432 1020 465 ut
1062 427 1178 465 idem
1214 425 1452 477 Gregorius
1484 426 1556 475 ait,

100 490 417 559 “nequaquam
454 503 579 543 nobis
614 516 638 542 a
672 507 855 541 venturo
886 501 1033 552 judice
1070 499 1238 539 homini
1277 499 1406 550 objici
1441 506 1556 539 certe

99 579 361 635 speratnus.''
438 575 711 618 Commodus
761 575 831 615 hic
873 588 1049 626 quoque
1101 573 1197 612 finis
1241 579 1317 622 est,
1361 587 1462 612 nam
1510 581 1557 613 ut

98 656 217 696 idem
252 654 293 695 S.
315 653 482 692 Doctor
511 651 554 689 in
588 649 831 689 Moralibus
863 649 950 688 ait:
995 648 1184 688 “Sancti
1208 646 1285 685 viri
1309 646 1448 698 culpis
1471 647 1558 685 suis

100 740 325 780 nunquam
368 726 510 765 sciunt
550 736 738 776 parcere,
782 729 830 762 ut
870 722 1040 774 possint
1085 720 1314 773 culparum
1362 719 1554 772 judicem

99 802 323 855 placatum
347 799 548 839 invenire.
614 798 730 837 Nam
755 797 829 849 qui
859 797 940 836 sibi
976 809 1089 835 nunc
1113 796 1154 834 in
1185 794 1315 846 culpa
1344 795 1493 846 parcit,
1519 795 1556 834 ei

99 876 386 929 postmodum
430 875 474 913 in
511 886 643 925 poena
685 885 771 911 non
814 870 1039 924 parcitur.”
1105 870 1163 909 Et
1199 870 1243 909 B.
1269 869 1558 922 Augustinus,

101 951 163 991 sic
194 949 376 989 orabat:
420 947 509 986 “In
542 946 624 986 hac
645 946 735 985 vita
764 959 924 998 purges
952 959 1032 992 me,
1059 951 1101 984 et
1123 943 1257 984 talem
1292 957 1361 983 me
1391 943 1560 990 reddas,

102 1025 170 1064 cui
201 1023 294 1075 jam
330 1020 628 1061 emendatiore
663 1020 763 1072 igne
798 1033 908 1071 opus
943 1033 1030 1059 non
1065 1017 1178 1058 sit.'’1
1290 1024 1307 1058 t
1339 1032 1442 1070 ergo
1480 1018 1560 1058 sibi

100 1103 305 1150 parcatur
346 1110 371 1135 a
424 1095 534 1143 Deo,
577 1107 731 1146 poenas
784 1092 844 1132 illi
897 1107 975 1133 sua
1025 1093 1252 1132 voluntate
1305 1092 1559 1145 suscipiunt.

99 1172 267 1212 Verum
305 1169 502 1209 nondum
545 1173 611 1207 est
645 1168 838 1219 optimus
881 1166 952 1206 ille
990 1167 1087 1206 finis
1122 1180 1253 1218 quem
1291 1166 1560 1207 Constitutio

101 1244 319 1298 significat
352 1243 456 1295 (non
489 1242 605 1280 enim
641 1241 746 1280 dicit
779 1241 834 1280 ad
867 1240 1142 1280 evadendam
1175 1254 1365 1293 poenam,
1395 1241 1472 1280 sed
1504 1241 1562 1281 ad

100 1318 276 1371 spiritus
327 1313 601 1368 profectum),
649 1313 873 1366 habetque
924 1314 1176 1353 admixtum
1239 1328 1434 1353 amorem
1498 1315 1563 1354 sui

101 1391 247 1445 ipsius,
291 1395 335 1429 et
376 1401 520 1441 poenae
565 1392 733 1426 metum
777 1401 907 1438 quem
961 1387 1156 1440 perfecta
1207 1387 1396 1427 charitas
1450 1387 1564 1428 foras

102 1466 259 1505 mittat.
342 1462 435 1502 Alii
488 1461 680 1513 denique
733 1462 1017 1513 poenitentias
1070 1461 1222 1500 crebro
1274 1461 1474 1511 subeunt,
1518 1468 1566 1502 ut

102 1538 303 1580 coelestes
345 1535 583 1576 suavitates
631 1536 942 1587 experiantur;
1001 1548 1109 1586 quas
1152 1535 1202 1574 iis
1244 1541 1419 1575 tantum
1472 1549 1566 1576 esse

105 1618 281 1667 paratas
325 1609 588 1662 intelligunt,
622 1609 696 1661 qui
730 1609 928 1648 sensibus
961 1615 1063 1648 sunt
1095 1609 1270 1656 inimici,
1305 1623 1568 1662 carnemque

105 1700 229 1728 suam
276 1690 471 1726 atterunt
518 1690 561 1723 et
610 1683 843 1735 affligunt:
896 1683 1113 1734 siquidem
1164 1683 1312 1723 divina
1354 1684 1570 1736 sapientia

105 1775 191 1802 non
235 1759 454 1800 invenitur
494 1757 536 1796 in
579 1763 694 1797 terra
737 1757 928 1796 suaviter
968 1757 1220 1797 viventium.
1305 1757 1567 1810 Noruntque

107 1835 216 1876 illud
262 1831 527 1883 Hieronymi
575 1830 630 1870 de
682 1843 728 1869 se
774 1830 869 1882 ipso
916 1831 1218 1870 testimonium
1271 1830 1568 1882 perhibentis:

106 1910 242 1962 “Ego
274 1903 566 1946 homunculus
598 1904 658 1943 sic
691 1903 899 1955 abjectus,
923 1904 984 1942 sic
1006 1903 1102 1943 vilis
1134 1904 1177 1942 in
1210 1904 1343 1943 domo
1373 1905 1568 1955 Domini,

107 1983 251 2024 adhue
279 1981 428 2020 vivens
462 1979 505 2018 in
537 1991 730 2031 corpore,
760 1977 1018 2030 angelorum
1052 1991 1169 2030 saepe
1204 1977 1346 2018 choris
1381 1979 1569 2029 interfui,

108 2058 163 2098 de
185 2053 403 2108 corporeis
426 2066 503 2105 per
524 2050 829 2091 hebdomadas
852 2050 958 2090 nihil
982 2052 1186 2100 sentiens,
1211 2052 1368 2091 divinae
1391 2053 1571 2093 visionis

106 2131 277 2172 intuitu.
341 2126 461 2180 Quid
503 2125 563 2165 ibi
606 2139 789 2165 manens
826 2125 1047 2165 felicitatis
1084 2125 1316 2174 habebam,
1355 2126 1461 2178 quid
1504 2127 1569 2167 in-

111 2202 365 2246 enarrabilis
402 2199 707 2240 delectationis
744 2197 1069 2239 sentiebam?'¹2
1129 2199 1195 2238 At
1226 2198 1321 2238 haec
1353 2200 1573 2241 dabantur

107 2277 287 2325 homini,
322 2275 396 2328 qui
439 2274 729 2322 durissimam,
760 2279 807 2313 ut
838 2271 1117 2325 Augustinus
1156 2272 1226 2320 ait,
1261 2273 1570 2325 poenitentiam

108 2350 299 2406 agebat.3
362 2349 414 2389 Id
457 2349 589 2400 igitur
631 2347 691 2386 illi
733 2360 833 2386 cum
876 2352 1066 2395 teneant,
1111 2347 1326 2387 alacritati
1382 2348 1570 2389 mirabili

111 2425 397 2481 poenitentias
419 2422 501 2462 sibi
525 2421 639 2461 ultro
661 2426 902 2461 assumunt.

195 2500 364 2540 Verum
406 2510 461 2536 116
501 2495 572 2535 hic
613 2495 791 2547 quidem
838 2494 937 2534 finis
979 2493 1050 2533 ille
1091 2494 1286 2546 optimus
1328 2500 1405 2545 est,
1438 2509 1569 2548 quem

114 2571 382 2615 Constitutio
419 2568 673 2622 praescribit,
713 2568 819 2608 dicit
856 2568 973 2607 enim
1011 2568 1104 2607 “ad
1143 2567 1356 2619 majorem
1394 2569 1571 2621 spiritus

110 2647 356 2702 profectum
374 2643 405 2684 :”
429 2655 684 2696 quanquam
706 2647 854 2682 autem
877 2641 1114 2694 spiritualis
1132 2641 1335 2694 voluptas
1357 2641 1492 2682 allicit
1513 2642 1570 2682 ad

110 2720 371 2776 profectum,
401 2723 552 2757 tamen
585 2729 673 2756 non
705 2716 749 2755 in
783 2729 836 2756 ea
869 2715 1010 2768 major
1042 2715 1219 2768 spiritus
1253 2714 1474 2767 profectus
1508 2721 1575 2756 est

285 2816 298 2836 1
324 2817 410 2857 Aug.
432 2815 467 2848 in
489 2814 609 2848 Psalm.
638 2820 690 2854 37.
861 2811 875 2831 2
901 2813 974 2844 Lib.
996 2812 1024 2844 8.
1046 2813 1080 2843 in
1103 2823 1168 2853 reg.
1190 2820 1279 2844 mon.
1300 2822 1326 2846 o.
1347 2811 1399 2845 26.

552 2864 567 2910 s
590 2866 648 2898 Ad
664 2865 795 2899 Fratres
811 2864 847 2897 in
864 2864 974 2898 Erem.
993 2864 1063 2897 Ser.
1080 2872 1132 2905 24.
