1903 3197
416 201 495 246 De
526 217 571 246 se
607 200 803 246 invicem
840 198 1210 259 mmas'festando.
1475 210 1525 255 17
1534 211 1558 255 3

88 337 256 379 caverit
289 337 330 376 in
373 341 415 375 te
459 334 591 374 frater
622 339 734 379 tuus,
757 332 870 370 vade
913 338 955 370 et
997 331 1163 382 corripe
1207 344 1306 369 eum
1353 330 1463 369 inter
1504 335 1558 375 te,

94 419 138 453 et
177 413 321 464 ipsum
360 408 537 452 solum?
577 404 674 446 etc.1
737 405 890 456 Atque
929 404 1090 443 idcirco
1125 403 1481 454 Blaugustinus,
1516 404 1556 442 in

95 485 281 538 Regula,
307 484 422 523 hunc
446 482 633 522 eundem
658 481 700 519 in
724 479 1005 518 admonendo
1029 479 1184 516 statuit
1211 477 1408 516 ordinem
1434 491 1440 515 z
1474 485 1493 495 “⁴
1515 477 1558 515 Si

93 559 241 607 hanef
267 558 419 610 inquit,
444 556 534 595 “de
565 568 650 606 qua
682 553 846 604 loquor,
876 551 987 591 oculi
1020 550 1310 603 petulantiam
1342 552 1382 589 in
1413 551 1559 602 aliquo

93 641 286 674 vestrum
323 629 606 678 adverteritis,
642 628 792 667 statim
828 627 1078 670 admonete,
1116 638 1168 663 ne
1203 631 1349 676 coepta
1385 638 1560 676 progre-

95 708 281 754 diantur,
324 706 399 745 sed
444 705 499 743 de
541 703 747 755 proximo
799 700 1080 751 corrigantur.
1162 698 1207 738 Si
1262 704 1409 736 autem
1463 705 1559 749 pest

96 780 442 822 admonitionem
481 778 649 823 iterum,
692 775 761 815 vel
805 775 889 814 alio
933 786 1198 825 quocunque
1241 772 1323 819 die,
1369 772 1558 824 idipsum

93 855 236 895 facere
272 852 478 899 videritis,
513 851 604 903 jam
642 849 761 889 velut
797 848 1072 887 vulneratum
1113 845 1359 885 sanandum
1404 846 1561 897 prodat

95 929 343 982 quicunque
365 926 447 966 hoc
470 925 661 978 potuerit
684 922 898 964 inveni1·i.'’
964 921 1179 973 Intelligit
1210 927 1358 959 autem
1386 919 1562 971 Augus-

91 1003 211 1043 tinus
234 1001 510 1055 prodendum
534 1006 577 1039 et
600 997 881 1038 indicandum
906 1010 999 1036 esse
1026 995 1280 1047 l'raeposito.
1324 994 1417 1034 Nec
1440 1008 1563 1033 secus

95 1076 294 1129 praecipit
329 1075 373 1114 B.
402 1073 654 1114 Dorotheus
689 1072 773 1124 qui,
804 1084 903 1111 cum
934 1072 988 1110 de
1025 1069 1180 1110 eadem
1221 1082 1264 1107 re
1301 1068 1562 1120 loqueretur,

93 1151 156 1190 ita
190 1149 404 1201 subjecit:
440 1148 544 1186 “Tu
575 1152 618 1186 te
648 1147 740 1198 ipse
770 1145 948 1185 fratrem
980 1143 1212 1196 compella,
1243 1155 1343 1182 cum
1375 1142 1564 1181 benevo-

93 1224 229 1264 lentia
271 1230 313 1263 et
357 1222 692 1262 mansuetudine
734 1221 894 1267 dicenS,
936 1219 1006 1258 Da
1049 1217 1223 1257 veniam
1268 1217 1459 1263 obsecro,
1505 1217 1560 1254 mi

96 1298 237 1346 frater,
279 1297 407 1335 video
450 1295 568 1347 quod
612 1294 693 1333 lio-c
737 1293 795 1332 rei
839 1293 930 1332 sine
974 1292 1109 1331 dubio
1153 1304 1239 1330 non
1283 1291 1394 1330 bene
1447 1303 1560 1341 agas.

97 1370 229 1423 Quod
265 1371 298 1409 si
334 1376 377 1409 te
412 1382 498 1408 non
534 1367 731 1415 audierit,
764 1366 888 1407 alteri
926 1366 1047 1405 dicas
1078 1365 1119 1403 in
1156 1378 1244 1417 quo
1273 1363 1432 1403 videris
1462 1378 1562 1403 eum

95 1445 228 1484 fidem
261 1444 431 1493 habere,
454 1442 521 1482 vel
555 1443 688 1482 etiam
720 1441 975 1493 Praeposito,
1000 1445 1077 1479 aut
1100 1438 1271 1478 Abbati
1294 1452 1373 1490 pro
1396 1439 1564 1490 peccati

97 1518 413 1571 magnitudine,
438 1531 487 1557 ac
510 1516 669 1556 deinde
696 1528 872 1555 securus
901 1512 1032 1553 esto.''
1103 1513 1222 1565 Quin
1256 1511 1442 1551 Basilius
1473 1512 1565 1563 ips:

96 1594 140 1633 in
164 1593 318 1633 eadem
342 1592 542 1632 videatur
565 1604 658 1630 esse
690 1589 919 1635 sententia,
944 1587 1048 1627 dum
1081 1588 1141 1626 ita
1168 1586 1318 1626 scribit
1339 1599 1346 1625 :
1382 1585 1566 1638 “Quod-

96 1681 268 1719 cunque
300 1672 530 1719 peccatum
564 1664 618 1704 ad
654 1664 943 1716 Praepositum
978 1661 1263 1702 deferendum
1298 1667 1374 1709 est,
1408 1660 1475 1700 vel
1509 1661 1565 1700 ab

97 1755 149 1781 eo
171 1730 245 1793 qui
268 1741 463 1792 deliquit,
487 1739 556 1779 vel
580 1740 635 1779 ab
659 1739 708 1778 iis
732 1738 806 1790 qui
830 1737 942 1777 illius
967 1742 1067 1776 suut
1099 1735 1271 1784 conscii,
1296 1735 1329 1775 si
1353 1735 1433 1788 ipsi
1458 1735 1563 1774 illud

97 1815 334 1855 emendare
358 1819 579 1866 nequeant
598 1813 730 1864 juxta
754 1811 872 1864 quod
893 1825 918 1851 a
938 1811 1133 1850 Domino
1152 1814 1423 1862 praeceptum
1442 1807 1566 1848 est.'‘'2

99 1889 219 1940 Ergo
254 1888 288 1928 si
321 1888 556 1928 emendare
591 1892 766 1938 queant,
790 1884 895 1924 nihil
930 1891 995 1924 est
1030 1884 1148 1936 quod
1183 1884 1239 1922 ad
1274 1883 1563 1935 Praepositum

97 1963 297 2010 referant,
323 1961 429 2001 satis
461 1961 577 2000 enim
611 1960 798 1999 Basilius
828 1958 1177 1998 admonitionem
1208 1963 1336 2009 putat
1365 1970 1460 1996 esse
1483 1957 1566 1996 fra-

98 2043 280 2077 ternam.
345 2035 403 2074 Et
425 2048 526 2074 vere
557 2034 617 2073 sic
647 2034 848 2073 videmur
870 2032 1010 2084 magis
1033 2030 1258 2071 consulere
1279 2030 1408 2070 famae
1433 2036 1565 2082 atque

97 2110 415 2150 existimationi
454 2108 608 2157 fratris,
642 2107 775 2159 juxta
812 2106 917 2146 illud
957 2105 1196 2158 Augustini
1231 2105 1273 2143 in
1319 2105 1453 2156 Reg:
1500 2104 1562 2144 Ut

98 2184 209 2224 forte
247 2184 397 2236 possit,
437 2182 643 2222 secretius
682 2187 913 2228 correctus,
953 2193 1038 2219 non
1080 2180 1352 2218 innotescere
1384 2179 1562 2217 czeteris.

96 2257 316 2311 Quamvis
346 2258 462 2297 enirn
493 2256 610 2309 apud
645 2255 924 2308 Superiorem
955 2254 1123 2293 nullum
1146 2252 1346 2293 videatur
1372 2251 1563 2291 infamize

100 2338 306 2383 notaeque
358 2330 611 2383 periculum,
653 2342 841 2381 vereque
884 2327 1052 2367 nullum
1107 2328 1161 2367 sit
1215 2326 1266 2378 (is
1318 2326 1434 2365 enim
1478 2339 1564 2377 quo

99 2405 269 2446 facilius
311 2405 480 2445 animas
524 2410 694 2444 nostras
738 2409 870 2455 regat,
913 2401 1061 2441 omnia
1108 2407 1256 2440 nostra
1304 2400 1372 2440 vel
1422 2399 1564 2439 occul-

98 2480 270 2520 tissima
316 2479 471 2518 rescire
514 2478 691 2529 debet),
741 2476 890 2529 negari
940 2483 1089 2515 tamen
1139 2488 1225 2514 non
1267 2479 1414 2527 potest
1459 2474 1563 2525 quin

101 2552 244 2601 frater,
279 2553 352 2604 qui
396 2553 451 2592 ad
496 2565 596 2592 cum
639 2551 841 2599 defertur,
886 2550 1111 2590 existimet
1153 2562 1198 2589 se
1236 2548 1454 2600 jacturam
1488 2547 1563 2587 ali-

95 2640 236 2678 quam
274 2626 413 2666 facere
449 2640 539 2666 suae
583 2624 925 2665 existimationis
967 2638 1017 2664 ac
1060 2623 1201 2671 famae,
1244 2622 1486 2675 przesertim
1529 2622 1563 2660 si

101 2699 220 2753 apud
251 2713 362 2750 eum,
385 2700 508 2752 cujus
534 2700 747 2752 judicium
770 2705 904 2751 atque
926 2699 1180 2751 opinionem
1202 2702 1362 2750 praeter
1383 2700 1564 2735 caeteros

102 2774 304 2823 aestimat,
356 2774 467 2814 bene
519 2773 653 2814 audit.
733 2773 836 2813 Huc
897 2773 1078 2821 accedit,
1131 2770 1251 2823 quod
1313 2769 1410 2822 plus
1473 2768 1565 2820 ipse

99 2848 322 2888 interdum
352 2848 635 2888 admonendo
670 2846 881 2900 proficies,
906 2860 1040 2898 quam
1073 2846 1106 2885 si
1141 2843 1362 2897 Superiori
1387 2841 1562 2881 fratrem

434 2936 445 2955 ¹
472 2937 519 2969 St.
543 2937 640 2968 Matt.
667 2936 713 2968 18.
778 2978 788 2987 ⁴
852 2935 864 2953 ²
889 2936 929 2966 In
947 2936 1056 2967 Ascet.
1079 2945 1148 2975 cap.
1169 2933 1221 2973 46.
