1903 3197
386 126 463 172 De
495 123 842 171 anlcvcrtella'zk
879 123 1226 169 lenfatc'om'bus.
1445 134 1533 178 199

165 267 218 311 3³.
246 258 460 312 ObjectiO.
496 257 594 305 Cur,
618 269 717 295 cum
741 254 925 295 traditur
947 255 1211 294 tentationes
1234 251 1535 293 antevertendi

75 335 243 383 modus,
275 331 519 386 praeteritur
560 330 698 370 oratio
750 342 801 368 ac
843 328 1094 380 deprecatio
1136 329 1209 379 qui
1262 333 1376 367 esset
1426 340 1535 380 prae-

72 409 228 461 cipuus
279 404 578 447 antevertendi
642 402 809 451 modus,
864 401 952 440 imo
1014 401 1105 440 sine
1166 401 1261 453 ipso
1320 402 1538 441 contraria

73 480 391 522 tentationibus
434 478 579 518 studia
615 482 749 528 atque
792 474 1050 515 exercitatio
1093 473 1323 512 minimum
1360 474 1537 513 valent?

78 554 323 594 Praesertim
366 565 465 592 cum
509 551 752 591 dixerimus
796 561 882 588 non
926 561 1123 599 nunqum
1167 547 1355 586 incidere
1397 553 1539 587 tenta-

75 628 218 669 tiones
260 626 428 678 aliquas
471 623 758 677 permolestas
799 636 849 661 ac
892 621 1152 673 repentinas
1187 634 1284 672 quae
1323 626 1540 672 prostrare

77 701 198 742 nullo
240 699 417 751 negotio
458 697 681 737 hominem
728 695 925 748 possint;
973 700 1016 733 et
1047 694 1159 733 vires
1201 693 1390 733 hominis
1428 693 1543 732 infir-

77 775 292 814 missimas
323 786 416 812 esse
445 771 500 811 ad
533 769 835 816 resistendum,
869 775 912 808 et
944 775 1145 807 satanam
1178 767 1540 817 valentissimum,

74 847 370 898 eumdemque
393 850 680 885 veteratorem
713 857 764 882 ac
785 841 1073 894 versipellem,
1099 846 1141 880 et
1170 854 1344 892 semper
1364 840 1541 892 vigilem

78 922 134 962 ad
181 921 424 961 animarum
479 918 686 971 praedam,
730 917 797 957 cui
841 916 971 955 toties
1013 915 1211 955 faucibus
1252 914 1544 954 voracissimis

80 994 228 1035 inhiat.
322 993 542 1045 Quaenam
604 991 735 1043 igitur
795 988 1053 1029 exercitatio
1106 988 1277 1027 virtutis
1328 987 1546 1028 contraria

75 1068 394 1109 tentationibus
427 1066 537 1106 tanti
577 1065 642 1112 sit,
678 1070 724 1104 ut
756 1064 812 1103 ab
846 1063 895 1102 iis
934 1062 1157 1102 hominem
1194 1067 1337 1101 tutum
1376 1061 1543 1110 reddat,

79 1148 138 1191 ut,
181 1141 299 1182 nulla
352 1140 585 1192 implorata
634 1138 766 1178 divini
821 1136 1011 1176 numinis
1065 1149 1158 1188 ope,
1202 1136 1313 1175 vinci
1367 1134 1449 1174 illae
1492 1149 1544 1176 ac

77 1216 270 1270 superari
293 1213 503 1267 possent?
553 1212 669 1252 Sane
693 1211 912 1251 Dominus
935 1209 1149 1249 orandum
1173 1209 1372 1262 inprimis
1394 1216 1545 1250 monet

77 1303 133 1330 ne
167 1290 377 1329 intremus
412 1288 454 1326 in
489 1286 792 1334 tentationem,
839 1298 981 1336 neque
1024 1284 1139 1322 enim
1181 1284 1299 1336 apud
1344 1283 1544 1323 Marcum

74 1363 183 1404 ,satis
217 1362 350 1402 habet
382 1361 524 1401 (licere
562 1358 810 1411 “vigilate'‘
850 1359 925 1397 sed
963 1357 1097 1405 addit,
1138 1362 1216 1396 “et
1256 1356 1455 1406 orate;‘’1
1499 1363 1543 1397 et

78 1437 258 1483 Lucam,
289 1439 310 1456 “
326 1434 514 1487 vigilate,
549 1434 668 1473 omni
702 1440 901 1485 tempore
930 1436 1116 1479 orantes,
1150 1435 1197 1470 ut
1228 1430 1348 1482 digni
1381 1429 1542 1470 habea-

77 1511 183 1551 mini
214 1510 362 1563 fugere
392 1509 474 1549 ista
496 1507 656 1555 onmia,
681 1520 778 1559 quae
803 1505 948 1546 futura
977 1511 1078 1544 sunt
1096 1502 1158 1553 ;”’2
1191 1504 1360 1553 deinde,
1385 1510 1542 1544 “orate

75 1598 131 1625 ne
165 1583 332 1624 intretis
366 1583 408 1622 in
437 1582 729 1622 tentationem
750 1578 812 1627 ;''3
844 1585 886 1620 et
919 1579 1035 1618 idem
1069 1579 1231 1627 Petrus,
1257 1577 1470 1630 “vigilate
1498 1577 1542 1617 in

71 1656 401 1700 orationibus&
477 1657 536 1696 Et
578 1655 679 1696 alibi
724 1667 964 1702 monemur,
1010 1653 1051 1692 in
1087 1652 1248 1705 primis,
1287 1651 1425 1692 multa
1460 1665 1539 1692 nos

77 1732 397 1785 deprecatione,
426 1731 679 1783 priusquam
712 1728 977 1768 tentationes
1011 1727 1232 1774 accedant,
1268 1726 1539 1778 praemunire.

80 1806 169 1847 Cur
199 1806 330 1858 igitur
362 1805 430 1844 hic
459 1803 704 1856 praecipuus
736 1801 1037 1842 antevertendi
1072 1799 1240 1847 modus,
1265 1800 1337 1851 qui
1372 1799 1414 1838 in
1447 1813 1541 1840 ora-

78 1881 198 1920 tione
219 1879 387 1932 positus
410 1883 486 1925 est,
510 1877 565 1916 ab
591 1876 766 1928 Ignatio
790 1874 971 1914 siletur?

168 1952 436 2006 Respondeo
477 1951 678 2004 primum,
714 1949 886 1989 Patrem
931 1947 1166 2000 Ignatium,
1199 1960 1297 1986 cum
1341 1946 1382 1985 in
1420 1953 1542 1987 ante-

78 2028 298 2068 vertendis
350 2025 668 2066 tentationibus
717 2022 912 2062 adhiberi
961 2022 1087 2074 jubet
1128 2021 1342 2060 contraria
1384 2022 1541 2071 studia,

76 2101 287 2142 orationis
325 2106 473 2140 tamen
510 2110 640 2150 opem
678 2110 764 2136 non
799 2095 1044 2143 excludere,
1084 2095 1171 2133 imo
1203 2107 1460 2147 supponere,
1497 2105 1540 2136 et

72 2182 307 2228 tamquam
349 2187 458 2222 eam,
491 2185 589 2225 quae
626 2170 869 2211 necessario
907 2168 1158 2209 adhibenda
1194 2173 1270 2216 est,
1309 2169 1538 2221 praeterire.

76 2250 256 2298 Verum,
307 2247 412 2288 illud
465 2244 764 2287 adhibendum
808 2242 1049 2283 remedium
1101 2242 1270 2282 censuit
1311 2243 1429 2294 quod
1483 2257 1540 2283 ex

75 2331 202 2377 parte
254 2329 403 2364 nostra
455 2327 530 2366 est,
583 2327 626 2360 et
677 2320 720 2358 in
775 2318 900 2358 nobis
952 2317 1085 2357 situm
1145 2322 1219 2356 est.
1305 2316 1356 2355 In
1413 2317 1542 2357 rebus

73 2399 196 2438 senim
229 2395 537 2450 spiritualibus,
560 2400 608 2434 ut
629 2393 762 2433 etiam
796 2392 838 2431 in
869 2390 1152 2438 naturalibus,
1175 2389 1341 2442 duplex
1365 2403 1561 2431 necesse·

74 2477 148 2512 -est
179 2472 234 2511 ad
267 2471 482 2510 actionem
517 2467 710 2520 aliquam
742 2470 972 2506 concurrat
1004 2477 1151 2516 agens,
1177 2463 1342 2504 scilicet
1373 2464 1542 2504 univer-

81 2543 170 2584 sale
192 2550 236 2584 et
257 2542 526 2596 particulare.
591 2540 714 2581 Sicut
736 2539 779 2578 in
806 2537 1077 2578 naturalibus
1106 2537 1163 2577 ad
1193 2537 1540 2577 comburendum

81 2617 245 2669 aliquid
275 2617 492 2657 concurrit
521 2616 632 2668 ignis
662 2627 796 2667 agens
825 2610 1096 2666 particulare,
1120 2617 1164 2650 et
1186 2610 1308 2649 Deus
1338 2616 1385 2649 ut
1405 2623 1542 2662 agens

77 2690 323 2731 -universale
343 2706 349 2740 ;
383 2702 568 2742 quorum
599 2688 784 2728 alterum
806 2686 841 2726 si
864 2686 988 2734 desit,
1011 2684 1107 2737 lege
1135 2683 1353 2724 ordinaria
1382 2696 1469 2723 non
1492 2683 1541 2724 fit

72 2764 337 2807 xcombustio.
422 2763 616 2814 Ideoque
657 2767 743 2801 tres
785 2759 881 2800 illos
928 2771 1087 2812 pueros
1129 2757 1172 2796 in
1213 2756 1386 2797 camino
1428 2757 1541 2809 ignis

181 2853 192 2874 ¹
218 2854 321 2885 Marc.
345 2861 391 2892 14.
550 2851 563 2869 2
587 2851 666 2882 Luc.
688 2858 739 2881 21.
890 2847 903 2867 ³
928 2848 1015 2879 Ibid.
1035 2855 1086 2878 22.
1237 2845 1251 2863 ⁴
1278 2853 1302 2876 1.
1325 2845 1393 2876 Pet.
1413 2853 1443 2886 3.
