1903 3197
281 180 304 225 5
319 181 377 212 10
603 165 684 211 De
715 165 907 212 ratione
941 166 1134 212 vivendi
1167 167 1429 213 Socz‘etatz’s.

276 297 423 350 quoad
446 310 614 350 corpuS,
638 310 737 337 cum
766 311 791 337 a
813 297 1111 350 spiritualibus
1133 298 1427 351 superioribus
1460 299 1745 352 imperantur,

276 385 439 424 magna
461 371 522 411 eis
545 384 644 411 cum
667 371 860 423 puritate
883 373 1126 424 parendum
1154 379 1228 413 cst.

365 444 537 484 Eadem
570 445 834 484 obedientiae
869 445 1136 498 perfectione
1169 445 1566 498 obtemperandum
1602 451 1668 485 est
1702 446 1746 485 in

275 519 338 567 iis,
378 532 477 571 quae
519 523 680 558 vetant.
742 518 910 559 Vetant
951 526 1099 559 autem
1137 533 1255 572 saepe
1287 518 1510 566 nonnulla,
1545 532 1646 571 quae
1688 519 1745 559 ad

272 592 471 632 animam
513 591 586 631 illa
622 591 801 644 quidem
844 592 1075 645 pertinent,
1109 593 1185 632 sed
1228 598 1406 645 propter
1440 591 1745 632 valetudinem

273 671 319 706 et
356 665 492 718 ipsius
528 665 721 718 corporis
757 665 970 716 salutem;
1006 672 1054 706 ut
1088 671 1225 706 statas
1259 667 1478 706 orationes
1510 680 1560 706 ac
1594 677 1746 718 preca—

271 739 429 787 tiones,
468 752 566 791 quae
604 752 662 778 ex
698 744 921 791 praecepto
959 739 1155 790 Regulae,
1189 739 1257 779 vel
1293 739 1502 779 Ecclesiae
1543 738 1744 779 adhiberi

274 812 428 861 solent,
480 811 609 851 horas
661 825 821 864 nempe
871 813 1114 860 canonicas,
1157 812 1225 852 vel
1281 813 1426 852 missae
1478 812 1741 852 sacrificium

273 886 396 927 festis
429 886 651 938 sacrisque
684 885 865 936 diebus;
899 891 974 925 aut
1009 886 1264 925 devotiones
1298 886 1549 939 singulares,
1583 886 1745 939 quibus

271 960 335 999 uti
374 973 505 999 sanus
547 959 718 999 solebat
758 965 977 1011 aegrotus;
1030 964 1106 999 aut
1148 959 1338 1012 denique
1378 959 1463 999 alia
1504 959 1548 999 id
1591 973 1745 1012 genus,

270 1047 371 1086 quae
413 1033 448 1072 si
489 1046 617 1085 aeque
658 1033 701 1072 in
744 1033 927 1073 adversa
979 1047 1029 1072 ae
1080 1045 1289 1085 prospera
1339 1031 1592 1072 valetudine
1644 1033 1743 1084 quis

271 1111 463 1158 usurpet,
508 1119 668 1146 novam
717 1105 1007 1158 proculdubio
1056 1106 1286 1146 materiam
1334 1105 1488 1145 morbo
1533 1105 1743 1158 praebeat.

273 1179 334 1220 Et
370 1179 426 1218 de
461 1178 528 1218 his
565 1179 698 1218 etiam
737 1178 919 1231 intelligi
962 1185 1146 1231 possunt
1182 1179 1316 1218 verba
1352 1178 1436 1227 illa,
1471 1192 1571 1231 quae
1611 1191 1745 1231 supra

273 1252 481 1301 diximus,
505 1252 559 1292 N.
592 1252 662 1292 P.:
697 1252 1110 1305 “Quandoquidem
1145 1252 1205 1292 illi
1240 1252 1418 1305 plenam
1453 1252 1591 1304 ipsius
1626 1252 1746 1291 sani-

270 1331 411 1366 tatem
454 1325 724 1378 spiritualem
767 1327 948 1366 omnino
985 1325 1173 1366 cu1·ant.’'
1237 1325 1369 1378 Quod
1408 1331 1498 1366 est:
1552 1338 1639 1364 non
1679 1331 1746 1364 est

272 1399 392 1452 quod
431 1405 622 1451 aegrotus
659 1399 833 1438 dubitet
875 1399 917 1438 in
961 1398 1027 1438 his
1066 1400 1170 1452 ipsis
1208 1399 1347 1447 rebus,
1389 1412 1489 1450 quae
1525 1403 1744 1445 vetantur,

274 1485 437 1525 magna
494 1485 593 1511 cum
650 1472 842 1524 puritate
897 1486 1060 1525 parere,
1117 1472 1477 1525 quandoquidem
1533 1471 1593 1511 illi
1651 1471 1745 1524 ipsi,

275 1546 349 1597 qui
411 1544 589 1597 plenam
642 1545 877 1586 sanitatem
935 1547 1067 1586 etiam
1131 1545 1401 1598 spiritualem
1464 1550 1632 1593 curant,
1686 1545 1749 1584 ita

274 1618 528 1659 decernunt.

362 1691 452 1731 Sed
475 1691 559 1730 hoc
591 1690 688 1730 loco
720 1693 1075 1744 praetereundum
1108 1692 1282 1732 silentio
1316 1705 1404 1731 non
1437 1697 1515 1740 est,
1538 1692 1629 1730 duo
1653 1703 1747 1730 esse

272 1765 503 1805 hominum
536 1777 697 1816 genera
720 1765 1013 1805 dissimillima
1042 1766 1154 1805 inter
1181 1779 1238 1814 se,
1262 1779 1450 1818 quorum
1485 1765 1623 1813 alteri,
1647 1777 1746 1804 cum

274 1844 503 1891 aegrotant,
538 1852 625 1878 non
663 1844 903 1891 expectant
935 1839 1041 1878 dum
1079 1840 1329 1879 orationum
1368 1845 1445 1879 aut
1477 1838 1745 1891 jejuniorum

273 1918 350 1953 aut
392 1911 487 1951 aliis
529 1911 746 1963 ejusmodi
788 1912 856 1952 vel
907 1912 1118 1953 Ecclesiae
1159 1913 1228 1953 vel
1278 1912 1498 1965 religionis
1542 1911 1747 1951 oneribus

272 1984 541 2034 liberentur;
595 1985 672 2025 sed
715 1985 829 2025 ultro
871 1985 1175 2026 liberationem
1219 1986 1300 2039 ipsi
1342 1984 1571 2038 postulant
1614 1990 1749 2037 atque

273 2057 529 2110 efflagitant,
563 2059 697 2098 etiam
741 2058 893 2098 leviter
934 2059 1214 2100 laborantes:
1256 2073 1345 2112 qua
1387 2060 1430 2098 in
1469 2072 1513 2098 re
1548 2065 1747 2110 teporem

275 2145 415 2180 suum,
460 2137 504 2170 et
550 2132 798 2172 devotionis
845 2132 1071 2172 declarant
1117 2134 1340 2186 inopiam;
1382 2145 1481 2172 cum
1529 2137 1682 2171 contra
1723 2143 1749 2171 a

273 2206 364 2245 suis
415 2205 664 2257 praepositis
716 2204 915 2257 flagitare
957 2219 1135 2258 aequum
1188 2212 1314 2255 esset,
1367 2211 1415 2245 ut
1466 2204 1547 2244 sibi
1599 2203 1748 2244 liceret

274 2277 460 2317 usitatas
502 2278 779 2329 precationes
820 2279 1024 2331 persequi
1068 2279 1216 2331 potius
1265 2292 1398 2331 quam
1448 2279 1746 2327 intermittere,

275 2351 310 2390 si
346 2363 446 2390 vere
480 2351 608 2402 copia
642 2351 818 2403 spiritus
852 2352 1139 2392 abundarent.
1203 2352 1307 2392 Non
1341 2352 1457 2391 enim
1493 2352 1747 2404 ignoramus

275 2423 417 2476 qualis
464 2437 638 2476 semper
677 2423 807 2464 fuerit
847 2425 915 2464 vel
963 2425 1006 2464 in
1048 2426 1317 2477 gravissimis
1359 2425 1521 2465 morbis
1566 2438 1746 2465 consue-

274 2496 385 2537 tudo
438 2503 719 2536 sanctorum·
783 2497 937 2549 Atque
989 2503 1037 2538 ut
1089 2498 1196 2538 nihil
1239 2499 1295 2538 de
1347 2499 1392 2539 B.
1429 2499 1621 2538 Martino
1669 2504 1747 2538 aut

273 2570 532 2622 Augustino
563 2570 772 2619 dicamus,
797 2584 983 2622 quorum
1018 2571 1101 2620 ille,
1126 2573 1258 2612 etiam
1291 2579 1385 2613 tum
1418 2586 1517 2612 cum
1550 2572 1743 2612 animam

274 2644 447 2697 agebat,
491 2644 701 2685 invictum
753 2645 810 2685 ab
860 2647 1058 2686 oratione
1111 2648 1311 2700 spiritum
1365 2661 1452 2688 non
1503 2647 1744 2695 relaxabat,

271 2717 343 2757 hic
376 2723 525 2758 autem
560 2724 798 2771 antequam
836 2720 1037 2772 spiritum
1078 2727 1328 2761 extremum
1361 2721 1520 2770 ederet,
1549 2720 1744 2773 psalmos

273 2791 422 2831 David
466 2793 540 2844 qui
584 2793 639 2833 ad
682 2793 990 2846 poenitentiam
1034 2800 1236 2847 spectant
1278 2794 1322 2834 in
1356 2799 1593 2847 conspectu
1628 2792 1744 2846 posi—

272 2868 344 2904 tos
389 2865 581 2918 profusis
627 2866 832 2920 lacrymis
880 2867 1141 2909 lectitabat:
1194 2874 1242 2909 ut
1288 2868 1405 2919 nihil,
1451 2869 1644 2920 inquam,
1687 2866 1744 2908 de
