1903 3197
296 185 394 229 430
625 168 706 213 De
737 167 927 213 ratione
960 165 1154 211 vivendi
1186 162 1449 211 Socielatz's.

296 317 348 343 ac
393 301 658 342 famulorum
705 299 998 340 humilitatem
1046 312 1092 338 se
1137 297 1298 338 Christi
1345 310 1477 336 causa
1519 295 1767 343 demisisse,

300 377 524 417 memoriae
576 374 800 427 proditum
852 379 927 413 cst.
1020 372 1261 412 Martinum
1313 384 1416 409 vero
1463 370 1766 409 Turonensem

301 451 572 503 Episcopum
615 461 693 488 suo
735 447 900 487 famulo
949 446 1149 486 famulari
1202 445 1393 493 solitum,
1434 449 1478 483 et
1514 457 1614 496 quae
1655 444 1765 483 servi

300 524 502 570 dominis,
536 522 765 562 dominum
798 535 921 561 servo
958 520 1168 572 obsequia
1200 518 1440 571 praebuisse
1473 530 1560 556 non
1593 517 1767 569 ignora—

302 611 409 637 mus.
474 596 533 635 Et
554 595 671 648 apud
703 592 983 647 Gregorium1
1007 599 1182 633 sanctus
1205 593 1341 632 abbas
1366 591 1572 642 Equitius
1595 590 1762 629 foenum

305 677 434 719 secat,
465 684 610 710 sacros
648 669 819 709 codices
857 669 899 707 in
935 667 1126 720 pelliceis
1160 665 1341 706 sacculis
1374 665 1535 704 dextra
1572 663 1769 715 laevaque

303 750 459 798 portat.
524 744 711 783 Beatum
735 743 867 782 etiam
899 741 1182 781 Dominicum
1212 740 1372 779 scimus
1396 752 1520 778 suam
1550 739 1593 777 in
1616 737 1768 776 itinere

302 817 564 859 sarcinulam
597 817 685 856 suis
721 815 912 854 humeris
948 820 1120 866 gestare
1152 813 1360 861 solitum3
1410 826 1551 864 neque
1589 824 1767 863 passum

305 906 398 932 esse
421 903 626 943 unquam,
650 895 698 928 ut
720 903 744 928 a
767 901 990 940 quoquam
1014 887 1094 926 sibi
1127 886 1309 938 pallium
1341 899 1391 925 ac
1421 898 1525 937 pera
1559 884 1767 933 ferretur3

305 972 430 1006 tanta
472 969 564 1004 erat
603 962 852 1002 humilitate
897 960 1117 1014 praeditus.
1201 960 1295 999 Nec
1335 973 1437 999 vero
1481 959 1648 998 minore
1690 957 1770 997 fuit

306 1039 399 1090 ejus
441 1037 623 1090 aequalis
667 1036 711 1075 Β.
738 1035 1006 1083 Franciscus‚
1043 1035 1117 1086 qui
1158 1033 1227 1073 vel
1279 1034 1323 1072 in
1365 1032 1527 1072 afflicta
1568 1045 1619 1071 ac
1661 1045 1772 1084 pene

306 1112 479 1166 perdita
529 1110 780 1151 valetudine
832 1121 1056 1161 nunquam
1110 1107 1192 1147 sibi
1240 1121 1265 1146 a
1311 1106 1514 1146 fratribus
1566 1106 1771 1145 deserviri

307 1200 463 1240 passus
495 1191 586 1225 est:
623 1197 773 1225 verum
807 1184 898 1236 ipse
930 1183 1010 1222 sibi
1044 1196 1190 1221 servus
1222 1194 1273 1220 ac
1305 1179 1495 1220 famulus
1528 1178 1638 1227 fuit3
1681 1179 1774 1231 ipse

308 1260 397 1300 suis
434 1260 636 1299 manibus
672 1258 874 1298 cellulam
912 1271 963 1297 ac
1000 1257 1253 1309 pavimenta
1284 1255 1513 1302 verrebat3
1565 1254 1656 1305 ipse
1693 1252 1774 1292 sibi

309 1336 473 1375 laceras
507 1339 650 1373 vestes
688 1332 951 1373 resarciebat
987 1338 1030 1371 et
1067 1330 1317 1370 consuebat.
1388 1329 1451 1368 Ut
1489 1328 1647 1366 mirum
1682 1326 1774 1378 jam

311 1409 447 1449 videri
500 1421 586 1447 non
628 1407 800 1455 debeat,
843 1419 918 1445 cur
962 1411 1109 1445 noster
1150 1417 1326 1456 quoque
1370 1402 1411 1443 S.
1439 1402 1636 1454 Ignatius
1683 1399 1778 1440 haec

310 1482 496 1522 humilia
526 1494 705 1520 munera
727 1494 752 1519 a
775 1480 929 1532 quovis
958 1479 1067 1519 obiri
1101 1479 1142 1517 in
1172 1477 1393 1519 Societate
1420 1482 1554 1528 atque
1586 1474 1778 1514 exerceri

311 1555 428 1603 velit,
453 1555 527 1607 qui
555 1568 605 1594 ea
628 1554 760 1594 modo
791 1567 867 1606 per
888 1553 1198 1605 occupationes
1228 1558 1304 1591 aut
1326 1564 1403 1603 per
1433 1549 1779 1589 imbecillitatem

316 1630 436 1670 obire
458 1628 622 1681 possit:
647 1627 866 1667 intellexit
888 1627 1004 1666 enim
1029 1631 1243 1678 quantum
1267 1626 1309 1664 in
1334 1624 1384 1663 iis
1407 1623 1462 1663 ad
1486 1622 1779 1662 humilitatem

317 1701 663 1755 comparandam
702 1702 804 1740 insit
841 1700 1063 1740 momenti.
1148 1699 1344 1750 Ideoque
1382 1697 1601 1736 nemmem
1640 1696 1695 1735 ab
1733 1695 1783 1734 iis

318 1776 507 1829 excepit,
542 1775 622 1814 nisi
660 1788 791 1827 quem
822 1774 891 1814 vel
929 1774 1174 1821 nimiarum,
1207 1777 1255 1811 ut
1291 1771 1397 1819 dixi,
1432 1770 1781 1822 occupationum,

317 1850 387 1891 vel
418 1849 558 1889 morbi
589 1847 908 1900 imbecillasque
929 1846 1193 1886 valetudinis
1223 1844 1447 1897 exceperit
1476 1844 1570 1896 ipsa
1602 1842 1786 1882 necessi-

319 1932 397 1965 tas.
483 1924 552 1963 De
592 1923 676 1962 hoc
718 1922 850 1962 etiam
895 1921 1128 1961 Clemens:
1172 1917 1447 1958 “Pulchrum
1494 1921 1561 1956 est
1601 1914 1785 1964 autem,’'

322 1997 474 2050 inquit,
511 1997 679 2036 “etiam
721 2009 882 2047 aquam
923 2008 1002 2047 per
1043 2007 1088 2033 se
1129 1993 1310 2041 haurire,
1345 1997 1389 2031 et
1425 1990 1544 2043 ligna
1580 1989 1787 2035 scindere,

323 2071 483 2124 quibus
512 2071 568 2110 sit
599 2083 762 2109 usurus.
826 2068 966 2120 Jacob
995 2074 1142 2107 autem
1175 2066 1384 2119 pascebat
1416 2077 1518 2103 oves
1557 2060 1788 2102 Labani.”²

325 2146 542 2197 Idemque
572 2144 680 2184 infra
715 2144 756 2182 in
780 2144 939 2183 virtute
968 2142 1092 2194 ponit
1116 2140 1373 2180 exercitium
1397 2152 1422 2177 a
1445 2136 1557 2177 fastu
1581 2136 1784 2184 alienum,

326 2225 374 2259 ut
391 2219 474 2258 sibi
497 2219 578 2271 ipsi
601 2217 770 2257 calc-:os
793 2217 982 2264 induere,
1002 2215 1136 2268 pedes
1160 2214 1314 2263 lavare,
1333 2212 1564 2265 :egrotanti
1588 2211 1788 2251 assistere

325 2293 480 2341 amico,
515 2298 558 2332 et
596 2291 827 2343 impotenti
869 2295 1003 2341 atque
1040 2289 1186 2341 egenti
1229 2288 1484 2333 ministrare,
1521 2291 1564 2325 et
1601 2299 1662 2334 ea,
1690 2298 1788 2337 quae

327 2365 570 2406 necessaria
598 2370 700 2404 sunt
722 2377 952 2416 apponere.
1017 2362 1134 2401 Nam
1157 2362 1213 2401 de
1236 2360 1397 2402 Christi
1420 2359 1639 2412 exemplo,
1658 2371 1788 2411 quem

325 2444 453 2492 putat
477 2436 686 2478 Basilius3
708 2438 884 2477 assidua
915 2435 1205 2489 corporalium
1239 2434 1439 2474 laborum
1473 2432 1788 2473 exercitatione

327 2526 480 2566 parare
512 2513 592 2552 sibi
619 2512 784 2552 victum
810 2510 1010 2558 voluisse,
1038 2516 1085 2549 ut
1118 2523 1197 2549 nos
1229 2508 1490 2548 humilitatis
1521 2507 1790 2553 admoneret,

330 2586 438 2625 nihil
456 2586 614 2625 attinet
636 2586 803 2625 dicere:
847 2584 921 2636 qui
944 2584 1122 2636 quidem
1147 2583 1263 2635 apud
1294 2582 1494 2622 Marcum
1519 2580 1567 2632 (c.
1592 2579 1635 2632 6>
1660 2579 1791 2619 etiam

331 2659 454 2700 faber
485 2658 740 2712 appellatur.

419 2732 623 2773 Secunda
646 2745 776 2772 causa
793 2744 868 2771 cur
885 2731 1021 2783 prosit
1039 2731 1171 2770 etiam
1196 2730 1344 2769 animo
1361 2727 1485 2768 labor
1501 2726 1692 2780 corporis
1714 2731 1791 2774 est,

332 2806 434 2858 quia
463 2806 580 2846 valet
608 2806 663 2846 ad
701 2804 946 2846 tollendum
979 2805 1129 2853 otium,
1163 2803 1478 2855 evitandasque
1513 2806 1794 2854 peccatorum

460 2893 472 2912 ¹
497 2895 585 2926 Dial.
612 2903 642 2934 4.
785 2892 798 2911 2
823 2893 905 2925 Gen.
927 2900 977 2933 30.
1123 2891 1136 2910 ³
1162 2893 1213 2924 De
1230 2892 1296 2924 Vit.
1321 2891 1415 2923 Solit.
1437 2901 1464 2922 c.
1484 2898 1514 2930 9.
1536 2900 1567 2931 p.
1587 2897 1661 2930 411.
