1903 3197
596 166 676 212 De
706 165 1029 213 Poem'tentiz’s.
1492 178 1553 222 99

76 301 266 343 accendi.
348 300 500 352 Atque
548 298 643 339 haee
685 303 751 338 est
792 310 935 346 causa,
979 311 1055 337 cur
1097 298 1142 338 B.
1173 298 1374 351 Ignatius
1414 297 1542 350 jubet

75 377 119 417 in
159 373 558 417 Constitutionibus
603 373 736 412 etiam
785 385 885 411 eum
934 372 1007 423 qui
1063 373 1232 412 caeteris
1282 379 1453 425 praeest,
1497 379 1541 414 et

76 449 325 491 sacerdotes
366 447 475 488 alios
517 446 638 487 obire
678 445 736 486 ad
777 452 953 498 tempus
995 445 1174 497 aliquod
1221 445 1334 486 intra
1375 460 1540 486 annum

75 524 418 565 domesticorum
455 521 606 561 officia.
668 519 816 559 Verba
856 518 995 558 Patris
1032 519 1127 558 haec
1165 524 1294 558 sunt:
1387 519 1543 571 “Quia

73 600 129 640 ad
172 609 451 651 progressum
488 596 531 634 in
567 593 801 634 virtutibus
843 592 1092 632 faciendum
1137 592 1325 632 multum
1368 593 1539 633 confert

75 672 371 724 antiquiorum
424 667 692 720 exemplum,
741 681 829 719 quo
876 666 1029 718 reliqui
1083 665 1138 706 ad
1190 679 1340 706 eorum
1394 666 1540 706 imita-

73 746 240 786 tionem
283 743 539 790 animentur,
574 741 647 793 qui
690 746 851 793 praeest
892 740 987 780 aliis
1020 745 1063 779 et
1095 753 1248 780 omnes
1281 739 1352 779 alii
1388 739 1540 780 Sacer-

74 818 211 867 dotes,
235 817 309 869 qui
341 817 378 856 ei
410 815 684 862 videbuntur,
714 813 952 866 aliquando
985 813 1097 854 intra
1129 827 1306 861 annum,
1331 813 1536 864 officium,

72 892 141 933 vel
173 892 316 932 officia
344 903 495 930 eorum
528 889 601 941 qui
634 888 874 928 inserviunt
906 888 1038 935 domi,
1063 888 1118 928 ad
1148 893 1324 940 tempus
1357 888 1537 940 aliquod

73 964 319 1007 obibunt.''1
372 963 424 1004 Id
476 968 624 1004 autem
677 963 951 1015 poenitentiae
1002 976 1140 1014 genus
1192 968 1269 1011 est,
1323 961 1445 1014 cujus
1498 968 1542 1002 et

73 1041 224 1095 labore
255 1052 423 1091 corpus,
451 1044 494 1077 et
525 1036 773 1076 humilitate
805 1037 977 1076 animus
1011 1042 1251 1076 exercetur.

166 1115 225 1154 Et
248 1109 578 1153 Bonaventura‘2
611 1111 654 1149 in
689 1110 1007 1162 quzestionibus
1041 1110 1152 1149 circa
1186 1109 1393 1162 regulam,
1428 1110 1541 1150 inter

79 1201 233 1229 causas
275 1199 350 1226 cur
392 1184 648 1237 Religiones
690 1183 732 1222 in
775 1183 966 1235 proclive
1003 1183 1215 1232 labantur,
1250 1183 1362 1223 hanc
1404 1184 1541 1236 potis-

76 1263 234 1303 simam
257 1259 420 1307 statuit,
445 1258 548 1310 quia
570 1257 638 1297 vel
661 1256 978 1296 subtrahuntur
995 1258 1067 1309 qui
1092 1257 1232 1309 primo
1256 1258 1543 1298 continebant

76 1336 275 1376 ordinem
307 1333 350 1372 in
383 1346 461 1372 suo
491 1332 651 1383 vigore,
674 1330 743 1370 vel
776 1330 992 1370 debilitati
1026 1344 1206 1383 corpore
1239 1344 1326 1370 non
1358 1336 1544 1383 possunt

76 1407 265 1461 amplius
301 1406 425 1446 novis
463 1404 591 1444 edere
627 1404 780 1456 rigoris
818 1402 1034 1455 exempla.
1111 1404 1225 1444 Novi
1270 1404 1399 1451 enim,
1438 1404 1543 1456 quia

75 1483 258 1522 virtutes
290 1493 378 1519 non
411 1483 572 1518 norunt
604 1478 808 1526 internas,
833 1483 1041 1517 externas
1072 1483 1221 1517 autem
1254 1478 1540 1530 poenitentias

78 1569 196 1609 saepe
218 1568 305 1595 non
327 1559 523 1602 cernunt,
547 1552 657 1592 inter
679 1552 774 1604 ipsa
797 1551 1009 1603 languent
1032 1551 1167 1592 initia.

166 1629 236 1669 Ac
288 1632 523 1681 propterea
577 1625 810 1666 dictitabat
862 1625 1043 1677 quidam
1106 1639 1163 1664 ex
1225 1625 1546 1678 antiquioribus

79 1703 291 1751 Patribus,
327 1706 528 1754 oportere
563 1712 924 1751 unumquemque
957 1712 1036 1751 pro
1078 1699 1241 1738 viribus
1278 1699 1322 1738 id
1357 1699 1544 1748 studere,

82 1782 158 1826 ut3
193 1782 408 1829 quantum
444 1775 486 1813 in
520 1788 565 1814 se
598 1779 723 1822 esset,
755 1773 957 1813 salutaris
987 1771 1279 1825 deposcendae
1313 1772 1394 1812 sibi
1429 1772 1544 1813 ultro

81 1850 354 1904 poenitentiae
387 1848 661 1888 consuetudo
695 1848 738 1885 in
774 1846 1005 1898 Religione
1039 1846 1322 1896 retineretur;
1366 1860 1469 1887 nam
1513 1848 1548 1886 si

81 1923 240 1977 singuli
258 1924 446 1975 jaceant,
470 1934 549 1961 nec
579 1920 805 1960 inductam
836 1926 986 1959 sancte
1009 1919 1373 1959 consuetudinem
1397 1925 1547 1960 tenere

81 1998 299 2046 studeant,
323 1995 441 2035 brevi
465 1994 556 2034 fore
579 2000 627 2034 ut
649 1994 790 2033 omnis
813 1993 1046 2033 intercidat
1065 2008 1073 2043 ;
1097 1999 1249 2033 contra
1271 2007 1385 2041 vero,
1410 1994 1444 2033 si
1468 2007 1548 2047 pro

80 2086 159 2112 sua
201 2071 387 2123 quisque
430 2074 554 2121 parte
597 2068 785 2107 inventae
823 2066 917 2119 jam
962 2066 1268 2107 consuetudini
1316 2067 1549 2119 diligenter

80 2147 368 2197 obtemperet,
393 2156 491 2183 eam
515 2142 606 2181 fore
628 2142 893 2181 diuturnam.

171 2218 339 2271 Quinta
371 2217 481 2256 ratio
514 2221 589 2264 est,
623 2215 726 2267 quia
758 2215 1051 2254 assuescimus
1084 2215 1216 2255 etiam
1250 2228 1379 2267 aequo
1412 2215 1550 2256 liben-

80 2294 204 2346 tique
235 2292 382 2332 animo
415 2289 524 2330 ferre
556 2289 842 2342 poenitentias
874 2288 981 2337 illas,
1008 2302 1116 2341 quas
1149 2302 1229 2328 nec
1262 2289 1547 2341 opinantibus

85 2366 292 2419 Superior
314 2364 512 2417 imponit,
536 2369 579 2403 et
602 2377 676 2403 eas
708 2363 886 2415 insuper
917 2376 1016 2415 quae
1049 2363 1348 2403 immittuntur
1378 2378 1404 2404 a
1437 2364 1548 2414 Deo,

81 2453 269 2494 quaeque
291 2453 316 2479 a
338 2438 512 2478 fortuna
535 2443 578 2478 et
600 2451 703 2477 casu
725 2437 931 2477 videntur
951 2436 1147 2486 invectae,
1166 2436 1271 2476 dum
1296 2451 1369 2478 eas
1392 2444 1553 2491 sponte

81 2515 273 2568 petimus
305 2520 348 2553 et
380 2525 651 2564 usurpamus
730 2511 1024 2563 Comparatur
1051 2512 1216 2564 quippe
1241 2510 1418 2552 habitus
1448 2513 1549 2553 sub-

82 2588 238 2629 eundae
270 2586 443 2639 placido
476 2585 624 2625 animo
656 2584 846 2637 cujusvis
878 2598 1052 2638 poenae:
1096 2585 1214 2638 quod
1248 2586 1427 2637 quidem
1460 2600 1547 2627 non

82 2668 148 2702 est
184 2660 276 2713 ejus
318 2658 529 2699 dissimile
571 2658 690 2710 quod
733 2658 788 2698 de
823 2658 1088 2711 quibusdam
1131 2658 1358 2699 monachis
1399 2660 1549 2700 scribit

83 2735 330 2777 Climacus:
373 2733 498 2786 “Qui
541 2746 588 2773 se
629 2733 748 2786 ipsos
799 2733 966 2785 injuriis
1009 2739 1054 2774 et
1095 2733 1372 2774 contumeliis
1413 2738 1548 2785 atque

79 2808 332 2864 ignominiis
366 2807 564 2861 quotidie
597 2807 859 2859 afficiebant,
895 2813 944 2848 ut
982 2820 1081 2848 cum
1126 2807 1199 2848 illa
1235 2807 1316 2848 sibi
1357 2806 1414 2847 ab
1451 2805 1548 2848 aliis

440 2896 453 2917 1
478 2898 513 2930 P.
536 2906 564 2939 3.
588 2908 614 2931 c.
635 2906 663 2930 1.
684 2899 699 2937 ξ
717 2906 764 2938 19.
946 2896 959 2916 2
983 2897 1109 2938 Quaest.
1129 2905 1176 2937 19.

252 2961 287 2992 H
321 2962 345 2992 2
