1903 3197
299 201 393 261 598
625 199 706 245 De
737 199 928 245 ratione
962 199 1155 246 vivendi
1187 199 1446 247 Socz'etatz's.

295 333 504 375 mediocri
527 332 646 374 laudi
679 334 792 374 inter
812 334 1031 386 sapientes
1054 334 1238 384 ducitur,
1261 334 1413 375 oculus
1435 334 1528 388 ejus
1550 335 1594 376 in
1616 337 1765 390 eapite

297 407 391 461 ejus
417 421 644 461 nunquam
667 408 883 448 avolans.''

386 482 638 524 Secundum
675 497 815 536 genus
852 489 918 524 est
951 497 1100 524 eorum
1139 489 1352 532 motuum,
1377 484 1450 536 qui
1488 483 1653 525 habent
1683 485 1761 526 ali-

296 557 405 611 quid
444 557 711 598 incommodi
750 572 800 598 ac
837 557 998 598 laboris
1030 564 1077 598 ut
1107 559 1264 599 decore
1300 558 1434 599 fiant:
1482 564 1529 599 ut
1560 559 1594 599 si
1631 559 1762 601 flexis

294 646 425 673 orans
460 633 645 686 genibus
684 633 875 673 scabello
911 647 997 674 non
1036 634 1264 683 innitaris;
1325 634 1360 674 si
1398 633 1555 674 sedens
1593 648 1679 675 non
1716 640 1763 676 te

293 713 439 748 totum
472 707 515 747 in
547 706 653 748 sella
682 713 944 761 prosternas,
969 714 1012 748 et
1034 708 1367 761 quodammodo
1388 715 1432 749 te
1454 708 1730 762 derelinquas
1742 723 1760 760 ,;

293 781 329 821 si
361 788 483 822 stans
515 782 674 835 pedem
706 781 807 835 pedi
840 795 927 822 non
960 782 1166 835 implices,
1191 796 1352 835 eosque
1378 797 1496 836 saepe
1523 790 1759 836 permutes,

293 862 371 896 aut
412 855 552 896 femur
593 855 745 896 femori
787 870 1085 909 superponas:
1138 870 1236 909 quae
1278 858 1384 898 vitia
1425 864 1551 898 notat
1592 859 1635 898 in
1677 872 1760 899 suo

294 929 586 983 Paedagogiol
615 930 819 971 Clemens
853 929 1197 970 Alexandrinus.
1262 931 1375 971 Item
1414 933 1448 972 si
1482 932 1632 984 jacens
1669 946 1756 973 non

294 1005 494 1045 membra
530 1004 757 1057 dispergas
798 1018 847 1044 ac
875 1004 1042 1056 jactes;
1075 1005 1109 1044 si
1147 1006 1421 1053 accumbens,
1461 1006 1633 1047 cubitos
1669 1020 1756 1048 non

293 1079 493 1132 porrigas
529 1092 662 1132 supra
699 1092 923 1119 mensam:
965 1079 1001 1119 si
1038 1080 1333 1129 oscitationes,
1367 1081 1760 1133 pandiculationes,

292 1159 338 1194 et
379 1153 422 1193 id
465 1167 604 1207 genus
646 1152 742 1201 alia,
786 1167 896 1206 quae,
941 1159 990 1193 ut
1032 1153 1235 1194 Clemens
1281 1154 1354 1203 ait,
1399 1161 1500 1195 sunt
1541 1155 1758 1196 instabilis

292 1227 428 1269 animi
471 1226 678 1277 fastidia,2
711 1228 830 1268 omni
873 1228 1040 1268 ratione
1076 1230 1195 1269 vites.
1260 1229 1416 1270 Monet
1452 1231 1570 1270 enim
1613 1231 1756 1271 Bona-

290 1309 475 1343 ventura
525 1316 683 1355 corpus
734 1309 778 1343 et
829 1302 1006 1344 brachia
1057 1304 1398 1357 comprimenda,
1448 1319 1503 1345 ne
1553 1319 1605 1346 ea
1655 1318 1755 1346 cum

290 1378 469 1431 pigritia
501 1377 724 1430 taedioque
757 1378 1006 1431 protendas.
1085 1379 1211 1432 Spec.
1233 1380 1383 1433 discip.
1405 1394 1443 1433 p.
1470 1391 1505 1431 3.
1530 1394 1561 1420 c.
1587 1390 1624 1432 7.
1647 1380 1755 1433 lege.

292 1453 499 1505 Denique
531 1465 684 1492 omnes
716 1451 774 1491 illi
808 1459 954 1493 motus
986 1452 1266 1493 {edificationi
1299 1454 1560 1504 deserviunt,
1586 1456 1629 1495 in
1661 1455 1757 1508 qui-

291 1527 375 1567 bus
412 1526 576 1579 aliquid
619 1526 779 1566 laboris
815 1533 948 1579 atque
990 1528 1258 1568 incommodi
1300 1542 1458 1582 corpus
1498 1531 1673 1582 patitur,
1709 1535 1757 1570 ut

290 1601 521 1642 modestiae
543 1601 702 1641 decoro
724 1602 973 1641 serviamus.
1038 1602 1171 1642 Ratio
1192 1602 1321 1655 hujus
1353 1609 1445 1643 est:
1477 1604 1578 1656 quia
1606 1603 1755 1656 hujus-

291 1676 413 1716 modi
447 1681 594 1715 motus
626 1675 822 1715 indicant
844 1675 1065 1716 hominem
1094 1677 1159 1716 sui
1182 1677 1403 1717 commodi
1437 1678 1756 1731 negligentem;

291 1751 489 1803 quisquis
526 1757 675 1790 autem
707 1764 835 1790 suum
868 1750 1151 1791 commodum
1186 1751 1380 1805 negligit,
1408 1752 1444 1792 is
1475 1752 1755 1792 admirationi

291 1831 426 1878 atque
467 1824 745 1865 aedificationi
789 1830 854 1864 est
899 1825 1131 1865 omnibus:
1192 1832 1345 1866 contra
1385 1840 1498 1877 vero,
1541 1827 1615 1880 qui
1666 1827 1756 1867 suis

290 1901 440 1940 studet
476 1900 732 1948 commodis,
762 1900 1003 1941 offensioni.
1078 1907 1132 1941 20.
1167 1900 1285 1954 Quia
1320 1901 1570 1954 hujusmodi
1609 1908 1756 1942 motus

292 1975 489 2015 indicant
525 1975 748 2015 hominem
783 1975 963 2015 minime
1000 1975 1204 2025 mollem;
1242 1977 1444 2017 contrarii
1473 1991 1575 2018 vero
1608 1983 1753 2017 motus

290 2050 622 2097 effoeminatum‚
675 2063 726 2089 ac
768 2050 958 2096 mollem,
990 2050 1274 2103 animumque
1310 2065 1389 2092 suo
1426 2053 1593 2106 corpori
1635 2052 1753 2093 haud

290 2125 606 2164 dominantem.
671 2124 977 2164 Bonaventura
999 2125 1054 2165 de
1076 2125 1197 2165 infor.
1221 2127 1352 2166 novit.
1376 2141 1409 2167 c.
1434 2137 1497 2167 20.
1544 2130 1564 2146 “
1583 2126 1753 2168 Sedens

288 2212 379 2239 non
413 2200 535 2252 pigre
569 2199 612 2238 in
647 2199 761 2239 latus
795 2199 976 2239 reclines
1009 2206 1064 2249 te,
1092 2213 1171 2240 nec
1204 2215 1329 2241 crura
1362 2201 1493 2255 longe
1522 2201 1751 2242 extendas.

290 2274 501 2313 [Exterior
523 2274 638 2313 enim
662 2274 972 2326 incompositio
994 2275 1185 2327 corporis
1207 2282 1273 2315 est
1295 2276 1502 2315 indicium
1532 2276 1751 2316 indevotae

289 2347 486 2388 mentis.''
581 2347 640 2387 Et
679 2347 842 2387 Beatus
880 2348 1017 2388 Isaias
1053 2348 1211 2389 Abbas
1247 2363 1305 2389 or.
1337 2360 1371 2400 3.
1440 2349 1523 2391 “Si
1562 2351 1604 2390 in
1642 2350 1751 2391 cella

287 2420 401 2470 tua,''
434 2421 586 2474 inquit,
617 2424 780 2462 “vacas
822 2423 1073 2474 precationi,
1106 2428 1173 2463 sta
1214 2423 1257 2462 in
1294 2423 1450 2464 timore
1487 2424 1582 2473 Dei,
1616 2438 1670 2465 ne
1707 2431 1751 2465 te

286 2496 432 2549 ipsum
464 2496 520 2536 ad
552 2497 765 2549 parietem
797 2496 990 2544 inclines,
1023 2510 1077 2536 ne
1109 2498 1170 2537 ita
1200 2503 1368 2538 statuas
1400 2499 1535 2551 pedes
1567 2505 1677 2548 tuos,
1701 2505 1750 2540 ut

283 2570 330 2610 in
367 2584 455 2611 uno
492 2577 591 2620 stes,
627 2576 670 2610 et
702 2570 1031 2620 alte1·umtollas‚
1054 2577 1102 2612 ut
1133 2572 1255 2613 stulti
1287 2572 1517 2614 faciunt.''3
1578 2574 1748 2615 Similia

283 2645 420 2686 tradit
453 2645 658 2686 Clemens
689 2646 732 2685 in
765 2645 936 2699 Paedag.

370 2720 568 2761 Tertium
604 2733 743 2773 genus
778 2726 844 2760 est
879 2734 1028 2761 eorum
1063 2727 1264 2762 motuum
1298 2729 1432 2776 atque
1459 2729 1676 2776 gestuum,
1702 2723 1746 2763 in

281 2795 441 2848 quibus
463 2794 659 2835 studium
691 2794 936 2835 honestatis
965 2795 1134 2837 elucet:
1165 2810 1267 2837 nam
1290 2799 1363 2850 qui
1395 2797 1560 2838 habent
1581 2797 1744 2850 aliquid

279 2870 510 2920 immundi,
553 2875 629 2910 aut
669 2869 844 2918 sordidi,
889 2883 977 2909 non
1021 2871 1155 2911 modo
1195 2871 1360 2913 nullam
1407 2872 1744 2913 aedificationem

325 2958 339 2978 ²
364 2961 404 2992 L.
424 2968 454 2992 2.
476 2960 607 3001 Paedag.
629 2971 656 2992 c.
679 2967 708 3001 7.
844 2958 858 2978 ²
881 2960 920 2992 L.
940 2969 970 2993 2.
994 2961 1127 3002 Paedag.
1146 2973 1176 2993 c.
1193 2970 1225 3001 9.
1359 2961 1373 2980 ³
1396 2963 1434 2994 B.
1457 2963 1559 2994 Isaias
1580 2962 1706 2994 Abbas.
