1903 3197
656 177 735 223 De
771 177 1017 223 castitate.
1472 190 1497 235 3
1506 191 1530 235 3
1538 190 1566 234 9

101 313 317 354 erubescis
358 317 620 365 peccatores,
665 310 913 361 metuisque
955 322 1010 348 ne
1050 309 1232 348 videant
1274 308 1441 361 flagitia
1477 314 1565 358 tua,

100 394 267 441 quanto
309 386 448 438 magis
491 385 637 424 Deum
674 383 810 423 vereri
843 382 990 431 debes,
1026 382 1093 421 cui
1136 381 1231 421 haec
1270 383 1418 422 omnia
1465 387 1566 422 sunt

102 460 365 502 manifesta?
430 459 530 498 Hoc
562 456 767 510 praesidio
797 455 1005 495 adversus
1041 455 1310 507 impudicam
1344 456 1565 505 feminam,

100 549 199 588 quae
233 548 278 575 se
314 534 370 574 ad
408 532 623 585 flagitium
660 530 902 583 procaciter
933 529 1156 577 incitabat,
1193 542 1324 568 ausus
1359 535 1425 568 est
1462 529 1566 568 olim

102 609 144 651 S.
163 608 398 662 Ephraem;
431 605 642 646 simulans
665 605 780 644 enim
805 603 897 655 ejus
930 616 976 642 se
1008 602 1240 655 cupiditati
1264 601 1374 641 velle
1397 603 1567 651 servire,

101 683 232 723 duxit
268 695 364 722 eam
398 681 440 720 in
472 678 802 719 celeberrimam
835 677 971 717 totius
1003 676 1122 715 urbis
1154 675 1360 728 plateam,
1390 688 1568 715 conver-

101 770 260 809 susque
288 755 344 795 ad
374 752 627 793 mulierem:
660 756 681 771 “
700 751 822 800 Hic,”
854 751 1006 802 inquit,
1033 749 1186 801 “quod
1220 763 1245 789 a
1278 763 1348 788 me
1375 748 1568 801 requiris,

99 827 317 883 agamus''
378 827 490 868 Cum
514 826 586 866 illa
609 826 832 873 abnueret,
856 823 1093 875 oculosque
1115 822 1345 862 hominum
1369 836 1415 862 se
1438 822 1569 862 refor-

102 903 269 943 midare
305 900 598 941 contenderet.
678 899 795 938 Tum
838 897 1078 951 Ephraem:
1131 896 1218 936 “Si
1262 895 1373 945 ora‚”
1417 896 1569 948 inquit,

100 976 366 1016 “hominum
404 974 632 1023 erubescis,
670 987 745 1013 cur
778 973 924 1012 Deum
958 971 1104 1024 potius
1137 971 1286 1010 onmia
1318 976 1569 1010 cernentem

100 1063 188 1091 non
221 1047 520 1089 erubescas?''
595 1047 696 1099 Quo
739 1046 858 1085 dicto
901 1050 1092 1084 scortum
1135 1043 1254 1091 illud,
1298 1043 1355 1083 ab
1398 1044 1570 1096 impura

101 1124 175 1164 illa
197 1138 247 1164 ac
270 1123 489 1176 flagitiosa
510 1122 610 1169 vita,
635 1121 691 1160 ad
716 1120 886 1172 frugem
910 1119 1337 1169 sanctimoniamque
1360 1118 1568 1158 traduxit.

104 1198 200 1237 Nec
240 1196 439 1237 absimile
483 1196 528 1235 B.
553 1194 810 1234 Antoninus
843 1198 989 1232 narrat
1022 1191 1278 1244 exemplum
1312 1191 1367 1231 de
1399 1191 1571 1231 Thaide

103 1272 339 1319 meretrice,
404 1284 536 1322 quam
615 1268 889 1321 Paphnutius
967 1267 1185 1306 revocavit
1247 1266 1301 1305 ad
1364 1266 1570 1318 frugem;

100 1351 279 1398 rogatus
312 1345 427 1384 enim
456 1344 521 1383 vir
552 1348 729 1382 sanctus
763 1342 818 1381 ab
851 1355 902 1380 ea
935 1346 982 1380 ut
1020 1353 1147 1379 suum
1186 1339 1435 1379 cubiculum
1469 1353 1571 1380 con-

101 1419 340 1467 scenderet,
393 1417 671 1457 secretiorem
728 1415 953 1467 requisivit
1004 1414 1160 1453 locum.
1246 1413 1358 1453 Cum
1412 1413 1485 1453 illa
1527 1413 1570 1453 in

101 1493 348 1533 interiorem
379 1491 619 1544 quemdam
653 1502 869 1530 recessum
904 1488 1105 1527 duxisset
1126 1486 1364 1535 hominem,
1388 1486 1571 1527 “Nemo

102 1567 367 1618 testinquit,
408 1564 511 1604 “hic
547 1564 694 1603 videre
731 1564 904 1616 poterit,
937 1561 1162 1601 hominem
1198 1560 1232 1600 si
1264 1560 1451 1610 vereris;
1504 1560 1570 1599 sin

101 1647 248 1681 autem
278 1639 438 1680 vereris
472 1639 629 1687 Deum,
654 1649 933 1689 quocumque
966 1649 1044 1675 nos
1077 1634 1366 1683 includamus,
1392 1633 1463 1673 ille
1491 1647 1571 1674 nos

101 1712 291 1766 aspicit.'’
356 1712 438 1753 Cui
471 1711 770 1764 Paphnutius:
810 1708 978 1759 “Scis‚'’
1013 1709 1164 1760 inquit,
1191 1708 1373 1747 “Deum
1408 1706 1568 1747 esse?''

103 1786 272 1835 “Scio,”
296 1786 438 1838 inquit
460 1785 543 1835 illa,
563 1788 637 1824 “et
660 1785 752 1837 ejus
771 1784 965 1824 futurum
989 1796 1185 1835 regnum,
1203 1788 1246 1822 et
1269 1782 1569 1834 improborum

103 1859 352 1913 supplicia.’'
427 1859 512 1900 “Si
544 1857 674 1907 haec‚''
709 1858 863 1910 inquit,
903 1860 922 1875 “
941 1857 1067 1905 nosti,
1103 1869 1177 1895 cur
1212 1860 1280 1894 tot
1311 1855 1480 1894 animas
1513 1853 1569 1894 ad

101 1933 262 1974 inferos
304 1932 453 1980 trudis,
496 1945 575 1984 pro
618 1931 777 1983 quibus
819 1944 927 1970 mox
973 1929 1071 1968 Deo
1118 1928 1334 1968 rationem
1387 1926 1570 1967 reddere

98 2007 235 2060 judici
277 2005 525 2046 debebis?''
600 2005 737 2057 Cujus
780 2004 852 2044 illa
888 2004 1044 2051 verbis,
1078 2009 1291 2054 tanquam
1330 2015 1353 2040 e
1389 2007 1569 2042 veterno

101 2080 295 2134 quodam
330 2079 535 2127 excitata,
573 2079 752 2131 resipuit
787 2078 913 2126 illico,
948 2077 990 2116 in
1021 2082 1277 2128 arctamque
1311 2088 1357 2114 se
1394 2074 1570 2115 inclusit

100 2154 359 2203 custodiam,
396 2160 571 2206 tresque
613 2154 731 2206 ipsos
773 2166 911 2192 annos
949 2152 992 2190 in
1031 2150 1240 2191 acerrima
1272 2149 1568 2201 diuturnaque

99 2228 361 2282 poenitentia
399 2228 619 2268 conticuit.
701 2227 834 2266 Tanti
877 2232 943 2266 est
984 2224 1229 2265 recordatio
1273 2224 1422 2263 Divini
1465 2237 1568 2263 con-

37 2297 40 2299 *
100 2302 297 2356 spectus!
380 2302 496 2342 Tum
540 2308 688 2342 autem
731 2301 975 2341 maximam
1018 2301 1107 2339 vim
1157 2298 1293 2338 habet
1333 2297 1418 2337 hoc
1458 2311 1570 2350 prae-

100 2377 260 2417 sidium
302 2377 358 2417 ad
401 2376 648 2417 custodiam
691 2375 919 2424 castitatis,
963 2387 1062 2414 cum
1116 2373 1171 2413 ab
1218 2386 1282 2421 eo,
1325 2371 1392 2411 cui
1434 2371 1568 2411 fidem

101 2451 303 2491 dedimus
327 2456 370 2491 et
399 2450 649 2491 castitatem
680 2455 875 2490 nostram
898 2449 1109 2497 vovimus,
1132 2447 1268 2487 videri
1300 2452 1342 2486 et
1375 2446 1568 2499 conspici

102 2536 180 2564 nos
230 2525 538 2573 meminimus;
592 2524 807 2564 erubescit
851 2523 967 2563 enim
1011 2522 1158 2562 anima
1198 2519 1482 2560 vehementer
1524 2525 1568 2560 et

104 2610 266 2650 magno
308 2598 474 2650 pudore
516 2597 801 2651 perfunditur,
845 2598 879 2636 si
915 2602 1065 2637 contra
1102 2595 1385 2648 sponsionem
1430 2606 1566 2642 suam,

102 2676 342 2723 contraque
373 2671 506 2711 fidem
539 2671 777 2723 spiritualis
810 2670 1002 2723 conjugii
1035 2683 1081 2709 se
1115 2668 1268 2709 fecisse
1303 2672 1511 2719 arguatur
1541 2679 1567 2705 a

101 2756 264 2796 sponso
300 2744 409 2793 Deo,
443 2744 633 2796 inquam,
669 2745 736 2784 cui
780 2758 857 2797 per
888 2743 1136 2784 castitatem
1171 2742 1437 2794 desponsata
1470 2743 1566 2788 est;

101 2829 190 2857 non
222 2830 346 2858 secus
375 2831 426 2857 ac
454 2831 617 2870 sponsa
647 2824 779 2870 pavet
801 2825 845 2858 et
870 2817 1097 2865 erubescit,
1120 2827 1220 2855 cum
1243 2827 1268 2853 a
1290 2814 1382 2853 viro
1412 2824 1491 2851 suo
1523 2810 1567 2850 in

101 2890 317 2931 adulterio
340 2890 612 2944 deprehensa
634 2897 708 2931 est.

278 2964 320 2995 W
358 2967 381 2995 2
