1903 3197
489 139 701 185 Ubinam
736 135 991 198 (edfficalzo
1026 138 1121 184 sita
1156 137 1229 183 sit.
1498 151 1594 197 549

115 277 346 330 'Joannem
378 271 624 325 Baptistam
649 270 927 309 Discatorem
951 268 1158 321 singulari
1180 269 1338 309 virtute
1361 269 1596 322 praeditum

123 349 374 403 complures
400 345 590 387 vidimus
622 349 665 384 et
702 341 960 391 audivimus,
994 348 1042 382 ut
1073 342 1283 383 miraculo
1314 356 1452 396 prope
1483 350 1598 383 esset

115 423 332 465 omnibus
383 419 610 460 hominem
662 415 818 456 mediis
884 415 927 454 in
995 416 1246 468 angoribus*
1285 417 1436 465 morbi,
1490 417 1597 456 nihil

119 509 325 550 ‘unquam
360 508 386 534 a
415 491 622 533 ministris
654 502 846 543 poscere,
880 487 987 527 nihil
1019 489 1314 541 expostulare,
1351 489 1456 530 nihil
1494 503 1597 530 con-

127 573 260 626 queri,
296 577 344 612 ut
380 568 533 622 aegroti
569 566 722 607 solent.
802 564 956 605 Solent
990 565 1105 603 enim
1141 564 1348 617 plerique,
1385 571 1432 605 ut
1466 578 1598 618 supra

126 644 481 700 significavimus,
526 640 659 681 etiam
712 650 898 691 quorum
940 637 1032 677 vita
1083 637 1315 677 laudabilis
1355 638 1597 688 videbatur,

127 733 229 761 cum
252 719 295 759 in
318 717 522 758 morbum
546 712 788 761 inciderint,
813 724 908 752 esse
930 712 1201 759 morosiores,
1226 718 1269 751 et
1300 711 1342 751 in
1367 711 1598 764 exigendis

115 793 282 834 rofficiis
314 789 626 842 obsequiisque
658 785 911 840 permolesti
945 785 1213 838 querulique,
1248 798 1348 825 cum
1381 792 1457 826 aut
1488 792 1599 826 tem-

127 866 299 921 pestiva
342 863 536 905 remedia
589 875 677 901 non
729 865 1034 913 suggeruntur,
1079 865 1166 908 aut,
1210 859 1284 911 qui
1337 859 1600 909 ministrant,

126 940 283 981 subitis
326 935 659 978 necessitatibus
703 947 789 974 non
833 939 1076 981 occurrunt,
1118 939 1195 973 aut
1236 932 1321 973 cibi
1363 947 1422 973 ex
1464 932 1599 973 animi

115 1013 345 1054 *sententia
389 1025 476 1051 non
520 1014 799 1063 apparantur,
843 1013 920 1047 aut
962 1006 1152 1058 denique
1194 1007 1392 1059 obsequii
1434 1006 1600 1058 aliquid

126 1085 432 1139 hujuscemodi
457 1083 568 1124 forte
597 1082 847 1135 neglectum
877 1094 928 1121 ac
961 1079 1304 1133 praetermissum
1328 1085 1402 1120 est.
1467 1078 1602 1131 Quod

115 1161 310 1212 -quidem
344 1158 499 1199 vitium
534 1156 730 1197 maxime
768 1156 924 1207 cuique
958 1154 1204 1194 cavendum
1238 1154 1281 1193 in
1313 1153 1442 1194 tertia
1478 1158 1603 1206 parte

128 1233 330 1288 praecipit
385 1232 549 1271 Noster
603 1230 742 1277 Pater,
786 1241 887 1268 cum
933 1227 1005 1276 ait,
1052 1227 1192 1267 “Non
1239 1227 1519 1280 impatientes
1562 1232 1607 1266 et

129 1320 329 1348 morosos
351 1319 398 1345 se
420 1301 734 1345 exhibendo.’'l
780 1302 839 1342 Et
864 1303 908 1341 B.
930 1302 1198 1341 Benedictus
1222 1301 1265 1340 in
1288 1301 1377 1341 suis
1401 1300 1562 1353 regulis
1580 1298 1606 1340 :2

129 1378 296 1434 “Ipsi,”
331 1378 484 1431 inquit,
519 1376 714 1417 “infirmi
753 1375 1032 1416 considerent
1071 1375 1113 1414 in
1149 1375 1360 1415 honorem
1400 1375 1485 1414 Dei
1523 1374 1606 1421 sibi

114 1453 288 1502 serviri,
327 1458 371 1493 et
413 1465 501 1492 non
544 1450 847 1504 superfluitate
888 1462 967 1489 sua
1011 1449 1273 1489 contristent
1311 1447 1465 1488 fratres
1502 1461 1605 1488 suos

113 1528 365 1569 servientes
398 1525 517 1566 sibi.''
589 1526 751 1565 Beatus
786 1524 919 1563 etiam
958 1523 1217 1562 Franciscus
1254 1535 1355 1562 suos
1394 1521 1605 1561 monebat

129 1601 343 1650 alumnos,
368 1606 416 1640 ut
448 1600 492 1639 in
525 1599 630 1652 ipsis
664 1611 841 1651 quoque
879 1596 1042 1636 morbis
1082 1595 1335 1635 meminisse
1365 1595 1528 1635 vellent
1560 1607 1607 1635 se

129 1689 224 1717 esse
262 1675 437 1715 Fratres
471 1673 692 1713 Minores:
743 1672 930 1723 ideoque
965 1684 1052 1710 non
1085 1683 1136 1710 ea
1168 1670 1327 1710 debere
1357 1669 1604 1718 commoda,

115 1763 230 1803 *quae
266 1747 492 1795 seculares,
529 1746 668 1794 velle;
703 1745 900 1797 alioquin
935 1744 1042 1783 nihil
1072 1743 1184 1783 inter
1204 1750 1423 1804 'utrosque
1457 1743 1606 1782 discri-

131 1823 263 1863 minis
286 1821 387 1871 fore,
413 1833 557 1872 neque
590 1820 709 1872 apud
742 1818 889 1858 Deum
923 1817 1064 1857 meriti
1097 1817 1335 1870 plurimum
1368 1816 1607 1864 habituros,

115 1897 166 1938 ⁴si
197 1895 291 1949 ejus
323 1894 466 1947 gratia
500 1892 783 1933 incommoda
812 1891 960 1944 aliqua
982 1890 1050 1931 vel
1081 1891 1192 1931 inter
1223 1890 1400 1931 morbos
1420 1889 1608 1931 tolerare

132 1967 437 2023 negligerent.3

218 2044 382 2093 Tertio,
418 2041 745 2095 praesefere11da
769 2047 834 2080 est
856 2039 1070 2093 patientia
1103 2039 1146 2078 in
1167 2036 1488 2091 amplectendis
1520 2049 1608 2078 non

132 2119 266 2159 modo
298 2130 426 2170 aequo
461 2115 538 2157 sed
571 2115 705 2156 etiam
737 2114 950 2168 gaudenti
982 2113 1132 2153 animo
1164 2111 1468 2153 occasionibus
1499 2110 1608 2151 tole-

131 2193 297 2241 santiae,
321 2197 370 2231 ut
391 2190 529 2231 crucis
554 2189 715 2231 Christi
738 2188 968 2229 videamur
988 2187 1117 2228 amici
1145 2200 1233 2228 non
1262 2185 1454 2236 inimici3
1487 2184 1606 2239 quod

132 2268 239 2308 item
278 2265 442 2306 factum
480 2264 684 2305 videmus
721 2277 747 2303 a
783 2263 956 2303 sanctis.
1021 2261 1139 2301 Nam
1176 2261 1232 2301 de
1270 2261 1315 2300 Β.
1334 2259 1422 2313 Job
1459 2258 1610 2300 scribit

134 2339 452 2393 Polychronius
487 2338 733 2391 episcopus,
768 2349 868 2376 eum
900 2334 1145 2376 tolerantiae
1184 2334 1443 2375 exercendae
1474 2345 1609 2374 causa

115 2427 235 2454 suos
271 2413 490 2453 cruciatus
526 2411 768 2464 asperiores
806 2409 996 2451 voluisse
1029 2409 1181 2459 facere,
1216 2409 1323 2449 dum
1360 2413 1485 2458 testa,
1523 2405 1608 2448 hoc

138 2492 204 2527 est
225 2492 341 2527 terra
374 2486 473 2538 igne
496 2486 665 2534 durata,
691 2484 858 2525 saniem
889 2483 1072 2532 raderet,
1096 2488 1141 2523 et
1167 2496 1246 2523 sua
1274 2487 1434 2536 sponte
1461 2494 1609 2535 asper-

139 2561 297 2600 rimam
349 2558 610 2612 amplexum
653 2572 747 2599 esse
790 2563 1127 2612 paupertatem;
1179 2569 1368 2609 cumque
1418 2553 1610 2595 leniendi

137 2633 279 2675 morbi
312 2632 478 2673 nullam
508 2633 724 2673 rationem
754 2632 944 2681 duceret,
970 2631 1168 2672 invidum
1199 2630 1373 2671 hostem
1406 2629 1611 2682 despera-

124 2708 260 2749 tione
283 2706 474 2759 fregisse.
510 2707 674 2746 Beatus
697 2706 803 2746 item
828 2705 1102 2756 Pachomius,
1127 2717 1228 2746 cum
1251 2703 1359 2744 febri
1381 2702 1612 2751 laboraret,

443 2817 455 2836 1
482 2820 518 2851 P.
539 2827 571 2860 3.
592 2829 619 2851 c.
640 2819 660 2850 1.
683 2821 708 2857 ξ.
733 2827 781 2859 17.
1110 2816 1123 2835 2
1149 2818 1230 2859 Reg.
1253 2816 1303 2857 36.

622 2869 636 2888 ³
662 2870 785 2902 Chron.
805 2870 827 2902 1.
847 2878 877 2902 2.
902 2878 928 2903 1.
949 2881 1018 2912 par.
1039 2880 1066 2901 c.
1088 2877 1139 2910 30.
