1903 3197
478 133 773 196 AEdz'ficatz'o
808 135 866 180 ab
901 135 1106 196 aegrotz‘s,
1133 141 1210 182 etc.
1490 149 1513 195 5
1524 149 1547 196 5
1560 149 1584 196 7

116 264 263 317 aliquo
297 278 477 306 munere
510 280 560 306 ac
595 265 741 315 dono;
783 271 832 306 ut
865 265 994 306 facile
1026 266 1166 319 possit
1198 265 1398 320 intelligi,
1422 272 1466 307 et
1498 282 1585 321 quo

115 339 233 392 apud
267 340 414 380 Deum
456 339 552 380 loco
594 340 691 387 sint,
726 339 800 391 qui
843 339 1020 380 morbos
1061 354 1163 380 suos
1202 354 1301 380 cum
1343 341 1583 393 gratiarum

116 412 258 452 ferunt
280 413 462 461 actione,
486 418 530 453 et
561 412 713 465 quanti
743 412 799 452 sit
828 413 1030 462 muneris,
1054 419 1102 453 ut
1125 427 1232 453 mox
1256 414 1465 463 dicemus,
1489 415 1583 468 ipsa

116 486 307 538 corporis
330 485 567 526 afflictatio.

189 690 215 745 ἕ
249 699 645 742 3.—.ED1F1CAT1‹)
678 699 739 729 AB
771 699 993 730 AEGROTIS
1028 698 1131 738 QUA
1165 699 1388 730 RATIONE
1425 701 1500 731 SIT

695 764 1016 796 PRESTANDA.

204 854 361 894 Restat
392 854 523 907 igitur
553 854 729 894 tertium
763 867 813 894 ac
845 860 1128 906 postremum,
1154 854 1273 906 quod
1309 854 1581 896 Constitutio

116 928 240 967 nobis
273 928 425 977 innuit,
448 927 553 980 quid
575 927 631 967 ad
660 927 774 967 hanc
803 927 1143 968 aedificationem
1167 934 1383 980 aegrotum
1409 929 1583 969 inflam-

117 1014 236 1042 mare
270 1008 411 1054 queat.
477 1002 529 1041 Id
564 1007 711 1042 autem
747 1008 822 1049 est,
851 1001 1041 1054 dignitas
1077 1001 1211 1041 divini
1248 1003 1451 1050 muneris,
1485 1017 1582 1055 quae

117 1075 299 1116 adversa
339 1075 590 1116 valetudine
636 1076 895 1123 continetur,
940 1075 1043 1127 quia
1085 1088 1172 1115 non
1226 1075 1382 1124 minus,
1429 1077 1583 1128 inquit,

115 1149 280 1189 donum
333 1155 397 1189 est
439 1162 571 1201 quam
625 1149 797 1189 sanitas.
861 1148 1105 1188 Verissima
1157 1150 1376 1188 sententia
1419 1155 1496 1197 est,
1542 1156 1586 1189 et

117 1223 264 1275 magni
293 1222 489 1275 Gregorii
524 1223 784 1262 auctoritate
818 1221 1017 1270 firmata3
1062 1222 1135 1274 qui
1173 1222 1214 1260 in
1253 1222 1469 1262 Pastorali
1506 1237 1585 1262 suo

116 1297 176 1335 sic
199 1302 388 1348 aegrotos
410 1295 609 1348 praecipit
633 1295 963 1335 admonendos:
992 1294 1317 1335 “Admonendi
1343 1302 1443 1335 sunt
1467 1297 1584 1349 aegri,

116 1375 164 1409 ut
186 1370 472 1417 considerent,
498 1369 650 1420 quanti
675 1369 729 1408 sit
763 1368 954 1407 muneris
988 1368 1190 1408 molestia
1213 1369 1463 1421 corporalis,
1489 1383 1588 1422 quae

117 1449 160 1483 et
201 1442 393 1483 admissa
435 1447 618 1495 peccata
654 1441 794 1489 diluit,
834 1447 878 1481 et
915 1455 976 1488 ea,
1016 1455 1113 1493 quae
1153 1442 1329 1481 admitti
1369 1448 1586 1494 poterant,

117 1516 381 1569 compescit3
427 1529 526 1568 quse
559 1522 737 1568 sumpta
768 1515 825 1555 ab
860 1515 1151 1554 exterioribus
1184 1515 1326 1567 plagis
1362 1528 1585 1555 concussae

118 1590 252 1630 menti
274 1590 549 1643 poenitentiae
571 1590 749 1629 vulnera
773 1587 993 1640 infligit.'’1

206 1663 307 1711 Sed,
340 1669 398 1711 ut,
430 1663 582 1715 quanti
622 1663 677 1702 sit
716 1662 906 1701 muneris
944 1662 1179 1714 :egrotatis,
1213 1661 1410 1714 pluribus
1448 1663 1590 1715 expli-

118 1750 278 1785 cemus,
313 1736 539 1777 sciendum
578 1742 643 1776 est
682 1749 738 1775 ex
778 1736 822 1774 B.
852 1734 1154 1787 Hieronymo‘2
1185 1736 1323 1776 tribus
1357 1750 1413 1775 ex
1448 1737 1591 1777 causis

117 1811 310 1863 corporis
353 1798 530 1850 morbos
573 1809 779 1849 accidere.
850 1808 945 1848 Aut
989 1809 1104 1848 enim
1149 1823 1206 1849 ex
1244 1811 1502 1859 tentatione,
1541 1817 1590 1850 ut

117 1885 204 1936 Job
241 1890 284 1924 et
316 1883 498 1924 Tobiae:
543 1888 618 1922 aut
656 1897 712 1922 ex
750 1888 944 1934 peccato,
969 1888 1017 1922 ut
1049 1881 1206 1935 Asaph
1241 1883 1342 1934 regi,
1368 1889 1411 1923 et
1449 1884 1487 1922 ei
1523 1885 1590 1923 cui

119 1959 276 1999 dicitur
312 1958 355 1997 in
397 1956 654 2008 Evangelio,
684 1955 823 1995 “Noli
863 1955 1051 2008 amplius
1084 1970 1276 2008 peccare,
1312 1970 1365 1996 ne
1398 1956 1591 1997 deterius

118 2031 199 2071 tibi
237 2030 401 2083 aliquid
441 2029 725 2081 contingat:''
759 2034 835 2068 aut
873 2042 930 2068 ex
969 2028 1115 2081 aliqua
1153 2030 1503 2082 intemperantia,
1544 2037 1592 2071 ut

119 2105 369 2153 Timotheo,
394 2109 438 2144 et
469 2102 536 2143 his
569 2103 642 2155 qui
671 2102 882 2155 jubentur
905 2102 1125 2142 medicum
1148 2102 1372 2143 honorare.
1438 2104 1592 2144 Unde-

121 2192 308 2230 cumque
344 2177 476 2230 igitur
510 2177 689 2216 morbus
723 2176 897 2225 oriatur,
921 2189 1095 2228 semper
1129 2182 1194 2216 est
1226 2177 1308 2215 Dei
1346 2177 1523 2225 donum,
1548 2184 1591 2217 et

122 2253 164 2291 in
208 2250 408 2291 beneficii
451 2255 575 2303 parte
617 2249 924 2289 numerandus.
996 2248 1112 2288 Nam
1152 2249 1185 2288 si
1225 2263 1282 2289 ex
1320 2250 1594 2290 tentatione:

123 2324 282 2365 idcirco
312 2324 477 2365 donum
513 2329 589 2372 est,
618 2329 712 2363 tum
748 2323 851 2374 quia
886 2322 1116 2362 materiam
1152 2322 1293 2362 meriti
1330 2337 1592 2376 coronaeque

124 2398 388 2451 suppeditat,
412 2403 507 2438 tum
531 2397 633 2449 quia
655 2396 930 2436 occasionem
960 2396 1130 2448 praebet
1157 2402 1317 2437 nostrae
1340 2396 1594 2437 hominibus

124 2471 400 2511 declarandae
437 2470 620 2511 virtutis,
699 2469 831 2522 Quod
869 2475 1106 2522 utrumque
1143 2469 1374 2510 observare
1412 2470 1513 2510 licet
1550 2471 1594 2510 in

124 2545 221 2597 Job,
265 2545 332 2584 cui
376 2550 419 2584 et
470 2544 625 2597 ingens
677 2544 933 2583 meritorum
978 2557 1028 2583 ac
1080 2557 1340 2584 coronarum
1383 2557 1508 2597 seges
1551 2550 1595 2583 et

126 2630 288 2669 magna
330 2616 448 2670 apud
498 2616 700 2656 homines
750 2616 900 2668 gloria,
945 2617 1134 2656 tentatio
1186 2617 1326 2657 morbi
1379 2616 1486 2656 fuit:
1540 2616 1595 2655 de

127 2705 215 2744 quo
260 2690 613 2743 Chrysostomus,
658 2688 893 2737 “Vidisti,''
937 2689 1089 2742 inquit,
1133 2692 1337 2742 “quanto
1381 2690 1436 2729 sit
1483 2689 1595 2742 frugi

125 2765 377 2807 hominibus
400 2769 637 2818 paupertas
660 2776 793 2816 quam
817 2763 992 2813 divitiae,
1016 2763 1194 2804 morbus
1217 2777 1351 2816 quam
1375 2763 1595 2813 valetudo,

366 2845 375 2865 ¹
404 2846 490 2877 Past.
511 2856 543 2887 p.
560 2853 589 2885 9.
611 2845 698 2876 adm.
720 2853 766 2885 13.
905 2843 918 2863 2
943 2844 983 2876 In
1004 2853 1029 2877 1.
1047 2845 1089 2876 ad
1115 2844 1263 2878 Corinth.
1285 2855 1310 2878 e.
1330 2853 1360 2885 9.
