<?xml version="1.0" encoding="UTF-8"?>
<!DOCTYPE html PUBLIC "-//W3C//DTD XHTML 1.0 Transitional//EN"
    "http://www.w3.org/TR/xhtml1/DTD/xhtml1-transitional.dtd">
<html xmlns="http://www.w3.org/1999/xhtml" xml:lang="en" lang="en">
 <head>
  <title>
</title>
<meta http-equiv="Content-Type" content="text/html;charset=utf-8" />
  <meta name='ocr-system' content='tesseract 3.04.00' />
  <meta name='ocr-capabilities' content='ocr_page ocr_carea ocr_par ocr_line ocrx_word'/>
</head>
<body>
  <div class='ocr_page' id='page_1' title='image "./nicolaiorlandini00orla_0512.png"; bbox 0 0 1903 3197; ppageno 0'>
   <div class='ocr_carea' id='block_1_1' title="bbox 267 141 1411 205">
    <p class='ocr_par' dir='ltr' id='par_1_1' title="bbox 267 141 1411 205">
     <span class='ocr_line' id='line_1_1' title="bbox 267 141 1411 205; baseline -0.005 -12"><span class='ocrx_word' id='word_1_1' title='bbox 267 162 361 205; x_wconf 81' lang='lat'>492</span> <span class='ocrx_word' id='word_1_2' title='bbox 590 146 671 192; x_wconf 77' lang='lat' dir='ltr'>De</span> <span class='ocrx_word' id='word_1_3' title='bbox 704 144 892 191; x_wconf 65' lang='lat' dir='ltr'>ratione</span> <span class='ocrx_word' id='word_1_4' title='bbox 926 143 1119 190; x_wconf 78' lang='lat' dir='ltr'>vivendi</span> <span class='ocrx_word' id='word_1_5' title='bbox 1152 141 1411 189; x_wconf 75' lang='lat' dir='ltr'>Socz&#39;etatz&#39;s.</span> 
     </span>
    </p>
   </div>
   <div class='ocr_carea' id='block_1_2' title="bbox 267 272 1762 2921">
    <p class='ocr_par' dir='ltr' id='par_1_2' title="bbox 267 272 1740 927">
     <span class='ocr_line' id='line_1_2' title="bbox 268 272 1732 330; baseline -0.005 -12"><span class='ocrx_word' id='word_1_6' title='bbox 268 278 504 318; x_wconf 81' lang='lat' dir='ltr'>utilitatem</span> <span class='ocrx_word' id='word_1_7' title='bbox 534 278 688 318; x_wconf 80' lang='lat' dir='ltr'>alienae</span> <span class='ocrx_word' id='word_1_8' title='bbox 718 277 869 318; x_wconf 86' lang='lat' dir='ltr'>salutis</span> <span class='ocrx_word' id='word_1_9' title='bbox 904 281 1165 330; x_wconf 72' lang='lat' dir='ltr'>praetexant.</span> <span class='ocrx_word' id='word_1_10' title='bbox 1228 273 1451 314; x_wconf 87' lang='lat' dir='ltr'>Auferunt</span> <span class='ocrx_word' id='word_1_11' title='bbox 1486 272 1618 324; x_wconf 81' lang='lat' dir='ltr'>igitur</span> <span class='ocrx_word' id='word_1_12' title='bbox 1654 285 1732 311; x_wconf 83' lang='lat' dir='ltr'>ex-</span> 
     </span>
     <span class='ocr_line' id='line_1_3' title="bbox 267 345 1734 405; baseline -0.006 -13"><span class='ocrx_word' id='word_1_13' title='bbox 267 359 393 393; x_wconf 87' lang='lat' dir='ltr'>terna</span> <span class='ocrx_word' id='word_1_14' title='bbox 427 352 612 405; x_wconf 88' lang='lat' dir='ltr'>prandia</span> <span class='ocrx_word' id='word_1_15' title='bbox 641 351 829 392; x_wconf 88' lang='lat' dir='ltr'>multum</span> <span class='ocrx_word' id='word_1_16' title='bbox 864 351 990 391; x_wconf 86' lang='lat' dir='ltr'>nobis</span> <span class='ocrx_word' id='word_1_17' title='bbox 1018 350 1242 403; x_wconf 89' lang='lat' dir='ltr'>temporis,</span> <span class='ocrx_word' id='word_1_18' title='bbox 1270 348 1359 387; x_wconf 88' lang='lat' dir='ltr'>sive</span> <span class='ocrx_word' id='word_1_19' title='bbox 1393 347 1449 395; x_wconf 89' lang='lat' dir='ltr'>id,</span> <span class='ocrx_word' id='word_1_20' title='bbox 1477 345 1596 398; x_wconf 90' lang='lat' dir='ltr'>quod</span> <span class='ocrx_word' id='word_1_21' title='bbox 1630 349 1734 385; x_wconf 86' lang='lat' dir='ltr'>ante</span> 
     </span>
     <span class='ocr_line' id='line_1_4' title="bbox 269 418 1737 479; baseline -0.006 -13"><span class='ocrx_word' id='word_1_22' title='bbox 269 425 415 466; x_wconf 88' lang='lat' dir='ltr'>cibum</span> <span class='ocrx_word' id='word_1_23' title='bbox 439 426 592 465; x_wconf 89' lang='lat' dir='ltr'>teritur</span> <span class='ocrx_word' id='word_1_24' title='bbox 612 431 794 479; x_wconf 88' lang='lat' dir='ltr'>spectes,</span> <span class='ocrx_word' id='word_1_25' title='bbox 814 426 903 465; x_wconf 88' lang='lat' dir='ltr'>sive</span> <span class='ocrx_word' id='word_1_26' title='bbox 925 424 969 464; x_wconf 93' lang='lat' dir='ltr'>id</span> <span class='ocrx_word' id='word_1_27' title='bbox 991 423 1110 477; x_wconf 89' lang='lat' dir='ltr'>quod</span> <span class='ocrx_word' id='word_1_28' title='bbox 1133 421 1374 463; x_wconf 88' lang='lat' dir='ltr'>secundum</span> <span class='ocrx_word' id='word_1_29' title='bbox 1393 419 1539 460; x_wconf 91' lang='lat' dir='ltr'>cibum</span> <span class='ocrx_word' id='word_1_30' title='bbox 1563 418 1737 459; x_wconf 84' lang='lat' dir='ltr'>relaxa-</span> 
     </span>
     <span class='ocr_line' id='line_1_5' title="bbox 270 492 1736 552; baseline -0.005 -13"><span class='ocrx_word' id='word_1_31' title='bbox 270 500 401 539; x_wconf 87' lang='lat' dir='ltr'>tionis</span> <span class='ocrx_word' id='word_1_32' title='bbox 424 500 520 540; x_wconf 92' lang='lat' dir='ltr'>loco</span> <span class='ocrx_word' id='word_1_33' title='bbox 543 500 822 540; x_wconf 87' lang='lat' dir='ltr'>consumitur.</span> <span class='ocrx_word' id='word_1_34' title='bbox 886 499 1040 552; x_wconf 90' lang='lat' dir='ltr'>Atque</span> <span class='ocrx_word' id='word_1_35' title='bbox 1070 497 1184 538; x_wconf 90' lang='lat' dir='ltr'>hanc</span> <span class='ocrx_word' id='word_1_36' title='bbox 1214 496 1347 536; x_wconf 87' lang='lat' dir='ltr'>etiam</span> <span class='ocrx_word' id='word_1_37' title='bbox 1377 506 1554 534; x_wconf 90' lang='lat' dir='ltr'>causam</span> <span class='ocrx_word' id='word_1_38' title='bbox 1584 492 1736 532; x_wconf 87' lang='lat' dir='ltr'>affere-</span> 
     </span>
     <span class='ocr_line' id='line_1_6' title="bbox 271 567 1737 626; baseline -0.006 -12"><span class='ocrx_word' id='word_1_39' title='bbox 271 573 348 613; x_wconf 90' lang='lat' dir='ltr'>bat</span> <span class='ocrx_word' id='word_1_40' title='bbox 384 574 737 626; x_wconf 88' lang='lat' dir='ltr'>Chrysostomus,</span> <span class='ocrx_word' id='word_1_41' title='bbox 772 588 847 614; x_wconf 90' lang='lat' dir='ltr'>cur</span> <span class='ocrx_word' id='word_1_42' title='bbox 877 572 1077 613; x_wconf 88' lang='lat' dir='ltr'>convivia</span> <span class='ocrx_word' id='word_1_43' title='bbox 1109 577 1201 611; x_wconf 91' lang='lat' dir='ltr'>tam</span> <span class='ocrx_word' id='word_1_44' title='bbox 1235 568 1431 610; x_wconf 89' lang='lat' dir='ltr'>studiose</span> <span class='ocrx_word' id='word_1_45' title='bbox 1465 567 1649 617; x_wconf 88' lang='lat' dir='ltr'>vitaret;</span> <span class='ocrx_word' id='word_1_46' title='bbox 1682 578 1737 605; x_wconf 92' lang='lat' dir='ltr'>ne</span> 
     </span>
     <span class='ocr_line' id='line_1_7' title="bbox 273 641 1739 701; baseline -0.006 -13"><span class='ocrx_word' id='word_1_47' title='bbox 273 648 529 696; x_wconf 88' lang='lat' dir='ltr'>orationem,</span> <span class='ocrx_word' id='word_1_48' title='bbox 591 648 916 701; x_wconf 87' lang='lat' dir='ltr'>Metaphrastes</span> <span class='ocrx_word' id='word_1_49' title='bbox 977 646 1131 698; x_wconf 91' lang='lat' dir='ltr'>inquit,</span> <span class='ocrx_word' id='word_1_50' title='bbox 1193 650 1236 684; x_wconf 91' lang='lat' dir='ltr'>et</span> <span class='ocrx_word' id='word_1_51' title='bbox 1297 641 1642 690; x_wconf 78' lang='lat' dir='ltr'>meditationem,</span> <span class='ocrx_word' id='word_1_52' title='bbox 1694 645 1739 680; x_wconf 91' lang='lat' dir='ltr'>et</span> 
     </span>
     <span class='ocr_line' id='line_1_8' title="bbox 268 715 1737 771; baseline -0.005 -11"><span class='ocrx_word' id='word_1_53' title='bbox 268 735 412 762; x_wconf 84' lang='lat' dir='ltr'>rerum</span> <span class='ocrx_word' id='word_1_54' title='bbox 450 722 734 762; x_wconf 85' lang='lat' dir='ltr'>honestarum</span> <span class='ocrx_word' id='word_1_55' title='bbox 773 721 1031 769; x_wconf 74' lang='lat' dir='ltr'>doctrinam,</span> <span class='ocrx_word' id='word_1_56' title='bbox 1069 719 1227 771; x_wconf 90' lang='lat' dir='ltr'>quibus</span> <span class='ocrx_word' id='word_1_57' title='bbox 1264 717 1377 757; x_wconf 91' lang='lat' dir='ltr'>adeo</span> <span class='ocrx_word' id='word_1_58' title='bbox 1411 715 1588 755; x_wconf 86' lang='lat' dir='ltr'>deditus</span> <span class='ocrx_word' id='word_1_59' title='bbox 1628 718 1737 762; x_wconf 89' lang='lat' dir='ltr'>erat,</span> 
     </span>
     <span class='ocr_line' id='line_1_9' title="bbox 273 786 1740 848; baseline -0.006 -13"><span class='ocrx_word' id='word_1_60' title='bbox 273 795 639 848; x_wconf 87' lang='lat' dir='ltr'>interrumperet;</span> <span class='ocrx_word' id='word_1_61' title='bbox 673 808 761 834; x_wconf 89' lang='lat' dir='ltr'>non</span> <span class='ocrx_word' id='word_1_62' title='bbox 796 795 912 833; x_wconf 89' lang='lat' dir='ltr'>enim</span> <span class='ocrx_word' id='word_1_63' title='bbox 948 793 1007 833; x_wconf 89' lang='lat' dir='ltr'>illi</span> <span class='ocrx_word' id='word_1_64' title='bbox 1041 797 1215 832; x_wconf 88' lang='lat' dir='ltr'>tantum</span> <span class='ocrx_word' id='word_1_65' title='bbox 1251 791 1306 830; x_wconf 90' lang='lat' dir='ltr'>ab</span> <span class='ocrx_word' id='word_1_66' title='bbox 1341 804 1386 830; x_wconf 88' lang='lat' dir='ltr'>re</span> <span class='ocrx_word' id='word_1_67' title='bbox 1420 803 1498 829; x_wconf 87' lang='lat' dir='ltr'>sua</span> <span class='ocrx_word' id='word_1_68' title='bbox 1527 794 1619 828; x_wconf 87' lang='lat' dir='ltr'>erat</span> <span class='ocrx_word' id='word_1_69' title='bbox 1647 786 1740 835; x_wconf 90' lang='lat' dir='ltr'>otii,</span> 
     </span>
     <span class='ocr_line' id='line_1_10' title="bbox 275 864 1709 927; baseline -0.006 -18"><span class='ocrx_word' id='word_1_70' title='bbox 275 875 323 909; x_wconf 90' lang='lat' dir='ltr'>ut</span> <span class='ocrx_word' id='word_1_71' title='bbox 345 870 507 909; x_wconf 81' lang='lat' dir='ltr'>mensis</span> <span class='ocrx_word' id='word_1_72' title='bbox 530 876 573 927; x_wconf 87' lang='lat' dir='ltr'>et</span> <span class='ocrx_word' id='word_1_73' title='bbox 596 869 723 908; x_wconf 85' lang='lat' dir='ltr'>rebus</span> <span class='ocrx_word' id='word_1_74' title='bbox 745 866 998 919; x_wconf 91' lang='lat' dir='ltr'>hujusmodi</span> <span class='ocrx_word' id='word_1_75' title='bbox 1022 864 1353 918; x_wconf 79' lang='lat' dir='ltr'>supervacaneis</span> <span class='ocrx_word' id='word_1_76' title='bbox 1375 877 1528 903; x_wconf 87' lang='lat' dir='ltr'>vacare</span> <span class='ocrx_word' id='word_1_77' title='bbox 1549 866 1709 915; x_wconf 89' lang='lat' dir='ltr'>posset.</span> 
     </span>
    </p>

    <p class='ocr_par' dir='ltr' id='par_1_3' title="bbox 275 934 1748 1441">
     <span class='ocr_line' id='line_1_11' title="bbox 366 934 1742 995; baseline -0.007 -13"><span class='ocrx_word' id='word_1_78' title='bbox 366 943 449 982; x_wconf 91' lang='lat' dir='ltr'>His</span> <span class='ocrx_word' id='word_1_79' title='bbox 501 943 633 995; x_wconf 79' lang='lat' dir='ltr'>igitur</span> <span class='ocrx_word' id='word_1_80' title='bbox 684 947 727 981; x_wconf 88' lang='lat' dir='ltr'>et</span> <span class='ocrx_word' id='word_1_81' title='bbox 779 940 993 980; x_wconf 87' lang='lat' dir='ltr'>similibus</span> <span class='ocrx_word' id='word_1_82' title='bbox 1049 938 1293 978; x_wconf 90' lang='lat' dir='ltr'>rationibus</span> <span class='ocrx_word' id='word_1_83' title='bbox 1344 942 1460 976; x_wconf 88' lang='lat' dir='ltr'>recte</span> <span class='ocrx_word' id='word_1_84' title='bbox 1520 934 1742 988; x_wconf 87' lang='lat' dir='ltr'>prohiberi</span> 
     </span>
     <span class='ocr_line' id='line_1_12' title="bbox 275 1008 1742 1068; baseline -0.007 -11"><span class='ocrx_word' id='word_1_85' title='bbox 275 1017 448 1057; x_wconf 83' lang='lat' dir='ltr'>videtur</span> <span class='ocrx_word' id='word_1_86' title='bbox 491 1023 724 1056; x_wconf 77' lang='lat' dir='ltr'>externum</span> <span class='ocrx_word' id='word_1_87' title='bbox 767 1015 1013 1068; x_wconf 85' lang='lat' dir='ltr'>prandium,</span> <span class='ocrx_word' id='word_1_88' title='bbox 1053 1011 1171 1064; x_wconf 89' lang='lat' dir='ltr'>quod</span> <span class='ocrx_word' id='word_1_89' title='bbox 1215 1024 1314 1050; x_wconf 91' lang='lat' dir='ltr'>cum</span> <span class='ocrx_word' id='word_1_90' title='bbox 1357 1008 1634 1057; x_wconf 88' lang='lat' dir='ltr'>secularibus,</span> <span class='ocrx_word' id='word_1_91' title='bbox 1678 1008 1742 1047; x_wconf 91' lang='lat' dir='ltr'>in-</span> 
     </span>
     <span class='ocr_line' id='line_1_13' title="bbox 276 1079 1745 1143; baseline -0.007 -13"><span class='ocrx_word' id='word_1_92' title='bbox 276 1104 422 1143; x_wconf 87' lang='lat' dir='ltr'>quam,</span> <span class='ocrx_word' id='word_1_93' title='bbox 467 1091 609 1130; x_wconf 86' lang='lat' dir='ltr'>initur.</span> <span class='ocrx_word' id='word_1_94' title='bbox 691 1088 767 1128; x_wconf 87' lang='lat' dir='ltr'>An</span> <span class='ocrx_word' id='word_1_95' title='bbox 809 1094 959 1128; x_wconf 90' lang='lat' dir='ltr'>autem</span> <span class='ocrx_word' id='word_1_96' title='bbox 1002 1100 1052 1126; x_wconf 88' lang='lat' dir='ltr'>ea</span> <span class='ocrx_word' id='word_1_97' title='bbox 1094 1084 1290 1138; x_wconf 87' lang='lat' dir='ltr'>prandia,</span> <span class='ocrx_word' id='word_1_98' title='bbox 1323 1097 1422 1135; x_wconf 83' lang='lat' dir='ltr'>quae</span> <span class='ocrx_word' id='word_1_99' title='bbox 1473 1082 1577 1122; x_wconf 87' lang='lat' dir='ltr'>foris</span> <span class='ocrx_word' id='word_1_100' title='bbox 1625 1079 1745 1134; x_wconf 86' lang='lat' dir='ltr'>apud</span> 
     </span>
     <span class='ocr_line' id='line_1_14' title="bbox 277 1154 1745 1214; baseline -0.008 -10"><span class='ocrx_word' id='word_1_101' title='bbox 277 1170 450 1204; x_wconf 86' lang='lat' dir='ltr'>nostros</span> <span class='ocrx_word' id='word_1_102' title='bbox 486 1165 700 1212; x_wconf 89' lang='lat' dir='ltr'>ineuntur,</span> <span class='ocrx_word' id='word_1_103' title='bbox 733 1161 884 1214; x_wconf 82' lang='lat' dir='ltr'>regula</span> <span class='ocrx_word' id='word_1_104' title='bbox 925 1159 1257 1213; x_wconf 82' lang='lat' dir='ltr'>complectatur,</span> <span class='ocrx_word' id='word_1_105' title='bbox 1290 1156 1492 1196; x_wconf 85' lang='lat' dir='ltr'>dubitare</span> <span class='ocrx_word' id='word_1_106' title='bbox 1526 1154 1745 1207; x_wconf 86' lang='lat' dir='ltr'>quispiam</span> 
     </span>
     <span class='ocr_line' id='line_1_15' title="bbox 278 1229 1748 1291; baseline -0.009 -12"><span class='ocrx_word' id='word_1_107' title='bbox 278 1238 442 1291; x_wconf 88' lang='lat' dir='ltr'>possit:</span> <span class='ocrx_word' id='word_1_108' title='bbox 476 1238 553 1278; x_wconf 89' lang='lat' dir='ltr'>sed</span> <span class='ocrx_word' id='word_1_109' title='bbox 591 1251 690 1277; x_wconf 89' lang='lat' dir='ltr'>cum</span> <span class='ocrx_word' id='word_1_110' title='bbox 734 1235 808 1276; x_wconf 79' lang='lat' dir='ltr'>lex</span> <span class='ocrx_word' id='word_1_111' title='bbox 851 1236 946 1288; x_wconf 90' lang='lat' dir='ltr'>ipsa</span> <span class='ocrx_word' id='word_1_112' title='bbox 983 1234 1076 1273; x_wconf 85' lang='lat' dir='ltr'>sine</span> <span class='ocrx_word' id='word_1_113' title='bbox 1114 1231 1377 1284; x_wconf 78' lang='lat' dir='ltr'>exceptione</span> <span class='ocrx_word' id='word_1_114' title='bbox 1418 1229 1633 1281; x_wconf 88' lang='lat' dir='ltr'>loquatur,</span> <span class='ocrx_word' id='word_1_115' title='bbox 1668 1241 1748 1267; x_wconf 76' lang='lat' dir='ltr'>ex-</span> 
     </span>
     <span class='ocr_line' id='line_1_16' title="bbox 279 1301 1746 1363; baseline -0.008 -10"><span class='ocrx_word' id='word_1_116' title='bbox 279 1313 517 1353; x_wconf 86' lang='lat' dir='ltr'>istimanda</span> <span class='ocrx_word' id='word_1_117' title='bbox 540 1317 641 1351; x_wconf 91' lang='lat' dir='ltr'>sunt</span> <span class='ocrx_word' id='word_1_118' title='bbox 674 1309 904 1363; x_wconf 86' lang='lat' dir='ltr'>prohiberi,</span> <span class='ocrx_word' id='word_1_119' title='bbox 927 1308 1028 1348; x_wconf 90' lang='lat' dir='ltr'>licet</span> <span class='ocrx_word' id='word_1_120' title='bbox 1051 1305 1194 1347; x_wconf 70' lang='lat' dir='ltr'>allatce</span> <span class='ocrx_word' id='word_1_121' title='bbox 1227 1304 1418 1345; x_wconf 87' lang='lat' dir='ltr'>rationes</span> <span class='ocrx_word' id='word_1_122' title='bbox 1442 1303 1497 1343; x_wconf 92' lang='lat' dir='ltr'>ad</span> <span class='ocrx_word' id='word_1_123' title='bbox 1530 1301 1746 1342; x_wconf 88' lang='lat' dir='ltr'>seculares</span> 
     </span>
     <span class='ocr_line' id='line_1_17' title="bbox 279 1384 1290 1441; baseline -0.008 -14"><span class='ocrx_word' id='word_1_124' title='bbox 279 1388 425 1441; x_wconf 88' lang='lat' dir='ltr'>potius</span> <span class='ocrx_word' id='word_1_125' title='bbox 450 1400 624 1426; x_wconf 84' lang='lat' dir='ltr'>mensas</span> <span class='ocrx_word' id='word_1_126' title='bbox 648 1398 781 1438; x_wconf 86' lang='lat' dir='ltr'>quam</span> <span class='ocrx_word' id='word_1_127' title='bbox 805 1384 861 1424; x_wconf 89' lang='lat' dir='ltr'>ad</span> <span class='ocrx_word' id='word_1_128' title='bbox 885 1388 1057 1422; x_wconf 89' lang='lat' dir='ltr'>nostras</span> <span class='ocrx_word' id='word_1_129' title='bbox 1080 1385 1290 1433; x_wconf 86' lang='lat' dir='ltr'>spectent.</span> 
     </span>
    </p>

    <p class='ocr_par' dir='ltr' id='par_1_4' title="bbox 282 1449 1749 1735">
     <span class='ocr_line' id='line_1_18' title="bbox 371 1449 1748 1512; baseline -0.009 -11"><span class='ocrx_word' id='word_1_130' title='bbox 371 1461 489 1502; x_wconf 83' lang='lat' dir='ltr'>Satis</span> <span class='ocrx_word' id='word_1_131' title='bbox 527 1460 620 1512; x_wconf 88' lang='lat' dir='ltr'>jam</span> <span class='ocrx_word' id='word_1_132' title='bbox 659 1460 714 1498; x_wconf 89' lang='lat' dir='ltr'>de</span> <span class='ocrx_word' id='word_1_133' title='bbox 751 1458 951 1498; x_wconf 84' lang='lat' dir='ltr'>ordinata</span> <span class='ocrx_word' id='word_1_134' title='bbox 987 1456 1128 1495; x_wconf 87' lang='lat' dir='ltr'>victus</span> <span class='ocrx_word' id='word_1_135' title='bbox 1167 1454 1345 1502; x_wconf 90' lang='lat' dir='ltr'>ratione,</span> <span class='ocrx_word' id='word_1_136' title='bbox 1379 1465 1478 1504; x_wconf 70' lang='lat' dir='ltr'>quae</span> <span class='ocrx_word' id='word_1_137' title='bbox 1515 1451 1558 1490; x_wconf 89' lang='lat' dir='ltr'>in</span> <span class='ocrx_word' id='word_1_138' title='bbox 1595 1449 1748 1490; x_wconf 84' lang='lat' dir='ltr'>ordine</span> 
     </span>
     <span class='ocr_line' id='line_1_19' title="bbox 282 1525 1749 1587; baseline -0.009 -12"><span class='ocrx_word' id='word_1_139' title='bbox 282 1535 505 1587; x_wconf 88' lang='lat' dir='ltr'>temporis,</span> <span class='ocrx_word' id='word_1_140' title='bbox 545 1540 588 1573; x_wconf 92' lang='lat' dir='ltr'>et</span> <span class='ocrx_word' id='word_1_141' title='bbox 630 1533 673 1572; x_wconf 90' lang='lat' dir='ltr'>in</span> <span class='ocrx_word' id='word_1_142' title='bbox 716 1531 927 1583; x_wconf 88' lang='lat' dir='ltr'>cujusque</span> <span class='ocrx_word' id='word_1_143' title='bbox 964 1533 1185 1582; x_wconf 87' lang='lat' dir='ltr'>potestate</span> <span class='ocrx_word' id='word_1_144' title='bbox 1222 1527 1305 1566; x_wconf 90' lang='lat' dir='ltr'>sita</span> <span class='ocrx_word' id='word_1_145' title='bbox 1342 1530 1417 1565; x_wconf 87' lang='lat' dir='ltr'>est.</span> <span class='ocrx_word' id='word_1_146' title='bbox 1498 1525 1665 1571; x_wconf 87' lang='lat' dir='ltr'>Restat,</span> <span class='ocrx_word' id='word_1_147' title='bbox 1700 1529 1749 1563; x_wconf 90' lang='lat' dir='ltr'>ut</span> 
     </span>
     <span class='ocr_line' id='line_1_20' title="bbox 283 1601 1748 1657; baseline -0.009 -8"><span class='ocrx_word' id='word_1_148' title='bbox 283 1609 339 1649; x_wconf 89' lang='lat' dir='ltr'>de</span> <span class='ocrx_word' id='word_1_149' title='bbox 376 1609 580 1648; x_wconf 89' lang='lat' dir='ltr'>ordinato</span> <span class='ocrx_word' id='word_1_150' title='bbox 615 1607 744 1654; x_wconf 88' lang='lat' dir='ltr'>victu,</span> <span class='ocrx_word' id='word_1_151' title='bbox 770 1605 843 1657; x_wconf 91' lang='lat' dir='ltr'>qui</span> <span class='ocrx_word' id='word_1_152' title='bbox 881 1604 924 1643; x_wconf 87' lang='lat' dir='ltr'>in</span> <span class='ocrx_word' id='word_1_153' title='bbox 962 1604 1057 1656; x_wconf 89' lang='lat' dir='ltr'>ipsa</span> <span class='ocrx_word' id='word_1_154' title='bbox 1093 1601 1328 1641; x_wconf 86' lang='lat' dir='ltr'>refectione</span> <span class='ocrx_word' id='word_1_155' title='bbox 1364 1604 1571 1648; x_wconf 85' lang='lat' dir='ltr'>versatur,</span> <span class='ocrx_word' id='word_1_156' title='bbox 1610 1603 1654 1637; x_wconf 91' lang='lat' dir='ltr'>et</span> <span class='ocrx_word' id='word_1_157' title='bbox 1690 1611 1748 1637; x_wconf 84' lang='lat' dir='ltr'>eX</span> 
     </span>
     <span class='ocr_line' id='line_1_21' title="bbox 283 1677 1162 1735; baseline -0.01 -12"><span class='ocrx_word' id='word_1_158' title='bbox 283 1696 552 1735; x_wconf 88' lang='lat' dir='ltr'>unoquoque</span> <span class='ocrx_word' id='word_1_159' title='bbox 583 1681 757 1733; x_wconf 88' lang='lat' dir='ltr'>pendet,</span> <span class='ocrx_word' id='word_1_160' title='bbox 782 1692 922 1731; x_wconf 89' lang='lat' dir='ltr'>pauca</span> <span class='ocrx_word' id='word_1_161' title='bbox 954 1677 1162 1716; x_wconf 88' lang='lat' dir='ltr'>dicamus.</span> 
     </span>
    </p>

    <p class='ocr_par' dir='ltr' id='par_1_5' title="bbox 286 1746 1757 2699">
     <span class='ocr_line' id='line_1_22' title="bbox 373 1746 1752 1805; baseline -0.009 -9"><span class='ocrx_word' id='word_1_162' title='bbox 373 1756 449 1796; x_wconf 84' lang='lat' dir='ltr'>Ad</span> <span class='ocrx_word' id='word_1_163' title='bbox 487 1755 688 1795; x_wconf 88' lang='lat' dir='ltr'>subditos</span> <span class='ocrx_word' id='word_1_164' title='bbox 726 1753 858 1805; x_wconf 78' lang='lat' dir='ltr'>igitur</span> <span class='ocrx_word' id='word_1_165' title='bbox 894 1764 982 1790; x_wconf 92' lang='lat' dir='ltr'>non</span> <span class='ocrx_word' id='word_1_166' title='bbox 1024 1754 1206 1802; x_wconf 85' lang='lat' dir='ltr'>spectat,</span> <span class='ocrx_word' id='word_1_167' title='bbox 1243 1752 1319 1787; x_wconf 89' lang='lat' dir='ltr'>aut</span> <span class='ocrx_word' id='word_1_168' title='bbox 1356 1746 1551 1786; x_wconf 87' lang='lat' dir='ltr'>ciborum</span> <span class='ocrx_word' id='word_1_169' title='bbox 1590 1757 1752 1796; x_wconf 82' lang='lat' dir='ltr'>genera</span> 
     </span>
     <span class='ocr_line' id='line_1_23' title="bbox 286 1818 1753 1882; baseline -0.01 -11"><span class='ocrx_word' id='word_1_170' title='bbox 286 1830 367 1871; x_wconf 87' lang='lat' dir='ltr'>sibi</span> <span class='ocrx_word' id='word_1_171' title='bbox 391 1829 594 1882; x_wconf 80' lang='lat' dir='ltr'>deligere,</span> <span class='ocrx_word' id='word_1_172' title='bbox 618 1833 695 1867; x_wconf 90' lang='lat' dir='ltr'>aut</span> <span class='ocrx_word' id='word_1_173' title='bbox 718 1827 873 1866; x_wconf 86' lang='lat' dir='ltr'>eadem</span> <span class='ocrx_word' id='word_1_174' title='bbox 906 1823 1156 1872; x_wconf 84' lang='lat' dir='ltr'>studiosius,</span> <span class='ocrx_word' id='word_1_175' title='bbox 1180 1827 1228 1861; x_wconf 94' lang='lat' dir='ltr'>ut</span> <span class='ocrx_word' id='word_1_176' title='bbox 1247 1820 1489 1861; x_wconf 82' lang='lat' dir='ltr'>valetudini</span> <span class='ocrx_word' id='word_1_177' title='bbox 1522 1818 1753 1859; x_wconf 84' lang='lat' dir='ltr'>consulant</span> 
     </span>
     <span class='ocr_line' id='line_1_24' title="bbox 286 1893 1752 1958; baseline -0.009 -13"><span class='ocrx_word' id='word_1_178' title='bbox 286 1917 527 1958; x_wconf 88' lang='lat' dir='ltr'>apparare;</span> <span class='ocrx_word' id='word_1_179' title='bbox 561 1916 659 1944; x_wconf 90' lang='lat' dir='ltr'>cum</span> <span class='ocrx_word' id='word_1_180' title='bbox 691 1907 734 1941; x_wconf 92' lang='lat' dir='ltr'>et</span> <span class='ocrx_word' id='word_1_181' title='bbox 763 1900 967 1953; x_wconf 86' lang='lat' dir='ltr'>apposita</span> <span class='ocrx_word' id='word_1_182' title='bbox 1001 1897 1239 1937; x_wconf 81' lang='lat' dir='ltr'>dumtaxat</span> <span class='ocrx_word' id='word_1_183' title='bbox 1272 1900 1315 1934; x_wconf 92' lang='lat' dir='ltr'>et</span> <span class='ocrx_word' id='word_1_184' title='bbox 1349 1899 1561 1947; x_wconf 87' lang='lat' dir='ltr'>apparata</span> <span class='ocrx_word' id='word_1_185' title='bbox 1595 1893 1752 1946; x_wconf 83' lang='lat' dir='ltr'>degus-</span> 
     </span>
     <span class='ocr_line' id='line_1_25' title="bbox 287 1968 1752 2028; baseline -0.009 -8"><span class='ocrx_word' id='word_1_186' title='bbox 287 1986 392 2020; x_wconf 86' lang='lat' dir='ltr'>tent.</span> <span class='ocrx_word' id='word_1_187' title='bbox 458 1978 539 2018; x_wconf 86' lang='lat' dir='ltr'>Est</span> <span class='ocrx_word' id='word_1_188' title='bbox 562 1983 710 2018; x_wconf 88' lang='lat' dir='ltr'>autem</span> <span class='ocrx_word' id='word_1_189' title='bbox 743 1976 937 2028; x_wconf 92' lang='lat' dir='ltr'>ipsorum</span> <span class='ocrx_word' id='word_1_190' title='bbox 971 1972 1104 2012; x_wconf 92' lang='lat' dir='ltr'>modo</span> <span class='ocrx_word' id='word_1_191' title='bbox 1137 1971 1249 2010; x_wconf 89' lang='lat' dir='ltr'>inter</span> <span class='ocrx_word' id='word_1_192' title='bbox 1278 1968 1428 2022; x_wconf 88' lang='lat' dir='ltr'>epulas</span> <span class='ocrx_word' id='word_1_193' title='bbox 1451 1968 1531 2008; x_wconf 88' lang='lat' dir='ltr'>sibi</span> <span class='ocrx_word' id='word_1_194' title='bbox 1563 1980 1752 2021; x_wconf 88' lang='lat' dir='ltr'>parcere,</span> 
     </span>
     <span class='ocr_line' id='line_1_26' title="bbox 288 2041 1752 2107; baseline -0.011 -12"><span class='ocrx_word' id='word_1_195' title='bbox 288 2060 332 2095; x_wconf 87' lang='lat' dir='ltr'>et</span> <span class='ocrx_word' id='word_1_196' title='bbox 354 2053 660 2107; x_wconf 64' lang='lat' dir='ltr'>temperantiae</span> <span class='ocrx_word' id='word_1_197' title='bbox 695 2048 960 2098; x_wconf 88' lang='lat' dir='ltr'>meminisse,</span> <span class='ocrx_word' id='word_1_198' title='bbox 987 2060 1042 2086; x_wconf 86' lang='lat' dir='ltr'>ne</span> <span class='ocrx_word' id='word_1_199' title='bbox 1071 2045 1177 2085; x_wconf 89' lang='lat' dir='ltr'>dum</span> <span class='ocrx_word' id='word_1_200' title='bbox 1213 2043 1371 2084; x_wconf 89' lang='lat' dir='ltr'>edendi</span> <span class='ocrx_word' id='word_1_201' title='bbox 1405 2041 1587 2082; x_wconf 92' lang='lat' dir='ltr'>modum</span> <span class='ocrx_word' id='word_1_202' title='bbox 1623 2054 1752 2081; x_wconf 84' lang='lat' dir='ltr'>exce-</span> 
     </span>
     <span class='ocr_line' id='line_1_27' title="bbox 289 2116 1751 2177; baseline -0.011 -8"><span class='ocrx_word' id='word_1_203' title='bbox 289 2129 411 2177; x_wconf 90' lang='lat' dir='ltr'>dunt,</span> <span class='ocrx_word' id='word_1_204' title='bbox 434 2125 674 2167; x_wconf 87' lang='lat' dir='ltr'>valetudini</span> <span class='ocrx_word' id='word_1_205' title='bbox 698 2124 902 2164; x_wconf 80' lang='lat' dir='ltr'>officiant.</span> <span class='ocrx_word' id='word_1_206' title='bbox 966 2120 1234 2173; x_wconf 75' lang='lat' dir='ltr'>Quanquam</span> <span class='ocrx_word' id='word_1_207' title='bbox 1257 2118 1373 2157; x_wconf 93' lang='lat' dir='ltr'>enim</span> <span class='ocrx_word' id='word_1_208' title='bbox 1400 2116 1455 2156; x_wconf 87' lang='lat' dir='ltr'>ad</span> <span class='ocrx_word' id='word_1_209' title='bbox 1489 2127 1751 2163; x_wconf 89' lang='lat' dir='ltr'>mensuram,</span> 
     </span>
     <span class='ocr_line' id='line_1_28' title="bbox 289 2188 1753 2253; baseline -0.01 -11"><span class='ocrx_word' id='word_1_210' title='bbox 289 2209 338 2242; x_wconf 93' lang='lat' dir='ltr'>ut</span> <span class='ocrx_word' id='word_1_211' title='bbox 370 2201 665 2253; x_wconf 80' lang='lat' dir='ltr'>significatum</span> <span class='ocrx_word' id='word_1_212' title='bbox 698 2203 774 2245; x_wconf 86' lang='lat' dir='ltr'>est,</span> <span class='ocrx_word' id='word_1_213' title='bbox 809 2197 1111 2236; x_wconf 86' lang='lat' dir='ltr'>ministrantur</span> <span class='ocrx_word' id='word_1_214' title='bbox 1141 2192 1335 2240; x_wconf 86' lang='lat' dir='ltr'>obsonia,</span> <span class='ocrx_word' id='word_1_215' title='bbox 1365 2196 1414 2229; x_wconf 89' lang='lat' dir='ltr'>ut</span> <span class='ocrx_word' id='word_1_216' title='bbox 1444 2188 1753 2228; x_wconf 88' lang='lat' dir='ltr'>immoderatio</span> 
     </span>
     <span class='ocr_line' id='line_1_29' title="bbox 289 2262 1754 2328; baseline -0.011 -12"><span class='ocrx_word' id='word_1_217' title='bbox 289 2289 452 2328; x_wconf 80' lang='lat' dir='ltr'>magna</span> <span class='ocrx_word' id='word_1_218' title='bbox 487 2288 580 2314; x_wconf 90' lang='lat' dir='ltr'>esse</span> <span class='ocrx_word' id='word_1_219' title='bbox 615 2285 702 2312; x_wconf 94' lang='lat' dir='ltr'>non</span> <span class='ocrx_word' id='word_1_220' title='bbox 736 2271 886 2324; x_wconf 89' lang='lat' dir='ltr'>possit,</span> <span class='ocrx_word' id='word_1_221' title='bbox 920 2274 1070 2308; x_wconf 88' lang='lat' dir='ltr'>tamen</span> <span class='ocrx_word' id='word_1_222' title='bbox 1102 2266 1206 2318; x_wconf 89' lang='lat' dir='ltr'>quia</span> <span class='ocrx_word' id='word_1_223' title='bbox 1236 2265 1280 2304; x_wconf 89' lang='lat' dir='ltr'>in</span> <span class='ocrx_word' id='word_1_224' title='bbox 1312 2277 1426 2317; x_wconf 88' lang='lat' dir='ltr'>pane</span> <span class='ocrx_word' id='word_1_225' title='bbox 1453 2268 1497 2303; x_wconf 95' lang='lat' dir='ltr'>et</span> <span class='ocrx_word' id='word_1_226' title='bbox 1516 2262 1631 2312; x_wconf 88' lang='lat' dir='ltr'>vino,</span> <span class='ocrx_word' id='word_1_227' title='bbox 1654 2274 1754 2314; x_wconf 85' lang='lat' dir='ltr'>quae</span> 
     </span>
     <span class='ocr_line' id='line_1_30' title="bbox 293 2338 1754 2398; baseline -0.01 -9"><span class='ocrx_word' id='word_1_228' title='bbox 293 2349 386 2390; x_wconf 90' lang='lat' dir='ltr'>sine</span> <span class='ocrx_word' id='word_1_229' title='bbox 428 2360 631 2388; x_wconf 89' lang='lat' dir='ltr'>mensura</span> <span class='ocrx_word' id='word_1_230' title='bbox 673 2344 935 2398; x_wconf 82' lang='lat' dir='ltr'>praebentur,</span> <span class='ocrx_word' id='word_1_231' title='bbox 978 2339 1148 2381; x_wconf 88' lang='lat' dir='ltr'>transiri</span> <span class='ocrx_word' id='word_1_232' title='bbox 1191 2338 1348 2378; x_wconf 87' lang='lat' dir='ltr'>modus</span> <span class='ocrx_word' id='word_1_233' title='bbox 1389 2341 1562 2389; x_wconf 86' lang='lat' dir='ltr'>potest;</span> <span class='ocrx_word' id='word_1_234' title='bbox 1611 2341 1655 2375; x_wconf 93' lang='lat' dir='ltr'>et</span> <span class='ocrx_word' id='word_1_235' title='bbox 1696 2348 1754 2375; x_wconf 85' lang='lat' dir='ltr'>ex</span> 
     </span>
     <span class='ocr_line' id='line_1_31' title="bbox 293 2408 1755 2473; baseline -0.01 -10"><span class='ocrx_word' id='word_1_236' title='bbox 293 2423 487 2464; x_wconf 87' lang='lat' dir='ltr'>obsoniis</span> <span class='ocrx_word' id='word_1_237' title='bbox 529 2433 716 2473; x_wconf 90' lang='lat' dir='ltr'>quoque,</span> <span class='ocrx_word' id='word_1_238' title='bbox 759 2417 877 2471; x_wconf 86' lang='lat' dir='ltr'>quod</span> <span class='ocrx_word' id='word_1_239' title='bbox 924 2414 1052 2456; x_wconf 91' lang='lat' dir='ltr'>alicui</span> <span class='ocrx_word' id='word_1_240' title='bbox 1105 2412 1382 2452; x_wconf 89' lang='lat' dir='ltr'>moderatum</span> <span class='ocrx_word' id='word_1_241' title='bbox 1424 2416 1500 2458; x_wconf 90' lang='lat' dir='ltr'>est,</span> <span class='ocrx_word' id='word_1_242' title='bbox 1544 2409 1588 2449; x_wconf 90' lang='lat' dir='ltr'>id</span> <span class='ocrx_word' id='word_1_243' title='bbox 1630 2408 1755 2449; x_wconf 84' lang='lat' dir='ltr'>alteri</span> 
     </span>
     <span class='ocr_line' id='line_1_32' title="bbox 293 2483 1756 2553; baseline -0.012 -14"><span class='ocrx_word' id='word_1_244' title='bbox 293 2504 442 2553; x_wconf 87' lang='lat' dir='ltr'>potest</span> <span class='ocrx_word' id='word_1_245' title='bbox 484 2510 577 2536; x_wconf 82' lang='lat' dir='ltr'>esse</span> <span class='ocrx_word' id='word_1_246' title='bbox 611 2494 795 2534; x_wconf 89' lang='lat' dir='ltr'>nimium</span> <span class='ocrx_word' id='word_1_247' title='bbox 820 2492 924 2545; x_wconf 90' lang='lat' dir='ltr'>(non</span> <span class='ocrx_word' id='word_1_248' title='bbox 959 2489 1075 2530; x_wconf 90' lang='lat' dir='ltr'>enim</span> <span class='ocrx_word' id='word_1_249' title='bbox 1110 2486 1314 2528; x_wconf 88' lang='lat' dir='ltr'>omnibus</span> <span class='ocrx_word' id='word_1_250' title='bbox 1347 2498 1474 2538; x_wconf 89' lang='lat' dir='ltr'>pares</span> <span class='ocrx_word' id='word_1_251' title='bbox 1507 2489 1609 2524; x_wconf 84' lang='lat' dir='ltr'>sunt</span> <span class='ocrx_word' id='word_1_252' title='bbox 1643 2483 1756 2523; x_wconf 88' lang='lat' dir='ltr'>vires</span> 
     </span>
     <span class='ocr_line' id='line_1_33' title="bbox 291 2558 1757 2621; baseline -0.012 -8"><span class='ocrx_word' id='word_1_253' title='bbox 291 2586 372 2613; x_wconf 91' lang='lat' dir='ltr'>nec</span> <span class='ocrx_word' id='word_1_254' title='bbox 405 2571 522 2611; x_wconf 92' lang='lat' dir='ltr'>idem</span> <span class='ocrx_word' id='word_1_255' title='bbox 557 2567 716 2621; x_wconf 76' lang='lat' dir='ltr'>robur),</span> <span class='ocrx_word' id='word_1_256' title='bbox 741 2566 901 2607; x_wconf 90' lang='lat' dir='ltr'>idcirco</span> <span class='ocrx_word' id='word_1_257' title='bbox 930 2562 1222 2604; x_wconf 89' lang='lat' dir='ltr'>moderationi</span> <span class='ocrx_word' id='word_1_258' title='bbox 1248 2574 1298 2600; x_wconf 89' lang='lat' dir='ltr'>ac</span> <span class='ocrx_word' id='word_1_259' title='bbox 1320 2558 1626 2612; x_wconf 84' lang='lat' dir='ltr'>temperantiae</span> <span class='ocrx_word' id='word_1_260' title='bbox 1653 2569 1757 2597; x_wconf 86' lang='lat' dir='ltr'>suus</span> 
     </span>
     <span class='ocr_line' id='line_1_34' title="bbox 289 2643 718 2699; baseline -0.012 -12"><span class='ocrx_word' id='word_1_261' title='bbox 289 2659 463 2699; x_wconf 89' lang='lat' dir='ltr'>semper</span> <span class='ocrx_word' id='word_1_262' title='bbox 492 2650 557 2684; x_wconf 91' lang='lat' dir='ltr'>est</span> <span class='ocrx_word' id='word_1_263' title='bbox 588 2643 718 2683; x_wconf 86' lang='lat' dir='ltr'>locus.</span> 
     </span>
    </p>

    <p class='ocr_par' dir='ltr' id='par_1_6' title="bbox 290 2707 1762 2921">
     <span class='ocr_line' id='line_1_35' title="bbox 380 2707 1757 2772; baseline -0.012 -12"><span class='ocrx_word' id='word_1_264' title='bbox 380 2718 695 2772; x_wconf 89' lang='lat' dir='ltr'>Temperantia</span> <span class='ocrx_word' id='word_1_265' title='bbox 742 2715 874 2768; x_wconf 83' lang='lat' dir='ltr'>igitur</span> <span class='ocrx_word' id='word_1_266' title='bbox 915 2712 971 2753; x_wconf 87' lang='lat' dir='ltr'>ad</span> <span class='ocrx_word' id='word_1_267' title='bbox 1008 2711 1219 2753; x_wconf 90' lang='lat' dir='ltr'>tuendam</span> <span class='ocrx_word' id='word_1_268' title='bbox 1255 2707 1554 2749; x_wconf 89' lang='lat' dir='ltr'>valetudinem</span> <span class='ocrx_word' id='word_1_269' title='bbox 1605 2718 1757 2759; x_wconf 91' lang='lat' dir='ltr'>perne-</span> 
     </span>
     <span class='ocr_line' id='line_1_36' title="bbox 295 2779 1758 2841; baseline -0.012 -6"><span class='ocrx_word' id='word_1_270' title='bbox 295 2795 483 2835; x_wconf 86' lang='lat' dir='ltr'>cessaria</span> <span class='ocrx_word' id='word_1_271' title='bbox 524 2798 601 2841; x_wconf 91' lang='lat' dir='ltr'>est,</span> <span class='ocrx_word' id='word_1_272' title='bbox 637 2797 681 2832; x_wconf 93' lang='lat' dir='ltr'>et</span> <span class='ocrx_word' id='word_1_273' title='bbox 722 2787 1065 2840; x_wconf 83' lang='lat' dir='ltr'>uniuscujusque</span> <span class='ocrx_word' id='word_1_274' title='bbox 1098 2784 1300 2837; x_wconf 86' lang='lat' dir='ltr'>propria;</span> <span class='ocrx_word' id='word_1_275' title='bbox 1342 2796 1397 2822; x_wconf 89' lang='lat' dir='ltr'>ne</span> <span class='ocrx_word' id='word_1_276' title='bbox 1428 2780 1526 2834; x_wconf 86' lang='lat' dir='ltr'>plus</span> <span class='ocrx_word' id='word_1_277' title='bbox 1560 2779 1758 2820; x_wconf 89' lang='lat' dir='ltr'>ciborum</span> 
     </span>
     <span class='ocr_line' id='line_1_37' title="bbox 290 2853 1762 2921; baseline -0.013 -11"><span class='ocrx_word' id='word_1_278' title='bbox 290 2874 447 2918; x_wconf 85' lang='lat' dir='ltr'>sumat,</span> <span class='ocrx_word' id='word_1_279' title='bbox 472 2880 606 2921; x_wconf 86' lang='lat' dir='ltr'>quam</span> <span class='ocrx_word' id='word_1_280' title='bbox 641 2866 751 2905; x_wconf 88' lang='lat' dir='ltr'>ferre</span> <span class='ocrx_word' id='word_1_281' title='bbox 785 2863 897 2904; x_wconf 85' lang='lat' dir='ltr'>vires</span> <span class='ocrx_word' id='word_1_282' title='bbox 932 2864 1108 2914; x_wconf 89' lang='lat' dir='ltr'>queant,</span> <span class='ocrx_word' id='word_1_283' title='bbox 1132 2864 1176 2898; x_wconf 87' lang='lat' dir='ltr'>et</span> <span class='ocrx_word' id='word_1_284' title='bbox 1198 2870 1331 2910; x_wconf 89' lang='lat' dir='ltr'>quam</span> <span class='ocrx_word' id='word_1_285' title='bbox 1362 2854 1576 2907; x_wconf 89' lang='lat' dir='ltr'>concoqui</span> <span class='ocrx_word' id='word_1_286' title='bbox 1611 2853 1762 2892; x_wconf 88' lang='lat' dir='ltr'>innato</span> 
     </span>
    </p>
   </div>
  </div>
 </body>
</html>
