1903 3197
274 177 336 224 50
735 162 816 207 De
855 160 1106 208 Socz'etatz's
1140 160 1277 207 Fine.

269 295 619 338 Constitutiones
660 295 722 335 ita
764 295 915 335 aiunt:
960 292 1461 333 “Animadvertendum
1505 297 1582 341 est,
1616 293 1737 344 quod

269 385 322 411 eo
393 369 528 410 fertur
589 369 776 409 intentio
847 369 938 409 voti
1002 368 1129 416 illius,
1196 381 1284 420 quo
1355 380 1402 406 se
1472 366 1745 406 obedientiae

269 444 431 484 summi
486 443 647 484 Christi
698 443 862 483 Vicarii
915 442 1008 483 sine
1060 441 1148 482 ulla
1200 440 1488 481 excusatione
1540 439 1740 481 Societas

269 519 520 568 obstrinxit,
545 523 592 558 ut
615 530 879 570 quocunque
901 517 1099 569 gentium
1123 515 1179 556 ad
1203 514 1415 567 majorem
1448 513 1531 553 Dei
1554 513 1742 567 gloriam

268 600 312 635 et
362 593 610 633 animarum
659 591 888 639 auxilium,
936 591 1049 631 inter
1089 589 1242 630 fideles
1283 589 1351 629 vel
1400 588 1611 638 infideles,
1655 602 1734 629 nos

270 667 509 708 mittendos
566 666 795 715 censuerit,
849 679 928 706 nos
979 665 1266 705 conferamus.
1359 663 1453 703 Nec
1520 662 1739 703 intellexit

269 742 470 784 Societas
500 740 809 794 particularem
845 739 1036 792 aliquem
1070 739 1245 788 locum;
1279 738 1357 778 sed
1395 743 1442 778 ut
1475 751 1552 790 per
1583 738 1735 778 orbem

269 817 311 856 in
345 816 539 856 diversas
568 815 768 867 regiones
798 820 842 854 et
874 813 971 854 loca
999 811 1333 866 spargeretur.’'1

358 889 535 930 Planius
559 890 692 930 etiam
725 888 768 928 id
802 893 986 941 apparet
1018 888 1060 927 in
1093 887 1189 940 ipsa
1211 886 1400 926 formula
1433 886 1733 937 Professionis,

267 978 367 1017 quae
390 964 578 1005 traditur
599 964 642 1003 in
667 962 835 1016 Quinta
858 963 996 1002 Parte.
1062 962 1114 1001 In
1153 961 1324 1013 Quarta
1356 961 1489 1001 etiam
1524 961 1684 1002 dicitur
1705 960 1737 1002 :2

269 1038 511 1079 “Professa
549 1037 760 1085 Societas,
795 1036 942 1089 quoad
976 1035 1069 1087 ejus
1112 1035 1202 1075 fieri
1244 1040 1402 1087 potest,
1436 1035 1648 1087 expedita
1680 1035 1737 1076 ad

268 1113 398 1154 Sedis
432 1111 706 1164 Apostolicae
742 1110 978 1150 Missiones
1015 1108 1244 1149 obeundas
1282 1122 1378 1148 esse
1415 1107 1615 1148 debet.’'3
1676 1110 1737 1150 Et

269 1187 327 1227 ob
378 1185 491 1225 hanc
543 1198 721 1224 causam
787 1183 973 1224 Professi
1026 1183 1108 1236 ipsi
1161 1182 1366 1222 dicuntur
1415 1182 1738 1224 habitationem

269 1259 476 1300 stabilem
510 1272 597 1299 non
620 1259 792 1298 habere.
858 1259 959 1310 Qua
992 1258 1034 1297 in
1068 1270 1113 1296 re
1146 1257 1343 1296 maxime
1365 1271 1390 1297 a
1412 1258 1580 1297 caeteris
1610 1257 1740 1298 Ordi-

271 1334 399 1374 nibus
432 1332 697 1384 familiisque
728 1331 1010 1385 sejungimur,
1034 1344 1219 1383 quarum
1253 1330 1475 1383 pleraeque
1509 1336 1585 1371 aut
1619 1332 1739 1371 dorni

269 1408 473 1456 resident,
498 1412 575 1446 aut
607 1407 641 1445 si
675 1420 774 1458 quae
806 1406 1052 1446 animarum
1086 1419 1217 1445 causa
1248 1418 1326 1458 per
1358 1405 1479 1445 varia
1511 1404 1606 1445 loca
1637 1419 1742 1445 suos

268 1482 490 1521 interdum
523 1480 727 1520 alumnos
758 1480 948 1529 mittant,
981 1486 1131 1520 tamen
1170 1492 1249 1518 nec
1282 1480 1325 1518 in
1358 1493 1410 1518 eo
1442 1479 1740 1532 infrequentes

271 1561 383 1604 sunt,
419 1568 498 1594 nec
531 1554 568 1593 ei
604 1554 751 1594 studio
786 1554 846 1594 ita
881 1553 1084 1602 addictae,
1120 1558 1167 1592 ut
1201 1553 1258 1593 ad
1298 1553 1342 1592 id
1382 1554 1617 1605 sponsione
1650 1555 1743 1594 voti

270 1644 316 1670 se
339 1629 532 1682 alligent.
596 1627 703 1668 Sola
731 1627 929 1668 Societas
952 1633 1047 1668 tota
1077 1627 1120 1666 in
1151 1640 1203 1667 eo
1226 1633 1302 1676 est,
1326 1627 1584 1680 interposita
1607 1629 1741 1668 etiam

273 1703 506 1756 peculiaris
538 1703 628 1742 voti
662 1701 882 1754 religione,
915 1708 962 1742 ut
1000 1701 1119 1753 quod
1158 1701 1240 1741 sibi
1279 1701 1476 1741 maxime
1516 1702 1740 1754 proprium

276 1790 372 1817 esse
393 1775 543 1824 voluit,
567 1781 831 1828 perpetuum
855 1789 905 1815 ac
928 1776 1244 1828 sempiternum
1267 1775 1334 1814 sit.

359 1856 419 1900 40,
456 1848 725 1901 Intelligitur
762 1862 819 1888 ex
855 1848 942 1888 fine
976 1848 1222 1897 Societatis,
1257 1848 1331 1900 qui
1369 1861 1469 1888 cum
1506 1848 1616 1888 alius
1653 1862 1740 1889 non

272 1924 328 1964 sit
361 1923 442 1962 nisi
469 1922 670 1975 propriae,
700 1928 834 1974 atque
863 1921 1017 1962 alienae
1048 1921 1177 1961 saluti
1206 1935 1256 1961 ac
1285 1921 1542 1974 perfectioni
1574 1923 1744 1971 servire,

274 2003 463 2051 angusta
505 1997 562 2036 sit
604 1997 763 2036 caritas
805 1997 1126 2049 proximorum,
1178 1996 1211 2035 si
1265 1997 1393 2035 unius
1435 2002 1608 2036 tantum
1661 1997 1742 2037 loci

272 2071 471 2112 terminis
500 2076 754 2110 coarctetur.
835 2069 946 2122 Quae
981 2083 1111 2109 causa
1141 2068 1331 2117 fuit,cu1·
1358 2069 1486 2121 primi
1519 2069 1578 2109 illi
1609 2072 1743 2111 nostri

274 2145 428 2184 Patres
450 2143 658 2197 peculiari
682 2157 728 2183 se
754 2143 1035 2184 Obedientiae
1057 2148 1162 2182 voto
1185 2142 1507 2195 obstringerent
1539 2144 1745 2184 Romano

276 2218 490 2267 Pontifici,
528 2224 575 2258 ut
608 2217 679 2257 ille
710 2218 974 2265 decerneret,
1004 2231 1091 2269 quo
1126 2217 1311 2269 quisque
1343 2217 1585 2257 mittendus
1620 2224 1746 2265 esset,

275 2299 320 2334 et
343 2293 416 2332 ubi
441 2292 627 2344 quisque
650 2293 893 2332 animaram
919 2305 1050 2331 causa
1074 2291 1301 2339 laboraret,
1326 2297 1373 2331 ut
1398 2291 1746 2332 Constitutiones

273 2367 381 2420 ipsae
405 2366 666 2420 significant.
732 2366 882 2406 “Cum
916 2366 1067 2411 enim,''
1103 2367 1317 2418 inquiunt,
1343 2367 1451 2418 “qui
1485 2366 1612 2418 primi
1643 2379 1744 2406 con-

273 2447 488 2481 venerunt
530 2442 572 2480 in
625 2441 738 2480 hanc
783 2440 1053 2481 Societatem
1098 2454 1155 2479 ex
1199 2440 1380 2479 diversis
1426 2439 1659 2492 provinciis
1702 2447 1745 2480 et

276 2515 420 2567 regnis
473 2522 629 2562 essent,
684 2528 762 2554 nec
812 2516 873 2554 eis
927 2520 1160 2562 constaret,
1214 2515 1326 2552 inter
1376 2527 1484 2565 quas
1542 2513 1742 2566 regiones

275 2588 472 2628 fidelium
502 2589 570 2628 vel
603 2589 845 2627 infidelium
869 2589 1026 2627 versari
1060 2588 1281 2634 deberent,
1307 2601 1361 2626 ne
1393 2587 1434 2626 in
1457 2587 1526 2627 via
1560 2588 1742 2627 Domini

276 2669 480 2710 errarent,
534 2662 869 2715 promissionem
923 2661 1042 2701 illam
1084 2661 1151 2700 vel
1198 2667 1350 2700 votum
1403 2662 1651 2711 emiserunt,
1696 2668 1743 2702 ut

276 2737 487 2778 Summus
521 2735 727 2776 Pontifex
757 2749 831 2774 eos
865 2735 920 2775 ad
954 2734 1166 2786 majorem
1201 2735 1285 2774 Dei
1317 2735 1514 2788 gloriam,
1538 2742 1581 2776 et
1609 2735 1743 2788 juxta

273 2811 469 2864 ipsorum
493 2810 783 2850 intentionem
808 2823 885 2862 per
906 2809 1057 2849 orbem
1082 2809 1365 2858 discurrendi,
1390 2808 1724 2850 distribueret.’'⁴

330 2899 619 2940 1P.7,c.1.§1.
713 2898 999 2940 2Ρ.5.ο.;),.ξ3.
1095 2897 1383 2939 3P.4‚c.2,§4.
1476 2899 1687 2938 ⁴P.7,c.1.
