1903 3197
281 229 378 286 654
608 225 689 271 De
721 225 913 271 ratione
945 223 1139 270 vivendi
1171 222 1434 269 Socz‘etaz‘z's.

368 367 422 412 5³.
465 360 584 400 Vero
628 374 761 400 causa
797 366 840 399 et
883 359 1126 412 potissima,
1165 372 1241 398 cur
1284 357 1339 397 sit
1382 357 1426 397 in
1468 362 1590 396 veste
1632 370 1750 409 quae-

277 436 414 476 renda
443 435 692 483 mundities,
717 441 784 475 est
817 435 871 474 ad
904 433 1159 486 fugiendam
1188 432 1452 484 jactantiam
1485 436 1528 470 et
1559 429 1747 483 gloriam

275 525 376 564 quae
428 525 485 551 ex
537 510 753 551 affectatis
801 509 1002 549 sordibus
1046 522 1164 561 saepe
1216 508 1363 547 oritur.
1455 506 1577 546 Dicit
1628 506 1746 545 enim

274 586 566 639 Augustinus,
611 591 715 625 tom.
758 596 795 635 4.
866 584 935 623 De
988 582 1201 624 Sermone
1254 581 1436 621 Domini
1486 581 1530 620 in
1578 580 1746 628 Monte,

273 662 298 702 l.
345 662 407 701 26.
452 676 483 701 c.
535 672 610 713 19:
666 660 903 700 “Maxime
945 658 1399 706 animadvertendum,
1434 671 1522 697 non
1566 656 1608 696 in
1652 655 1747 696 solo

274 749 419 777 rerum
461 748 769 788 corporearum
812 735 953 774 nitore
995 739 1128 786 atque
1169 746 1347 786 pompa,
1390 732 1466 772 sed
1519 731 1652 772 etiam
1702 731 1746 772 in

272 811 379 864 ipsis
408 811 611 850 sordibus
643 810 854 849 luctuosis
887 822 982 848 esse
1013 822 1143 860 posse
1162 806 1462 860 jactantiam.’'
1526 807 1586 846 Et
1609 820 1747 846 mox:

272 885 397 939 “Qui
436 887 478 925 in
512 885 784 938 professione
818 882 1162 924 Christianitatis
1198 883 1409 923 inusitato
1447 881 1650 935 squalore
1693 895 1744 921 ac

272 960 475 1001 sordibus
518 960 712 999 intentos
758 959 802 999 in
845 973 890 998 se
932 958 1163 998 hominum
1205 957 1356 997 oculos
1397 957 1511 1004 facit,
1555 970 1654 996 cum
1697 955 1742 996 id

271 1034 500 1076 voluntate
532 1034 675 1083 faciat,
709 1048 796 1073 non
836 1033 1097 1073 necessitate
1129 1032 1332 1085 patIatur,
1357 1046 1414 1072 ex
1447 1031 1616 1071 caeterIs
1650 1030 1744 1083 ejus

272 1110 477 1163 operibus
520 1115 668 1162 potest
709 1108 877 1161 conjici,
922 1115 1068 1148 utrum
1111 1107 1194 1147 hoc
1236 1112 1494 1160 contemptu
1538 1105 1743 1158 superflui

273 1185 426 1233 cultus,
461 1199 516 1224 an
550 1184 793 1224 ambitione
826 1184 973 1236 aliqua
1006 1181 1177 1223 faciat.”

362 1260 421 1300 Et
443 1260 616 1300 videtur
644 1260 687 1298 in
720 1258 802 1299 hac
833 1258 989 1298 haeresi
1022 1258 1155 1298 fuisse
1178 1257 1391 1310 Pelagius,
1416 1256 1566 1296 sordes
1589 1256 1744 1295 decere

276 1335 606 1377 Christianum:
649 1333 858 1374 adversus
900 1346 1031 1387 quem
1069 1333 1093 1373 l.
1133 1344 1162 1372 Ι.
1210 1332 1540 1385 Hieronymus:
1595 1329 1747 1383 “Quae

272 1410 410 1459 sunt‚'’
444 1410 597 1463 inquit,
632 1413 773 1462 “rogo
810 1409 1050 1448 inimicitiae
1087 1414 1242 1448 contra
1279 1407 1436 1455 Deum,
1475 1406 1509 1445 si
1547 1406 1742 1445 tunicam

271 1485 468 1526 habuero
492 1485 768 1524 mundiorem
788 1484 829 1524 ?’'
860 1490 903 1524 et
926 1497 1034 1523 mox
1060 1484 1239 1536 (ironice
1261 1489 1409 1522 autem
1433 1494 1533 1522 eum
1556 1479 1743 1532 irridet):

273 1558 510 1607 “Cavete'’
545 1559 697 1612 inquit,
722 1562 742 1577 “
759 1558 925 1605 Clerici,
959 1564 1112 1598 cavete
1142 1557 1360 1605 monachi,
1394 1556 1549 1604 viduae,
1583 1561 1626 1595 et
1657 1555 1742 1595 vir-

272 1635 423 1688 gines;
466 1633 786 1687 periclitamini,
829 1633 911 1671 nisi
954 1631 1154 1672 sordidas
1205 1646 1284 1672 vos
1337 1637 1469 1684 atque
1520 1643 1743 1683 pannosas

270 1709 428 1762 vulgus
458 1707 717 1761 aspexerit.’'
782 1707 907 1747 Idem
938 1707 998 1746 sic
1031 1712 1183 1746 monet
1206 1706 1249 1745 in
1282 1720 1367 1758 reg.
1394 1704 1744 1745 Monachorum:

275 1784 379 1823 “Ne
417 1783 628 1836 cogitatio
664 1782 801 1822 tacita
837 1782 1056 1834 subrepat,
1087 1786 1135 1820 ut
1172 1781 1275 1833 quia
1312 1779 1494 1820 forsitan
1533 1778 1744 1818 inauratis

272 1858 467 1898 vestibus
498 1857 669 1910 placere
691 1856 877 1903 desistis
902 1855 1075 1909 placere
1103 1855 1272 1895 coneris
1305 1854 1348 1894 in
1381 1853 1620 1894 sordibus.”
1683 1852 1743 1893 Et

275 1933 597 1980 Bonaventura,
634 1930 758 1984 Spec.
789 1931 905 1970 Disc.
934 1944 973 1983 p.
1010 1941 1044 1980 3.
1078 1944 1110 1969 c.
1145 1929 1200 1969 8:
1239 1929 1415 1968 “Foeda
1447 1928 1610 1980 religio,
1645 1941 1743 1980 quae

273 2007 473 2047 innititur
515 2006 716 2046 foeditati.
801 2005 915 2045 Illud
960 2010 1107 2044 autem
1145 2010 1189 2043 te
1226 2003 1457 2051 admoneo,
1496 2016 1551 2042 ne
1592 2014 1742 2041 eorum

275 2095 406 2129 more,
431 2081 505 2134 qui
535 2094 623 2120 non
653 2079 874 2133 proficere,
898 2079 973 2119 sed
998 2077 1191 2131 conspici
1220 2077 1414 2130 cupiunt,
1439 2076 1574 2116 facias
1597 2075 1744 2128 aliqua

274 2170 373 2209 quae
406 2156 448 2195 in
482 2154 635 2195 habitu
667 2160 757 2202 tuo,
792 2160 868 2193 aut
899 2167 1060 2206 genere
1091 2153 1194 2192 vitae
1226 2150 1441 2191 notabilia
1472 2149 1594 2191 sint.”

362 2230 510 2284 Quare
533 2235 716 2270 monent
740 2228 984 2282 Sapientes,
1009 2234 1056 2268 ut
1079 2228 1121 2267 in
1144 2227 1226 2267 hac
1250 2241 1294 2267 re
1315 2226 1505 2266 vitemus
1528 2230 1739 2265 extrema.

274 2305 445 2347 Seneca
486 2305 542 2345 ad
586 2304 722 2345 Lucil.
757 2318 821 2357 ep.
859 2312 911 2355 5:
950 2302 1180 2344 “Ornatus
1213 2308 1256 2342 et
1293 2301 1444 2341 sordes
1476 2301 1569 2353 pari
1607 2299 1742 2339 modo

272 2380 481 2433 fugienda
533 2385 662 2429 sunt;
704 2379 807 2432 quia
849 2378 1033 2418 alterum
1079 2377 1270 2424 delicias,
1319 2376 1504 2416 alterum
1555 2374 1741 2427 gloriam

271 2454 476 2495 redolet.”
540 2454 666 2494 Idem
704 2453 822 2493 ibid:
857 2453 985 2492 “Nec
1023 2451 1243 2492 affectatae
1280 2450 1442 2499 sordes,
1472 2463 1552 2490 nec
1586 2449 1740 2502 exqui-

270 2531 367 2571 sitae
399 2529 568 2569 deliciae
599 2528 776 2568 laudem
808 2527 1020 2581 pariunt.’'

357 2604 432 2644 Ab
455 2603 537 2643 hoc
558 2603 732 2643 videtur
754 2603 994 2655 sumpsisse
1026 2602 1328 2654 Hieronymus
1350 2599 1405 2640 ad
1437 2598 1739 2647 Eustochium,

270 2679 326 2719 de
351 2678 530 2720 Custod.
546 2677 656 2717 Vir.:
681 2677 812 2717 “Nec
835 2676 1053 2716 affectatae
1076 2676 1239 2725 sordes,
1257 2688 1337 2715 nec
1359 2673 1593 2727 exquisitae
1616 2686 1741 2712 mun-

272 2755 393 2795 ditiae
428 2753 697 2811 conveniunt
731 2751 1019 2793 Christiano.’'

362 2829 408 2868 B.
433 2829 566 2868 etiam
592 2828 743 2876 Isaias,
767 2841 825 2867 or.
853 2838 874 2877 3
897 2843 903 2867 :
938 2825 1093 2867 “Cave
1122 2839 1176 2865 ne
1199 2838 1357 2878 corpus
1386 2829 1510 2864 tuum
1538 2822 1580 2862 in
1604 2821 1741 2862 sordi-

268 2904 350 2945 bus
382 2903 606 2955 abjectum
639 2901 902 2954 relinquenS‚
937 2901 994 2940 ab
1026 2900 1145 2940 inani
1178 2899 1318 2952 gloria
1350 2896 1606 2938 seducaris.”

361 2977 536 3019 Sanctis
581 2982 730 3017 autem
769 2976 872 3017 viris
915 2989 1030 3016 curae
1081 2974 1215 3015 fuisse
1262 2972 1476 3014 mundum
1529 2970 1739 3012 amictum
