1903 3197
266 142 291 188 3
304 144 361 176 10
589 128 668 174 De
700 127 890 174 rafione
924 127 1117 174 vivendi
1150 126 1409 174 Socz'etatz's.

262 274 424 315 sponsa
467 259 641 310 Christi,
684 266 858 301 constat
899 261 1095 314 profecto
1139 266 1305 313 quanta
1357 259 1466 300 fides
1515 261 1728 302 servanda

263 334 320 374 sit
362 347 536 387 sponso,
567 340 610 374 et
652 348 784 387 quam
822 334 919 386 jure
961 335 1067 375 illud
1111 334 1304 388 Agnetis
1346 334 1647 387 usurpandum
1691 335 1729 375 ei

263 409 344 449 sit:
390 408 480 461 Ipsi
518 421 614 448 sum
654 408 930 461 desponsata,
964 409 1044 462 ipsi
1083 408 1162 449 soli
1201 422 1324 448 servo
1361 407 1506 456 fidem,
1541 408 1622 461 ipsi
1660 422 1730 449 me

262 486 358 522 tota
399 481 633 522 devotione
675 483 915 523 committo.
993 482 1125 536 Quod
1168 483 1202 522 si
1246 483 1285 531 ii,
1322 482 1395 535 qui
1437 481 1570 522 fidem
1604 496 1727 523 suam

262 556 514 596 hominibus
572 557 615 596 in
668 557 950 597 matrimonio
1002 557 1211 609 obligant,
1265 569 1365 596 cum
1419 570 1516 596 eam
1574 563 1729 609 postea

261 630 438 679 violent,
481 629 682 671 adulterii
727 637 879 672 notam
924 645 1042 684 saepe
1084 632 1216 671 etiam
1254 644 1434 684 poenam
1477 631 1728 682 incurrunt;

260 711 427 757 quanto
459 704 601 758 magis
635 719 726 754 nos,
751 705 824 758 qui
867 706 1035 745 animas
1079 711 1249 746 nostras
1288 719 1471 758 sponsas
1510 705 1594 745 Dei
1633 719 1728 746 esse

259 778 475 828 volumus,
507 792 684 819 necesse
718 785 785 818 est
818 780 938 819 omni
982 779 1127 819 studio
1162 779 1294 820 fidem
1333 780 1370 819 ei
1406 779 1540 819 semel
1575 779 1726 820 datam

259 860 480 907 praestare,
512 867 566 893 ne
600 853 922 893 abominabiles
955 852 1336 905 deprehendamur
1372 854 1569 902 adulteri,
1603 855 1730 894 meri-

258 929 402 982 tisque
429 928 484 968 ab
511 942 563 968 eo
589 928 732 980 poenis
767 927 1080 980 suppliciisque
1113 933 1366 968 mactemur.
1431 927 1639 980 Ephraem
1673 928 1729 968 de

258 1016 360 1044 vera
393 1008 436 1042 et
466 1002 660 1055 perfecta
692 1000 1063 1041 Renuntiatione:
1088 1001 1552 1054 “Quemadmodum‚’'
1577 1002 1730 1055 inquit,

260 1077 419 1129 “virgo
453 1089 553 1116 vere
591 1076 871 1129 desponsata,
905 1075 939 1115 si
977 1081 1281 1129 corrumpatur
1317 1076 1373 1116 ab
1410 1076 1517 1125 aliis,
1551 1090 1729 1117 execra-

258 1150 358 1191 bilis
392 1150 578 1190 efficitur
606 1151 791 1200 marito;
828 1151 888 1191 ita
918 1156 961 1190 et
991 1151 1138 1191 anima
1168 1151 1354 1191 sordidis
1388 1151 1729 1204 cogitationibus

259 1224 480 1273 distracta,
505 1230 548 1264 et
578 1224 718 1277 pactis
754 1230 887 1276 atque
917 1225 1241 1265 conditionibus
1271 1224 1478 1278 obligata,
1503 1225 1730 1265 abomina-

257 1299 358 1339 bilis
396 1298 592 1338 redditur
629 1299 795 1338 coelesti
834 1312 997 1351 sponso
1035 1313 1125 1347 suo,
1164 1298 1375 1340 Christo.”
1455 1299 1506 1339 In
1544 1299 1729 1339 eandem

259 1374 526 1414 sententiam
560 1373 665 1414 dicit
698 1373 957 1413 Bernardus.
1013 1373 1291 1426 “Zelotypus
1322 1380 1387 1414 est
1416 1387 1602 1426 sponsus
1635 1373 1729 1422 iste,

259 1450 293 1490 si
330 1449 441 1489 forte
477 1448 610 1488 alium
645 1453 890 1488 amatorem
926 1448 1150 1500 receperis,
1181 1448 1216 1488 si
1252 1448 1346 1488 aliis
1383 1448 1522 1500 magis
1558 1447 1730 1500 placere

261 1522 491 1571 studueris,
526 1522 675 1562 statim
714 1521 899 1562 discedit
932 1536 957 1562 a
989 1527 1043 1570 te,
1076 1528 1118 1562 et
1153 1522 1248 1562 aliis
1285 1521 1527 1562 adhaerebit
1559 1521 1730 1561 adoles-

261 1597 455 1639 centulis.
523 1597 748 1636 Delicatus
787 1602 851 1636 est
886 1610 1073 1649 sponsus
1109 1597 1200 1645 iste,
1226 1596 1383 1636 nobilis
1420 1602 1463 1636 et
1498 1596 1620 1636 dives
1655 1601 1731 1645 est,

261 1672 484 1725 speciosus
537 1671 677 1710 forma
728 1684 817 1723 prae
872 1669 971 1710 filiis
1023 1670 1264 1717 hominum,
1313 1677 1356 1710 et
1409 1671 1508 1710 ideo
1556 1670 1731 1709 nonnisi

260 1747 505 1799 speciosam
550 1745 756 1797 dignatur
807 1744 971 1784 habere
1013 1758 1233 1797 sponsam.
1314 1744 1360 1785 Si
1403 1744 1560 1784 viderit
1602 1745 1645 1783 in
1688 1750 1733 1784 te

261 1820 480 1860 maculam
514 1820 604 1859 sive
637 1832 803 1872 rugam,
828 1818 978 1858 statim
1012 1819 1169 1858 avertit
1206 1818 1367 1867 oculos,
1408 1817 1573 1858 nullam
1612 1818 1728 1857 enim

260 1894 587 1934 immunditiam
621 1899 768 1946 potest
800 1893 1024 1932 sustinere.
1081 1893 1190 1933 Esto
1214 1906 1317 1945 ergo
1341 1898 1471 1939 casta,
1496 1897 1590 1932 esto
1612 1905 1731 1932 vere-

259 1967 461 2008 cunda.'’1
561 1967 730 2007 Idcirco
788 1967 1067 2019 Augustinus
1115 1967 1327 2020 virginem
1385 1968 1445 2007 sic
1496 1966 1730 2006 hortatur:

260 2042 478 2095 “Cogitet
500 2042 593 2081 sine
627 2042 948 2081 intermissione
978 2042 1032 2081 ad
1066 2041 1189 2093 cujus
1222 2041 1449 2080 ordinatur
1470 2040 1728 2089 thalamum,

259 2117 314 2157 ad
358 2116 481 2169 cujus
522 2121 797 2169 praeparatur
844 2114 1139 2167 amplexum‚'‘
1184 2120 1226 2154 et
1268 2127 1404 2154 mox:
1456 2114 1726 2166 “indignum

256 2190 426 2243 judicet
463 2189 583 2242 quod
617 2188 779 2229 Christi
811 2194 889 2238 est,
921 2188 1093 2228 tradere
1123 2194 1299 2237 satana—3,
1334 2194 1378 2228 et
1409 2188 1604 2240 virginea
1637 2187 1730 2239 ejus

262 2264 460 2304 membra
483 2262 713 2303 erubescat
734 2262 801 2301 vel
834 2262 1019 2315 simplici
1054 2268 1174 2302 motu
1209 2261 1479 2302 11136111311.”2
1542 2262 1730 2302 Constat

261 2337 394 2390 igitur
426 2337 596 2377 ratione
632 2335 823 2389 conjugii
862 2335 1109 2389 spiritualia
1147 2349 1278 2388 quam
1321 2336 1512 2389 perfecte
1545 2335 1730 2376 colenda

257 2411 314 2451 sit
336 2411 522 2451 castitas.
1575 2412 1578 2415 ⁴

345 2484 502 2525 Altera
539 2497 641 2524 vero
686 2484 797 2524 ratio
839 2490 905 2524 est
947 2490 1126 2537 propter
1168 2483 1334 2523 cultum
1379 2490 1423 2524 et
1465 2483 1727 2523 famulatum

262 2559 358 2609 Dei,
393 2559 461 2599 cui
499 2572 577 2599 nos
614 2558 896 2607 addiximus3
936 2558 1068 2610 idque
1105 2563 1199 2597 tum
1239 2571 1295 2597 ex
1333 2563 1459 2610 parte
1498 2558 1594 2607 Dei,
1631 2563 1726 2597 tum

260 2647 317 2674 ex
358 2640 483 2686 parte
524 2639 682 2674 nostra.
758 2632 829 2672 Ex
873 2637 998 2685 parte
1040 2632 1219 2685 quidem
1270 2632 1365 2681 Dei,
1411 2632 1514 2684 quia
1555 2637 1729 2672 constat

258 2707 405 2747 Deum
443 2708 562 2761 puris
600 2707 867 2759 integrisque
911 2713 954 2747 et
997 2706 1217 2747 mentibus
1255 2711 1298 2746 et
1335 2705 1591 2759 corporibus
1632 2718 1728 2745 esse

256 2780 502 2831 colendum,
536 2794 636 2821 cum
671 2781 727 2821 sit
760 2781 853 2833 ipse
887 2781 1156 2834 purissimus,
1186 2787 1229 2821 et
1261 2794 1351 2833 prae
1387 2780 1460 2820 illo
1493 2793 1547 2819 ne
1579 2778 1725 2832 splen-

488 2868 498 2888 ]
526 2871 579 2902 De
604 2871 701 2903 Scala
728 2870 900 2902 Claustrnl.
1102 2869 1115 2888 2
1139 2871 1195 2902 Ad
1221 2872 1373 2903 Sororem
1391 2881 1417 2901 c.
1440 2877 1491 2901 22.
