1903 3197
281 260 379 316 630
609 256 688 303 De
720 257 910 303 ratione
942 257 1136 304 vivendi
1168 257 1431 305 Socz'etatz‘s.

370 389 540 443 Quarta
581 404 722 431 causa.
784 390 861 432 Ad
904 390 1197 432 inchoandam
1233 397 1277 432 et
1314 391 1563 444 augendam
1601 393 1751 433 interi-

280 479 400 506 orem
432 478 587 519 pacem
620 479 670 505 ac
692 466 1067 518 tranquillitatem.
1132 466 1247 506 Fieri
1277 479 1365 506 non
1397 472 1556 519 potest,
1581 473 1629 508 ut
1650 468 1748 520 quis

279 545 462 581 conetur
512 539 734 592 explicare
785 540 986 589 frontem,
1045 546 1089 580 et
1139 540 1421 581 serenitatem
1475 542 1753 583 extrinsecus

278 614 542 668 praeseferre,
579 615 684 667 quin
722 615 876 655 eadem
914 628 1047 668 opera
1080 615 1257 655 studeat
1288 615 1485 655 animum
1518 629 1544 656 a
1571 615 1752 657 tristitia

281 690 482 742 curisque
519 689 763 729 defendere.
844 690 977 730 Ratio
1010 688 1151 741 hujus,
1187 689 1299 742 quia,
1335 696 1383 730 ut
1416 703 1547 743 supra
1580 690 1749 731 dictum

281 770 360 813 est,
394 763 513 803 frons
547 763 818 804 contrahitur
853 764 910 804 ad
947 763 1293 804 contractionem
1330 764 1477 805 animi.
1555 765 1676 817 Ergo
1712 764 1750 804 si

281 838 379 891 quis
428 837 534 878 velit
584 837 771 877 frontem
824 838 1116 891 exporrigere,
1159 851 1336 878 necesse
1387 844 1453 879 est
1503 839 1623 892 prius
1674 852 1750 880 cor

280 912 567 964 animumque
607 911 772 952 dilatet.
854 912 1021 952 Verum
1064 918 1130 952 est
1171 912 1288 951 enim
1334 912 1454 965 quod
1505 927 1638 966 supra
1688 927 1748 954 ex

282 986 326 1028 S.
358 986 532 1026 Thoma
565 986 795 1025 docuimus
830 997 864 1025 2.
890 997 926 1026 2.
950 999 989 1039 q.
1019 985 1109 1026 161.
1133 999 1167 1026 a.
1193 996 1240 1036 3.‚
1276 987 1470 1027 studium
1504 987 1748 1028 humanum

281 1061 338 1100 ab
380 1060 597 1100 exteriore
647 1059 825 1100 homine
866 1060 922 1100 ad
966 1060 1216 1100 interiorem
1259 1061 1616 1113 componendum
1651 1075 1753 1115 per-

280 1134 437 1175 venire.
506 1134 891 1187 Tranquillitatem
942 1140 1092 1174 autem
1143 1135 1360 1174 internam
1412 1136 1610 1176 omnium
1662 1136 1751 1177 fere

282 1209 493 1249 virtutum
516 1208 671 1249 chorus
694 1209 950 1260 comitatur3
983 1209 1171 1261 ideoque
1200 1209 1306 1249 dicit
1329 1208 1593 1260 Climachus,
1618 1210 1751 1252 Grad.

284 1295 365 1336 29:
411 1282 571 1324 “Sicut
594 1282 920 1323 firmamentum
950 1283 1175 1324 stellarum
1201 1283 1573 1336 pulchritudinem
1603 1285 1755 1336 habet„

282 1359 344 1399 sic
395 1356 758 1410 tranquillitatem
811 1357 1074 1411 reliquarum
1127 1364 1386 1399 ornamenta
1437 1360 1659 1409 virtutum,
1703 1365 1752 1401 ut

284 1439 514 1486 expertem
557 1447 650 1473 esse
692 1433 928 1473 iracundiae
970 1433 1124 1482 omnis,
1167 1447 1262 1473 esse
1313 1440 1603 1484 mansuetum,
1647 1448 1750 1476 con-

283 1507 512 1556 stantem,”
537 1513 616 1548 etc.

374 1581 541 1634 Quinta
573 1595 713 1621 causa.
773 1580 849 1621 Ad
883 1580 1123 1621 eludendos
1145 1581 1470 1634 vincendosque
1498 1583 1750 1623 daemones:

284 1659 357 1712 qui
391 1671 489 1698 cum
523 1657 656 1697 animi
689 1657 883 1709 cogitata
913 1657 1159 1709 perspicere
1190 1670 1277 1696 non
1308 1658 1488 1709 possint,
1511 1657 1683 1698 vultum
1706 1663 1751 1698 et

285 1734 476 1787 speciem
519 1732 604 1772 oris
646 1732 892 1777 observant,
937 1745 1035 1783 quae
1088 1731 1336 1771 reconditos
1385 1745 1528 1772 mores
1570 1732 1748 1784 effingit.

285 1809 418 1862 Quod
453 1808 486 1847 si
521 1807 744 1846 tristitiam
776 1806 922 1845 vultus
956 1806 1222 1858 aspexerint,
1251 1806 1490 1846 admovent
1524 1806 1751 1847 machinas

282 1884 337 1923 ad
376 1882 726 1935 oppugnandum
765 1881 972 1927 animum,
997 1885 1209 1932 tanquam
1246 1879 1453 1920 idoneum
1486 1881 1602 1921 nacti
1638 1886 1750 1921 tem-

283 1972 391 2012 pus:
424 1970 523 1997 cum
558 1956 674 1995 enim
710 1955 790 2008 ipsi
827 1955 1077 1994 turbatione
1111 1955 1197 1994 sint
1231 1954 1360 2008 pleni,
1392 1955 1578 1996 turbidis
1614 1956 1749 1996 etiam

285 2033 419 2073 animi
443 2031 578 2071 nostri
602 2030 793 2069 motibus
816 2029 1098 2069 delectantur.

374 2106 522 2158 Quare
569 2104 666 2156 jure
718 2104 927 2144 monebat
968 2103 1194 2143 Antonius
1245 2104 1493 2144 maximum
1544 2104 1752 2144 adversus

287 2183 512 2222 daemones
551 2192 645 2219 esse
682 2177 948 2231 praesidium,
988 2178 1021 2217 si
1061 2177 1261 2217 lcetitiam
1299 2178 1751 2230 tranquillitatemque

287 2269 519 2296 servemus.
585 2254 760 2294 Norunt
802 2253 917 2292 enim
960 2266 1048 2292 non
1090 2266 1218 2305 posse
1260 2253 1415 2292 eodem
1458 2259 1655 2305 tempore
1707 2253 1751 2292 in

285 2332 433 2371 anima
475 2335 623 2369 nostra
661 2334 703 2367 ct
745 2328 945 2380 spiritum
984 2340 1078 2366 esse
1115 2327 1302 2366 tristitiae
1339 2333 1382 2366 et
1415 2327 1614 2379 spiritum
1653 2327 1750 2376 Dei,

286 2406 360 2458 qui
384 2410 449 2444 est
472 2404 568 2443 fons
591 2410 633 2442 et
657 2404 779 2454 origo
803 2402 978 2441 laetitiae.
1035 2402 1232 2453 Ideoque
1254 2407 1465 2453 tanquam
1488 2401 1577 2454 lupi
1601 2401 1753 2442 nubilo

285 2486 469 2531 atroque
511 2477 624 2517 coelo
662 2483 737 2516 aut
775 2482 988 2516 nocturno
1025 2481 1224 2528 tempore
1260 2489 1338 2528 per
1378 2475 1600 2516 licentiam
1632 2482 1753 2516 tene-

285 2554 476 2600 brarum,
507 2552 568 2591 sic
606 2550 665 2590 illi
705 2550 760 2590 ad
795 2550 1043 2603 perdendas
1077 2563 1128 2589 ac
1162 2549 1394 2602 rapiendas
1427 2564 1530 2589 oves
1561 2550 1752 2590 tristitiae

283 2634 459 2668 noctem
497 2626 740 2666 observant.
815 2624 896 2663 Ait
937 2624 1053 2664 enim
1098 2624 1299 2671 Hermes,
1344 2624 1492 2663 Mand.
1529 2625 1564 2664 6.
1612 2628 1750 2665 “cum

284 2701 508 2742 recesserit
556 2700 613 2739 ab
663 2699 841 2739 homino
896 2697 1084 2751 Spiritus
1138 2699 1337 2746 Sanctus,
1391 2712 1491 2738 eum
1543 2699 1753 2739 continuo

284 2776 509 2830 spiritibus
542 2773 696 2827 repleri
729 2772 967 2826 malignis.''
1031 2773 1151 2826 Ergo
1184 2772 1449 2825 explicanda
1481 2778 1524 2812 et
1556 2773 1751 2826 exporri-

284 2850 430 2904 genda
465 2850 582 2889 frons
615 2855 659 2888 et
692 2849 825 2888 etiam
853 2854 959 2895 tum,
984 2861 1083 2887 cum
1117 2848 1313 2887 animum
1347 2860 1509 2887 moeror
1537 2853 1724 2900 occupat
1740 2861 1759 2898 ;.

285 2941 340 2966 ne
363 2938 539 2966 causam
571 2923 653 2963 illis
683 2923 918 2963 invadendi
942 2923 986 2962 in
1009 2923 1144 2962 animi
1167 2922 1301 2962 nostri
1324 2922 1441 2962 bona
1461 2922 1751 2975 praebeamus.

283 3001 432 3054 Quare
474 3005 517 3039 et
561 2998 814 3039 Climachus
865 2998 1145 3037 serenitatem
1189 3002 1233 3037 et
1274 2996 1637 3049 tranquillitatem
1689 2997 1752 3036 ait
