1903 3197
475 165 554 209 De
585 162 865 222 Disciplina
900 163 972 208 M
967 179 1094 208 elzsse.
1429 176 1454 220 3
1463 163 1488 206 8
1497 175 1522 219 3

65 301 279 340 bonorum
307 297 503 337 omnium
536 294 730 347 largitori
764 294 860 332 Deo
893 307 971 345 pro
1001 293 1160 332 collato
1193 293 1361 344 corpori
1393 293 1524 332 bene-

65 374 175 421 ficio,
200 379 241 412 et
271 385 358 423 quo
395 370 552 410 affectu
590 367 852 420 peragendae
890 368 975 405 sint
1007 367 1169 418 gratiae.
1235 366 1375 405 Decet
1408 367 1523 405 enim

65 460 166 486 cum
205 458 380 485 omnem
417 443 651 490 hominem,
685 441 719 479 si
752 453 777 479 a
806 440 955 478 bestiis
994 439 1166 477 differre
1197 439 1313 487 velit,
1349 440 1526 490 quibus-

65 533 164 559 cum
200 519 237 558 ei
270 517 382 556 vesci
417 527 650 555 commune
684 519 777 562 est3
810 519 903 552 tum
936 512 1155 564 praecipue
1189 511 1424 562 religiosos,
1452 513 1525 563 qui

65 605 278 644 pauperes
300 604 346 629 se
368 588 636 642 profitentur,
660 592 703 626 et
725 600 782 626 ex
807 586 891 624 Dei
914 584 1191 637 providentia
1214 584 1294 623 toti
1318 584 1525 635 pendent,

63 677 299 717 agnoscere
350 662 465 701 unde
506 661 587 700 sibi
629 666 794 712 paratae
837 660 923 698 sint
965 672 1085 697 escae.
1172 657 1340 696 Idcirco
1390 657 1524 696 Filius

67 739 164 787 Dei,
197 750 295 777 cum
338 736 450 774 inter
489 734 688 773 homines
725 737 970 772 versaretur
1012 737 1059 770 ut
1105 744 1183 770 suo
1226 744 1305 769 nos
1349 730 1526 769 doceret

66 810 284 863 exemplo,
315 809 505 860 acceptis
542 809 585 847 in
618 806 853 846 solitudine
890 805 1075 857 panibus
1114 803 1393 856 piscibusque
1430 816 1525 855 per-

65 885 227 937 paucis,
281 883 396 922 unde
459 882 651 933 quinque
714 879 943 918 hominum
1009 877 1144 916 millia
1204 891 1297 916 sese
1350 877 1527 926 alerent,

66 958 292 1010 aspexisse
343 956 461 1008 prius
514 955 555 992 in
608 952 767 992 coelum
829 952 996 999 dicitur,
1050 950 1246 1002 cibisque
1297 951 1352 990 de
1405 963 1526 989 more

66 1028 374 1071 benedixisse.1
437 1027 568 1079 Quod
612 1028 755 1079 ipsum
798 1025 950 1065 fecisse
986 1024 1170 1077 legimus
1209 1024 1251 1063 in
1289 1025 1525 1064 novissima

66 1118 204 1151 coena,
237 1116 374 1155 eaque
414 1101 592 1153 expleta
634 1099 847 1152 hymnum
882 1098 1047 1138 dixisse
1089 1111 1166 1150 pro
1208 1096 1409 1150 gratiis:2
1441 1111 1528 1150 quo

68 1191 125 1217 ex
168 1178 263 1217 loco
308 1175 649 1227 Chrysostomus
691 1172 867 1224 colligit,
912 1178 955 1211 et
997 1177 1098 1211 31110
1141 1171 1298 1218 cibum,
1344 1176 1386 1210 et
1428 1177 1530 1223 post

66 1252 213 1291 cibum
251 1255 451 1302 oportere
487 1249 584 1287 Deo
622 1261 700 1286 nos
736 1247 898 1299 gratias
937 1259 1075 1297 agere.
1140 1245 1191 1284 Id
1230 1245 1348 1296 quod
1391 1245 1525 1284 etiam

1322 1321 1343 1336 ί(

69 1325 269 1365 observat
336 1322 563 1361 Hilarius:
646 1320 814 1360 “Sicut
885 1318 1038 1366 enim,”
1105 1319 1255 1370 inquit,
1364 1319 1529 1370 gratias

68 1402 250 1450 egerunt
287 1401 388 1436 ante
431 1408 563 1447 quam
605 1394 816 1441 biberent,
854 1393 914 1431 ita
957 1397 1000 1431 et
1036 1391 1199 1443 gratias
1236 1396 1374 1442 agunt
1410 1397 1531 1443 post—

67 1484 200 1523 quam
254 1469 467 1509 biberunt.
576 1466 708 1507 Unde
760 1466 928 1513 dicitur,
982 1471 1025 1504 et
1075 1464 1243 1516 hymno
1296 1464 1425 1511 dicto,
1481 1469 1530 1503 ut

69 1544 270 1584 addiscas
299 1548 342 1582 et
371 1548 473 1582 ante
504 1541 663 1589 cibum,
688 1545 730 1578 et
759 1545 860 1591 post
892 1538 1038 1577 cibum
1065 1538 1304 1589 gratiarum
1335 1537 1530 1576 actiones

71 1618 168 1657 Deo
211 1613 449 1656 reddere.''3
513 1614 631 1654 Hinc
674 1613 804 1666 igitur
844 1612 962 1665 apud
1005 1611 1229 1663 religiosos
1272 1610 1404 1649 fluxit
1439 1609 1533 1648 haec

73 1696 224 1729 sancta
262 1695 305 1729 et
349 1688 597 1728 Christiano
640 1687 816 1726 homine
859 1686 992 1738 digna
1034 1683 1316 1731 consuetudo,
1356 1682 1535 1723 benedi-

72 1762 197 1803 cendi
261 1775 435 1810 mensae,
487 1761 735 1812 agendique
799 1765 898 1811 post
961 1757 1111 1810 epulas
1174 1757 1347 1809 gratias.
1441 1755 1532 1796 Sed

72 1836 392 1877 observandum
440 1834 482 1873 in
526 1833 669 1873 Sacris
713 1833 871 1872 Literis
920 1845 1008 1871 non
1055 1831 1188 1870 modo
1230 1835 1330 1882 post
1372 1828 1531 1877 cibum,

70 1922 221 1949 verum
246 1909 378 1947 etiam
401 1913 503 1946 ante
530 1906 687 1955 cibum,
711 1906 795 1945 dici
825 1919 850 1945 a
881 1905 1054 1945 Christo
1087 1904 1305 1943 actionem
1336 1902 1535 1942 adhiberi

71 1980 340 2036 gratia1·um.4
402 1979 640 2020 Matthaeus
682 1980 798 2018 enim
840 1978 919 2018 ait:
959 1977 1054 2017 “Et
1091 1976 1309 2028 accipiens
1351 1975 1531 2040 calicem

71 2057 235 2109 gratias
265 2053 409 2107 egit;''
443 2067 600 2105 nempe
630 2059 867 2106 postquam
897 2064 1069 2104 panem,
1092 2050 1242 2102 gratiis
1278 2050 1382 2089 item
1413 2049 1534 2098 actis,

74 2129 322 2182 accepisset,
345 2126 656 2180 discipulisque
688 2126 892 2173 dedisset,
917 2130 961 2164 et
984 2123 1208 2176 “Accepit
1229 2123 1356 2175 Jesus
1387 2135 1536 2175 panes,

72 2210 118 2244 et
154 2216 252 2243 cum
289 2202 451 2254 gratias
488 2201 660 2252 egisset,
690 2199 911 2239 distribuit
943 2194 1382 2237 discumbentibus.’'5
1445 2194 1535 2235 Ubi

72 2277 179 2317 item
231 2276 434 2316 observat
477 2274 829 2326 Chrysostomus,
875 2271 1098 2312 Christum
1149 2270 1232 2310 hoc
1274 2269 1371 2309 loco
1413 2281 1537 2308 orare

73 2350 272 2399 voluisse,
323 2355 371 2389 ut
422 2348 599 2388 doceret
650 2347 782 2387 etiam
835 2351 936 2386 ante
992 2345 1138 2385 cibum
1194 2343 1357 2396 gratias
1408 2355 1539 2395 agere

75 2430 307 2477 oportere;
360 2435 612 2475 quanquam
655 2426 804 2461 autem
856 2425 957 2473 post
997 2424 1227 2471 acceptum
1277 2416 1538 2458 beneficium

74 2497 227 2549 gratiae
269 2497 417 2549 peragi
460 2495 547 2535 fere
584 2494 735 2534 solent.
798 2494 970 2533 Tamen
1004 2492 1213 2545 quoniam
1250 2496 1406 2544 parata
1443 2489 1537 2542 jam

77 2571 375 2621 instructaque
406 2569 545 2622 epulis
574 2582 725 2608 mensa
759 2581 952 2621 praesens
983 2573 1050 2607 est
1080 2565 1353 2614 beneficium,
1377 2564 1538 2604 idcirco

75 2644 171 2696 jure
218 2644 350 2682 etiam
396 2643 515 2695 prius
561 2656 694 2694 quam
741 2641 986 2690 accumbaS,
1029 2646 1106 2680 aut
1152 2640 1278 2680 edere
1326 2637 1540 2687 instituas,

78 2717 232 2769 gratiae
274 2716 476 2755 dicuntur
516 2716 597 2767 agi.
675 2716 735 2755 Et
776 2716 953 2767 quidem
997 2715 1104 2767 ipsa,
1146 2726 1244 2765 quae
1288 2721 1539 2751 mensarum

307 2827 320 2846 1
345 2830 464 2861 Matth.
488 2838 536 2870 14.
671 2828 685 2846 2
708 2829 828 2861 Matth.
850 2829 901 2861 26.
1036 2826 1050 2845 3
1073 2828 1115 2858 In
1138 2827 1241 2858 Mare.
1263 2834 1310 2865 14.

532 2879 545 2898 4
569 2880 689 2911 Matth.
710 2880 761 2912 26.
926 2879 938 2898 ⁵
959 2880 1055 2920 Joan.
1077 2878 1106 2910 6.
