1903 3197
487 176 554 222 [η
589 175 830 236 Regulam
870 172 1150 219 Snmmarz'z'
1182 187 1211 230 4
1222 184 1258 230 7.
1518 184 1547 227 4
1557 184 1578 214 2
1593 184 1608 214 1

154 313 286 365 digne
309 315 514 364 operatus
544 313 610 347 est
638 306 849 346 mandata
882 306 978 353 Dei,
1002 311 1045 344 et
1067 304 1325 356 adimplevit
1347 303 1495 342 omnia
1517 315 1615 354 quae

153 390 375 439 praecepta
405 381 540 422 sunt.''
604 381 664 420 Et
694 385 789 419 tum
823 391 910 417 non
941 377 1107 429 aliquid
1141 378 1340 429 requiret,
1369 376 1445 416 sed
1479 376 1534 415 de
1565 388 1617 415 eo

156 460 251 512 ipso
273 458 355 497 erit
386 455 594 496 sollicitus
618 452 735 506 quod
768 452 806 491 ei
837 452 976 498 datur,
1001 451 1103 502 quia
1134 451 1337 489 meritum
1366 450 1457 501 jam
1491 462 1617 488 suum

144 532 334 584 accepit.
397 529 598 581 Quatuor
631 527 762 579 igitur
792 525 886 564 hzec
918 524 1065 564 valent
1096 524 1151 563 ad
1184 524 1439 575 aequitatem
1474 522 1620 565 animi,

157 618 399 660 pacemque
444 601 768 656 possidendam,
821 612 921 639 cum
971 599 1075 650 quid
1125 597 1448 649 postulantibus
1490 597 1619 636 dene-

159 685 311 732 gatum
334 676 470 716 fuerit.
535 674 687 726 Atque
715 673 822 722 haec,
855 678 898 711 et
931 672 985 710 de
1011 672 1139 711 tertio
1165 670 1248 710 hoc
1282 669 1620 709 Constitutionis

160 752 369 800 membro,
393 756 436 790 et
458 749 512 788 de
534 754 629 788 tota
651 748 744 800 ipsa
769 745 1104 792 Constitutione,
1130 744 1245 784 satis.

246 826 319 865 Ex
366 824 523 876 quibus
570 822 662 873 jam
716 819 1010 872 intelligimuS,
1062 819 1253 870 primum
1303 816 1357 856 ad
1410 816 1620 856 tuendam

157 898 455 940 valetudinem
485 895 737 948 praesidium
768 894 960 947 positum
993 905 1097 939 esse,
1123 897 1169 931 ut
1202 890 1325 930 initio
1358 889 1623 931 dicebamus,

159 974 203 1013 in
234 971 525 1012 admonendis
558 971 608 1010 iis
641 969 713 1021 qui
751 972 957 1020 praesunt,
993 979 1092 1005 cum
1126 965 1230 1017 quid
1269 963 1621 1003 animadversum

160 1046 288 1086 fuerit
316 1044 555 1085 valetudini
591 1043 883 1082 necessarium
916 1053 1020 1088 esse,
1049 1038 1118 1079 vel
1150 1039 1345 1077 noxium.
1415 1036 1624 1089 Sequitur

147 1120 357 1168 alterum,
402 1119 519 1171 quod
563 1117 605 1156 in
648 1116 841 1169 corporis
892 1113 1205 1154 exercitatione
1246 1116 1452 1159 versatur,
1492 1110 1624 1162 juxta

162 1194 357 1247 regulam
383 1191 619 1234 Summarii
641 1200 708 1241 47,
734 1189 789 1228 de
812 1202 899 1240 qua
921 1187 1126 1238 deinceps
1150 1185 1385 1225 dicendum
1410 1190 1485 1224 est.

477 1454 537 1489 IN
584 1451 863 1489 REGULAM
908 1450 1200 1487 SUMMARH
1248 1450 1307 1486 47·

146 1554 184 1570 ·“
204 1550 280 1591 UT
333 1562 420 1588 non
473 1547 656 1600 expedit
710 1551 835 1586 tanto
890 1543 1039 1583 labore
1092 1542 1306 1595 corporali
1360 1554 1627 1594 quemquam

163 1622 368 1671 onerari,’'
409 1621 482 1661 &o
561 1620 769 1672 Sequitur
798 1618 982 1658 alterum
1012 1617 1275 1657 valetudinis
1312 1616 1488 1656 tuendae
1520 1628 1631 1668 prae-

167 1697 340 1745 sidium,
365 1695 484 1747 quod
507 1695 549 1734 in
572 1694 763 1746 corporis
787 1691 1103 1732 exercitatione
1125 1691 1317 1743 positum
1341 1695 1416 1730 est.
1472 1688 1630 1729 Omnis

156 1775 319 1811 'autem
342 1769 437 1808 haec
458 1768 607 1821 regula
629 1767 759 1807 tribui
783 1771 930 1818 potest
963 1766 1004 1804 in
1034 1771 1179 1817 partes
1209 1770 1305 1813 tres,
1331 1770 1378 1803 ut
1400 1764 1541 1816 prima
1563 1763 1629 1811 sit,

170 1844 342 1885 labores
371 1842 562 1894 corporis
592 1840 749 1880 nimios
779 1852 872 1878 esse
902 1851 989 1878 non
1022 1838 1206 1888 debere;
1245 1837 1446 1885 secunda,
1482 1835 1632 1875 mode-

172 1924 290 1958 ratos
316 1930 419 1956 vero
452 1914 655 1955 omnibus
689 1913 930 1959 convenire,
966 1912 1098 1950 ctiam
1132 1911 1181 1950 iis
1211 1912 1284 1963 qui
1318 1910 1476 1950 mentis
1508 1922 1633 1948 exer-

173 1991 374 2032 citationi
403 1994 588 2038 vacant;
621 1987 761 2034 tertia,
787 1986 931 2026 studia
961 1986 1119 2024 mentis
1152 1984 1512 2037 interrumpenda
1538 1996 1632 2023 esse

158 2066 264 2106 sive
295 2077 393 2117 quae
426 2064 481 2103 ad
514 2062 670 2110 literas,
703 2062 793 2100 sive
825 2073 922 2111 quae
956 2059 1011 2099 ad
1045 2059 1219 2111 spiritus
1251 2059 1481 2111 pertinent.

455 2270 481 2323 ς’
515 2278 673 2309 1.—DE
706 2276 855 2306 Nnmo
889 2274 1080 2305 LABORE
1112 2274 1347 2304 VITANDO.

261 2370 459 2410 Labores
501 2368 659 2407 nimios
702 2365 851 2419 regula
894 2364 1171 2417 reprehendit
1207 2365 1317 2404 duas
1358 2364 1636 2416 potissimum

174 2445 232 2485 ob
269 2456 448 2492 causas;
486 2442 690 2495 primum,
725 2441 828 2492 quia
861 2440 1060 2491 spiritum
1093 2438 1310 2488 obruunt3
1344 2438 1502 2477 deinde
1536 2437 1638 2489 quia

172 2515 316 2558 totu'm
360 2516 585 2556 hominem
630 2528 746 2566 saepe
788 2518 1017 2565 occupant,
1060 2518 1108 2552 ut
1150 2512 1379 2551 minimum
1427 2511 1637 2563 temporis

175 2591 323 2630 animo
354 2595 595 2629 reservetur
625 2589 680 2627 ad
714 2601 759 2627 se
791 2587 1023 2626 colendum
1057 2593 1101 2625 et
1132 2586 1441 2626 exercendum.
1506 2585 1638 2635 Prop-

158 2671 294 2704 terea
337 2663 554 2702 Dominus
597 2662 751 2701 merito
793 2673 984 2700 sororem
1033 2660 1187 2699 Mariae
1227 2659 1449 2699 Martham
1497 2670 1638 2710 repre-

177 2736 341 2785 hendit,
374 2749 471 2788 quae
505 2734 730 2773 ministerii
763 2740 976 2786 occupata
1011 2732 1159 2772 labore
1193 2733 1351 2772 sororis
1385 2730 1639 2782 adjumenta

178 2809 399 2863 poscebat.
477 2806 702 2856 “Martha,
753 2807 931 2846 Martha
983 2806 1168 2846 sollicita
1224 2804 1305 2853 es,”
1355 2804 1506 2856 inquit,
1558 2806 1640 2843 “et

178 2882 369 2923 turbaris
423 2894 526 2933 erga
577 2880 790 2933 plurima;
852 2894 980 2933 porro
1032 2892 1167 2918 unum
1219 2883 1285 2918 est
1338 2877 1640 2918 necessarium.
