1903 3197
273 167 306 211 4
312 153 371 210 38
600 151 679 198 De
711 151 902 199 ralz'one
923 151 1127 199 ‘vivendi
1159 151 1422 200 Socz‘etatz‘s.

273 297 404 338 posse
466 284 719 325 transferri:
781 290 916 338 atque
972 284 1057 326 huc
1120 285 1329 338 rejectam
1387 286 1431 324 in
1487 284 1747 326 hodiernum

274 371 414 411 usque
461 357 578 398 diem
626 359 900 399 consuetudo
947 359 1044 413 ipsa
1090 360 1288 400 servavit.
1369 359 1579 399 Dandum
1617 359 1749 412 igitur

274 438 342 474 est
392 432 559 486 aliquid
612 433 806 486 antiquae
852 434 1172 484 consuetudini,
1219 448 1320 487 quae
1363 440 1406 474 et
1455 447 1480 474 a
1523 433 1749 474 Constitu-

273 506 481 557 tionibus,
519 513 563 548 et
607 521 632 548 a
679 508 848 549 ratione
889 522 941 549 ac
981 509 1216 562 prudentia
1253 521 1418 557 eorum,
1456 508 1530 560 qui
1575 508 1749 548 Consti—

273 581 468 622 tutiones
496 581 851 635 interpretantur,
875 588 1020 624 ortum
1051 582 1195 623 habet.
1261 582 1419 635 Neque
1451 582 1568 621 enim
1601 582 1748 622 omnia

275 655 548 697 enucleanda
590 657 646 697 ab
696 671 759 707 eo,
805 658 878 710 qui
933 657 1285 698 Constitutiones
1336 657 1520 709 scripsit,
1564 656 1749 706 fuerunt,

274 730 353 771 sed
418 730 557 771 multa
611 731 942 771 moderatorum
997 731 1319 772 committenda
1372 730 1645 784 prudentiae3
1707 736 1751 771 et

275 818 462 858 quorum
513 804 651 845 facilis
702 804 962 857 explanatio
1014 818 1109 845 esse
1159 811 1347 857 poterat,
1390 818 1541 845 eorum
1594 803 1751 844 intelli-

273 879 425 932 gentia
458 892 509 918 ac
543 892 696 918 sensus
730 878 1059 918 moderatorum
1094 878 1199 918 item
1238 879 1418 919 arbitrio
1451 878 1747 931 relinquenda·

275 950 425 1004 Quare
467 951 779 1004 amplectenda
821 957 887 992 est
930 957 978 991 ut
1014 957 1170 992 sancta
1206 958 1250 991 et
1295 965 1353 991 ex
1403 952 1500 992 Deo
1547 958 1663 1002 nata,
1706 958 1749 992 et

275 1026 530 1079 corporibus
600 1026 848 1078 animisque
909 1026 1109 1066 maxime
1170 1026 1373 1066 salutaris
1440 1025 1546 1076 haec,
1616 1039 1748 1078 quam

274 1106 489 1149 tenemus,
529 1100 866 1140 recreandorum
902 1114 1135 1153 corporum
1170 1106 1272 1153 post
1307 1099 1459 1153 epulas
1495 1100 1615 1140 ratio.

365 1174 573 1228 Sequitur
604 1175 760 1214 tertius
790 1175 1140 1227 interrumpendi
1172 1175 1329 1214 modus
1361 1188 1387 1215 a
1421 1174 1748 1215 Constitutione

275 1250 582 1304 praescriptus;
643 1250 717 1302 qui
769 1250 812 1288 in
862 1262 914 1289 eo
966 1249 1076 1289 situs
1125 1255 1202 1298 est,
1253 1254 1301 1289 ut
1349 1262 1404 1289 ne
1452 1255 1580 1289 extra
1621 1248 1751 1289 horas

275 1324 457 1377 quidem
515 1324 690 1363 usitatae
733 1323 1019 1363 relaxationis
1076 1323 1222 1363 studia
1275 1322 1348 1363 illa
1399 1323 1605 1363 interiora
1648 1336 1749 1363 con-

275 1397 511 1447 tinuentur,
567 1402 615 1436 ut
664 1411 721 1436 cx
764 1396 907 1436 verbis
949 1395 1082 1449 paulo
1135 1403 1237 1436 ante
1286 1396 1430 1436 citatis
1481 1396 1750 1448 intelligitur,

275 1472 353 1511 sed
391 1471 535 1511 adhuc
580 1471 743 1511 remitti
782 1470 993 1523 jubentur
1039 1471 1255 1510 interdiu:
1323 1471 1425 1523 quia
1463 1476 1555 1510 tam
1593 1470 1749 1511 multa—

277 1558 373 1585 rum
430 1544 637 1585 horarum
696 1544 881 1584 intentio
938 1558 1038 1597 quae
1092 1551 1193 1597 post
1251 1545 1409 1597 quictis
1466 1550 1641 1597 tempus
1695 1543 1751 1584 ad

277 1632 451 1659 coenam
504 1632 642 1671 usque
694 1624 1034 1671 consequuntur,
1087 1617 1205 1658 haud
1258 1618 1395 1658 dubia
1448 1619 1584 1658 noxia
1636 1624 1751 1658 esset

277 1692 521 1733 admodum
570 1692 826 1742 valetudini,
869 1693 904 1732 si
948 1692 1067 1732 nulla
1117 1692 1241 1732 fieret
1283 1692 1559 1732 intermissio.
1643 1692 1751 1732 Ideo

278 1767 500 1820 sapienter
556 1766 619 1815 iis,
682 1767 755 1818 qui
815 1766 857 1805 in
915 1765 1159 1806 litterarum
1217 1766 1375 1806 studiis
1431 1771 1670 1816 versantur,
1727 1779 1751 1806 a

278 1840 631 1881 moderatoribus
673 1841 923 1880 consultum
961 1845 1038 1890 est,
1077 1845 1124 1880 ut
1159 1839 1272 1880 ultra
1316 1839 1502 1880 duarum
1547 1839 1750 1880 horarum

279 1916 472 1969 spatium
511 1915 657 1955 studia
699 1913 772 1954 illa
815 1927 902 1954 non
944 1920 1193 1967 prorogent,
1232 1913 1309 1954 sed
1347 1913 1587 1967 paullisper
1623 1914 1752 1954 inter—

279 1996 498 2043 rumpant,
537 1989 644 2029 dum
683 1988 906 2028 relaxetur
942 1988 1115 2028 animus
1159 1993 1203 2028 et
1247 1988 1581 2040 quodammodo
1628 2001 1752 2029 reno-

279 2070 414 2104 vetur.
498 2062 632 2116 Quod
682 2068 955 2115 praeceptum
1003 2062 1060 2102 ad
1109 2061 1193 2102 alia
1231 2063 1364 2102 etiam
1404 2062 1550 2102 studia
1593 2062 1752 2102 mentis

279 2138 497 2192 pertinere
539 2138 682 2186 debet,
725 2137 970 2190 praesertim
1009 2150 1070 2186 ea,
1109 2150 1207 2188 quze
1253 2135 1494 2189 spiritualia
1530 2149 1748 2176 vocamus.

281 2213 413 2258 Nam,
472 2217 520 2252 ut
576 2217 763 2251 testatur
824 2211 866 2250 in
936 2211 1025 2250 suis
1095 2210 1416 2251 Collationibus
1485 2209 1750 2260 Cassianus)

281 2286 454 2339 “Saepe
496 2286 655 2326 accidit
700 2284 769 2325 vel
819 2284 1212 2337 experientissimis
1260 2291 1393 2336 atque
1442 2284 1656 2336 perfectis,
1708 2291 1753 2324 ut

283 2361 364 2401 nisi
424 2360 582 2400 mentis
633 2373 783 2398 eorum
835 2359 1017 2398 directio
1069 2365 1203 2411 atque
1256 2372 1438 2398 censura
1489 2359 1750 2410 quibusdam

283 2434 454 2476 mollita
491 2433 620 2473 fuerit
658 2433 1008 2473 vicissitudinum
1051 2432 1329 2481 laxamentis,
1361 2439 1437 2472 aut
1475 2433 1518 2472 in
1555 2439 1753 2486 teporem

282 2509 472 2563 spiritus,
515 2514 591 2548 aut
632 2513 748 2547 certe
792 2508 835 2546 in
874 2507 1167 2560 perniciosam
1217 2508 1409 2559 corporis
1452 2507 1750 2547 valetudinem

283 2581 562 2624 collabatur.”
646 2581 949 2634 Quamobrem
992 2580 1092 2621 huic
1140 2581 1423 2621 incommodo
1468 2581 1525 2621 ab
1573 2581 1753 2621 Abbate

283 2657 517 2698 Abraham
555 2657 818 2709 temperatio
865 2655 1082 2708 ejusmodi
1121 2655 1300 2695 inventa
1341 2661 1418 2705 est,
1455 2661 1502 2695 ut
1539 2656 1753 2708 interrup-

284 2733 416 2773 tionis
459 2731 710 2772 occasiones
752 2730 808 2770 ab
851 2729 1251 2782 interpellatoribus
1289 2735 1422 2782 atque
1464 2729 1752 2769 intervenien-

284 2806 400 2847 tibus
424 2806 629 2847 fratribus
652 2818 739 2845 non
769 2804 902 2844 modo
935 2804 1164 2856 patienter,
1189 2817 1339 2844 verum
1368 2804 1499 2844 etiam
1531 2808 1753 2856 gratanter

858 2891 869 2911 ²
895 2893 977 2924 Coll.
1000 2901 1052 2933 24.
1074 2904 1100 2925 c.
1121 2901 1173 2925 20.
