1903 3197
306 162 405 220 478
634 161 713 207 De
745 161 935 208 ratione
968 162 1161 209 vivendi
1193 163 1455 211 Socz‘elatz‘S.

392 293 706 334 AEdificatione
739 301 888 335 autem
920 295 1133 348 spirituali
1169 296 1367 338 Societas
1399 302 1549 338 nostra
1587 299 1776 340 consulit

306 368 695 421 praetermittendis
729 382 926 409 escarum
961 369 1196 419 lenociniis,
1233 376 1277 410 et
1309 370 1590 411 saecularibus
1624 373 1775 413 condi-

307 441 476 482 mentis,
545 441 619 481 Sic
662 443 777 482 enim
820 457 907 483 non
943 444 1142 484 videmur
1182 444 1288 485 dare
1324 458 1504 497 operam
1542 445 1771 498 voluptati,

306 515 383 555 sed
425 517 704 566 necessitati;
749 531 828 558 nec
869 518 981 559 circa
1018 519 1195 559 easdem
1233 519 1392 559 versari
1434 533 1570 569 curas,
1609 520 1767 573 quibus

305 588 520 629 seculares
542 590 742 631 homines
763 592 970 643 student;
1003 606 1189 645 quorum
1219 592 1416 646 plerique
1439 594 1551 633 circa
1573 593 1774 634 cochlear

305 668 350 703 et
385 665 642 704 mortarium
680 670 821 705 totam
858 667 994 706 vitam
1026 672 1301 715 consumunt,
1334 673 1382 707 ut
1415 667 1521 707 scite
1552 666 1768 708 Clemens.

307 736 373 778 Ut
404 743 552 777 autem
587 739 704 778 idem
736 740 822 780 ait:
857 740 981 792 “Qui
1010 741 1243 781 varietates
1277 740 1541 794 multiplices
1576 742 1773 794 exquisi-

305 816 450 850 torum
493 813 874 853 condimentorum
911 819 1143 863 sectantur,
1181 820 1308 855 terra:
1350 821 1450 855 sunt
1491 815 1622 869 plane
1664 815 1772 865 filii;

304 891 452 925 nostra
489 891 637 925 autem
680 887 952 927 conversatio
994 888 1037 927 in
1075 888 1196 927 coelis
1233 903 1328 929 esse
1363 889 1507 938 debet,
1543 896 1587 930 et
1623 890 1770 930 cibum

303 958 528 998 coelestem
558 961 831 1009 venantibus,
859 975 1036 1002 necesse
1067 968 1133 1002 est
1160 964 1312 1012 ventri,
1335 963 1408 1015 qui
1441 964 1522 1003 sub
1554 964 1662 1004 caelo
1691 969 1770 1013 est,

302 1038 346 1072 et
377 1033 439 1080 iis,
464 1047 562 1085 quse
593 1034 630 1073 ei
663 1040 789 1087 grata
811 1042 923 1085 sunt,
946 1035 1219 1089 imperare.'’I
1283 1037 1459 1078 Scimus
1488 1044 1637 1078 autem
1660 1038 1765 1078 olim

301 1106 419 1158 apud
453 1112 621 1147 veteres
657 1108 907 1160 monachos,
933 1111 1315 1151 condimentorum
1351 1111 1461 1162 loco,
1484 1111 1568 1152 olei
1603 1111 1766 1152 stillam

301 1179 346 1218 in
377 1181 561 1220 summis
591 1180 721 1222 fuisse
751 1182 926 1234 deliciis,
950 1190 995 1224 at
1026 1185 1174 1225 scribit
1206 1184 1441 1226 Cassianus
1468 1186 1511 1225 in
1534 1185 1769 1226 collatione

303 1253 456 1294 Sereni
488 1254 692 1306 AbbatiS,
727 1271 857 1310 quem
893 1265 1040 1299 narrat
1074 1260 1129 1300 ad
1159 1259 1383 1313 hospitum
1413 1260 1653 1301 adventum
1688 1273 1768 1314 pro

301 1329 452 1379 muria,
491 1343 590 1382 quae
627 1332 897 1384 quotidianae
939 1333 1113 1374 illorum
1157 1335 1335 1374 Patrurn
1377 1335 1600 1375 refectioni
1638 1334 1770 1375 solita

300 1408 393 1442 erat
415 1404 589 1456 apponi,
615 1405 837 1446 modicum
860 1407 1110 1460 liquaminis
1133 1409 1369 1458 miscuisse,
1389 1415 1433 1449 et
1450 1408 1533 1449 olei
1552 1408 1766 1461 quiddam

300 1476 430 1517 solito
473 1480 731 1531 propensius
773 1481 1079 1534 superfudisse,
1122 1497 1174 1523 ac
1218 1484 1254 1523 si
1295 1483 1490 1524 convivae
1533 1484 1765 1536 opiparum

301 1552 600 1604 apparasset.2
640 1584 644 1587 .

389 1625 449 1666 Et
487 1626 672 1667 Basilius
714 1629 826 1670 inter
861 1629 1051 1671 delicata
1087 1631 1380 1680 condimenta,
1416 1635 1518 1684 'quae
1555 1631 1767 1685 religiosis

298 1697 343 1737 in
369 1711 567 1739 escarum
595 1708 810 1754 apparatu
832 1705 1056 1756 permittit,
1081 1705 1226 1745 oleum
1254 1712 1486 1754 memorat,
1510 1711 1554 1745 et
1580 1705 1766 1754 similia;

297 1784 440 1823 neque
474 1772 517 1811 id
560 1787 742 1827 semper,
778 1776 855 1816 sed
885 1776 942 1817 ad
974 1777 1198 1831 hospitum
1231 1778 1470 1819 dumtaxat
1497 1779 1766 1820 adventum:

298 1858 387 1898 quo
420 1846 552 1887 etiam
581 1854 781 1902 ternpore
811 1850 873 1891 ita
905 1853 1046 1904 parari
1078 1852 1171 1893 vult
1203 1853 1364 1903 omnia,
1393 1859 1442 1894 ut
1474 1853 1616 1894 omnis
1650 1853 1766 1894 absit

298 1919 538 1971 curiositas,
562 1923 706 1963 omnis
728 1923 1046 1966 tumultuatio.3

384 1992 486 2045 Jam
515 2009 618 2036 vero
648 1997 744 2049 quis
774 2011 861 2038 non
895 2000 1084 2049 miretur,
1109 2007 1152 2041 et
1176 2001 1274 2054 jure
1303 2001 1473 2054 optimo
1505 2001 1766 2050 offendatur,

297 2079 397 2106 cum
420 2068 476 2107 de
498 2069 709 2122 religiosis
733 2078 776 2112 et
806 2073 1031 2114 monachis
1061 2074 1135 2115 illa
1163 2075 1287 2115 audit
1315 2075 1433 2128 apud
1467 2075 1766 2115 Bernardum:

297 2139 446 2194 “Quis
481 2143 624 2183 dicere
658 2145 827 2195 sufficit,
859 2154 968 2199 quot
1002 2149 1156 2197 modis,
1188 2155 1235 2189 ut
1269 2156 1426 2190 caetera
1460 2155 1642 2199 taceam,
1673 2148 1766 2189 sola

298 2228 381 2255 ova
422 2224 650 2258 versantur
691 2225 734 2260 et
769 2227 998 2272 vexantur,
1036 2228 1203 2274 quanto
1245 2223 1391 2263 studio
1428 2228 1682 2263 evertuntur
1722 2228 1767 2264 et

295 2287 633 2332 subvertuntur:
667 2298 710 2332 et
732 2307 846 2334 nunc
868 2295 1047 2347 quidem
1074 2296 1199 2345 frixa,
1224 2310 1339 2337 nunc
1361 2311 1468 2347 assa,
1492 2311 1606 2337 nunc
1635 2297 1762 2344 farsa,

294 2374 410 2402 nunc
432 2364 609 2415 mistim,
633 2380 749 2407 nunc
771 2369 1027 2421 singillatim
1050 2376 1333 2423 apponuntur
1350 2371 1363 2411 ?
1379 2369 1422 2393 '³4

382 2435 449 2476 At
471 2437 544 2478 illa
574 2440 691 2492 apud
726 2441 994 2494 Hugonem:
1018 2443 1145 2484 “Alii
1177 2445 1528 2498 superstitiosum
1561 2445 1690 2485 nimis
1719 2445 1763 2485 in

295 2512 597 2563 praeparandis
631 2514 739 2555 escis
772 2515 984 2557 adhibent
1015 2518 1222 2568 studium,
1252 2518 1422 2559 infinita
1454 2518 1762 2559 decoctionum

295 2590 340 2625 et
360 2584 627 2627 frixurarum
646 2594 689 2628 et
707 2590 1089 2632 condimentorum
1107 2605 1268 2644 genera
1292 2594 1608 2646 excogitantes,
1628 2593 1762 2633 modo

294 2657 449 2708 calida,
480 2662 613 2702 moda
645 2668 772 2703 cocta
801 2677 926 2716 aqua,
958 2667 1092 2706 modo
1124 2681 1232 2716 assa,
1267 2668 1402 2707 modo
1433 2667 1595 2721 pipere,
1627 2666 1761 2706 modo

294 2731 408 2781 allio,
440 2735 575 2775 modo
604 2737 792 2786 cumino,
817 2739 950 2779 modo
979 2741 1070 2780 sale
1095 2742 1284 2789 condita,
1310 2742 1551 2781 secundum
1581 2752 1763 2781 consue-

293 2805 494 2847 tudinem
517 2812 841 2862 praegnantium
864 2813 1107 2864 mulierum,
1132 2813 1492 2855 desiderantes.’'⁵

414 2887 425 2906 ¹
450 2889 538 2921 Paed.
561 2891 582 2922 1.
604 2900 633 2923 2.
656 2902 682 2923 c.
708 2900 734 2924 1.
914 2893 927 2912 ²
952 2896 1037 2928 ColL
1058 2905 1087 2928 2.
1109 2907 1136 2928 c.
1162 2905 1188 2928 1.
1368 2895 1382 2914 ³
1406 2897 1516 2927 Ascet.
1538 2907 1565 2928 c.
1590 2904 1637 2935 19.

509 2940 523 2959 4
547 2943 587 2973 In
612 2944 713 2985 Apol.
736 2945 779 2976 ad
795 2945 951 2979 Gulielm.
1090 2947 1103 2966 ⁵
1127 2948 1180 2979 Dc
1205 2948 1281 2980 Inft.
1304 2948 1417 2979 Novit.
1440 2958 1467 2980 c.
1493 2956 1541 2987 19.
