1903 3197
308 170 330 217 5
341 170 403 215 30
632 157 712 203 De
743 157 935 203 ratione
967 158 1161 204 vivendi
1194 158 1459 206 Socz'elatz's.

307 302 382 330 605
419 290 693 343 reperissent,
726 303 803 342 per
839 288 1097 331 charitatem
1132 290 1306 339 Christi,
1341 291 1416 344 qui
1460 297 1609 332 nostra
1646 305 1776 332 causa

306 365 496 418 reputari
527 370 740 417 tanquam
774 364 970 418 leprosus
1000 365 1148 414 voluit,
1173 366 1420 406 ministrare
1449 365 1589 418 jussit.

394 439 465 480 De
504 439 549 480 Β.
575 440 811 480 Dominico
849 439 941 493 ejus
978 440 1147 493 aequali,
1180 440 1409 493 ipsiusmet
1440 440 1775 481 constitutiones

305 513 541 562 declarant,
566 520 743 567 quantae
761 528 875 555 curae
898 515 935 555 ei
960 522 1106 556 essent
1127 515 1295 568 aegroti.

394 588 490 628 Nec
532 589 690 629 mirum
733 595 907 629 sanctos
942 590 1058 630 viros
1100 595 1225 629 tanta
1268 602 1370 641 erga
1412 593 1604 640 aegrotos
1645 588 1776 629 fuisse

302 663 479 716 pietate,
504 664 578 716 qui
601 663 758 704 ducem
792 678 917 704 suum
943 663 1165 705 Christum
1197 663 1356 704 imitari
1381 676 1480 703 cum
1508 664 1550 703 in
1573 663 1777 703 omnibus

304 744 399 780 tum
433 739 475 778 in
507 738 590 779 hoc
622 752 797 791 quoque
835 738 1010 792 pietatis
1048 752 1206 791 genere
1238 738 1472 790 officioque
1505 738 1776 778 studuerunt.

305 813 489 866 Legitur
511 813 626 853 enim
653 812 828 853 Christo
854 813 952 865 plus
975 814 1030 853 de
1052 813 1228 865 aegrotis
1250 826 1386 865 quam
1411 813 1467 852 de
1490 812 1585 852 aliis
1607 811 1777 852 afflictis

302 887 533 928 hominum
575 888 809 939 generibus
846 887 977 927 fuisse
1012 900 1136 927 curae.
1214 887 1315 926 Non
1359 887 1477 927 enim
1518 887 1574 926 ab
1611 900 1664 926 eo
1700 892 1777 926 aut

298 961 409 1002 'nudi
443 961 599 1008 vestiti,
630 968 705 1001 aut
741 960 812 1000 alii
850 961 1043 1014 hospitio
1082 961 1255 1013 recepti,
1285 966 1361 1000 aut
1393 961 1467 1012 qui
1502 961 1545 1000 in
1578 960 1775 1001 custodia

302 1042 437 1083 erant,
475 1034 619 1075 solatii
662 1049 793 1075 causa
835 1035 964 1075 soluti
1007 1036 1236 1088 leguntur:
1281 1048 1465 1086 rareque
1507 1039 1551 1073 et
1589 1034 1776 1074 famelici

301 1110 587 1162 sitientesque
639 1108 799 1155 refecti,
854 1122 1014 1162 nempe
1071 1109 1114 1149 in
1167 1108 1405 1149 solitudine
1456 1107 1593 1148 semel
1645 1113 1778 1160 atque

297 1185 483 1233 iterum;
516 1182 650 1223 semel
686 1184 820 1223 etiam
856 1184 899 1223 in
935 1184 1110 1236 nuptiis,
1136 1183 1191 1224 ad
1230 1196 1341 1236 quos
1376 1181 1520 1223 fuerat
1553 1182 1772 1222 invitatus.

300 1257 367 1299 At
398 1272 456 1298 ex
489 1258 628 1310 aegris,
656 1262 877 1310 quotquot
908 1257 1152 1310 tangebant
1184 1270 1296 1305 eum,
1323 1257 1594 1297 curabantur
1626 1268 1779 1296 omnes

301 1331 357 1372 ab
399 1330 726 1371 infirmitatibus
769 1332 883 1372 suis:
935 1332 1051 1372 hunc
1104 1331 1349 1371 mundabat
1401 1345 1426 1371 a
1478 1330 1610 1384 lepra,
1656 1328 1778 1370 illum

301 1404 494 1446 febribus
548 1405 788 1450 liberabat;
861 1419 918 1445 ex
970 1405 1065 1446 aliis
1109 1406 1305 1458 impuros
1350 1405 1539 1457 spiritus,
1584 1417 1641 1444 ex
1685 1403 1779 1444 aliis

301 1479 408 1520 item
445 1479 554 1519 alios
593 1480 770 1519 morbos
807 1486 851 1520 et
890 1479 1006 1520 mala
1045 1479 1248 1532 pellebat.
1314 1479 1429 1520 Cum
1473 1479 1606 1532 igitur
1641 1484 1779 1519 tantae

300 1567 417 1594 curae
452 1552 581 1593 fuerit
617 1553 729 1593 Filio
764 1554 877 1593 inter
911 1554 1112 1594 homines
1150 1554 1297 1606 agenti
1337 1558 1605 1606 aegrotorum
1639 1552 1779 1593 homi—

304 1641 410 1668 num
449 1626 566 1667 salus
605 1640 654 1666 ac
687 1627 922 1678 valetudo;
955 1627 1166 1681 profecto,
1193 1628 1266 1680 qui
1302 1627 1424 1667 illum
1457 1627 1580 1679 sequi
1613 1626 1778 1672 volunt.

303 1707 347 1742 et
378 1701 434 1741 ad
473 1714 572 1742 eum
611 1702 858 1742 imitatione
895 1703 1101 1755 proxime
1139 1702 1357 1750 accedere,
1392 1715 1570 1742 necesse
1601 1706 1667 1742 est
1705 1714 1778 1742 eos

301 1775 457 1817 eadem
482 1776 524 1815 in
547 1782 739 1827 {egrotos
763 1776 927 1828 pietate
952 1782 996 1816 et
1020 1776 1234 1816 charitate
1257 1775 1407 1816 teneri.

641 1980 667 2035 ᾗ·
702 1991 865 2022 12.less
900 1990 1259 2022 MINIsTMffmUM
1291 1990 1440 2022 CURA.

391 2078 616 2132 Quoniam
646 2081 702 2120 dc
724 2093 838 2129 cura,
864 2094 996 2133 quam
1033 2080 1301 2133 Superiores,
1325 2086 1368 2120 et
1400 2080 1439 2127 ii,
1463 2079 1537 2132 qui
1570 2084 1777 2135 praesunt

303 2153 465 2194 habere
497 2154 662 2194 debent
695 2160 962 2206 {egrotorum
997 2154 1166 2195 dictum
1198 2159 1290 2195 est:
1328 2153 1527 2194 dicamus
1559 2152 1777 2205 deinceps,

307 2233 354 2268 ut
388 2228 662 2280 propositum
700 2234 802 2277 erat,
827 2229 883 2268 de
917 2241 970 2268 ea
1004 2242 1118 2275 cura,
1141 2241 1241 2281 quae
1275 2226 1332 2268 ad
1368 2227 1589 2267 ministros
1620 2231 1664 2266 et
1693 2239 1780 2267 605,

307 2301 383 2353 qui
417 2300 687 2341 famulantur
717 2303 907 2353 aegrotis,
938 2307 1119 2354 spectat.
1185 2302 1288 2341 Duo
1320 2307 1468 2341 autem
1500 2299 1571 2340 hic
1605 2313 1782 2352 quoque

304 2375 506 2416 videnda.
572 2376 782 2422 Primum,
820 2389 1027 2428 quaenam
1067 2376 1122 2416 ad
1168 2375 1464 2416 ministrorum
1507 2376 1549 2414 in
1591 2380 1782 2428 aegrotos

306 2463 457 2490 curam
497 2450 782 2502 requirantur,
819 2455 867 2490 ut
894 2463 1066 2502 magna
1105 2463 1199 2490 esse
1236 2449 1433 2490 dicatur:
1477 2447 1650 2499 deinde,
1683 2461 1782 2501 quae

305 2524 363 2566 ad
387 2537 485 2565 eam
509 2537 607 2566 cum
634 2524 869 2565 sedulitate
892 2525 1132 2577 gerendam
1158 2523 1395 2577 impellant.

397 2599 702 2639 Ministrorurn
741 2599 795 2639 dc
833 2599 1009 2652 aegrotis
1047 2612 1160 2647 cura,
1192 2604 1240 2638 ut
1277 2611 1440 2650 magna
1473 2611 1566 2638 esse
1599 2597 1780 2644 dicatur,

306 2672 447 2714 tribus
479 2673 758 2726 potissimum
792 2673 834 2712 in
866 2673 996 2713 rebus
1028 2672 1188 2713 versari
1221 2671 1380 2713 debet:
1413 2672 1455 2711 in
1488 2671 1713 2725 patientia,
1738 2670 1779 2710 in

306 2746 554 2797 sedulitate,
578 2747 620 2787 in
644 2746 857 2788 charitate
879 2752 923 2787 et
945 2746 1123 2800 pietatis
1145 2746 1316 2787 affectu.

400 2821 618 2862 Patientia
642 2821 885 2862 necessaria
907 2826 973 2861 est
995 2820 1204 2861 ministris
1226 2826 1406 2874 propter
1427 2820 1521 2861 tria.
1586 2819 1780 2859 Primum

304 2900 354 2937 ut
383 2894 553 2936 fortiter
581 2894 724 2936 ferant
754 2908 817 2944 ea,
840 2907 866 2936 a
887 2894 1047 2948 quibus
1069 2907 1221 2935 sensus
1243 2893 1460 2936 abhorret.
1524 2892 1639 2934 Sunt
1661 2892 1780 2933 enim
