1903 3197
506 157 575 203 In
613 155 831 218 Regulas
865 153 938 200 M
932 151 1126 200 odestz‘ae.
1452 148 1512 205 65
1526 160 1544 191 1

83 291 307 344 (quoniam
345 291 389 330 in
424 289 507 329 hac
542 288 699 328 horum
732 285 998 339 templorum
1036 285 1145 324 situs
1177 287 1243 322 est
1275 278 1422 332 decor)
1456 291 1545 318 non

80 372 230 405 tamen
282 364 461 414 sordes3
514 361 742 403 redoleant
793 359 1041 400 sanctitatis
1082 358 1369 408 honestaeque
1410 352 1544 406 parsi-

82 440 242 479 moniae
282 438 558 492 dignitatem,
602 449 690 475 non
732 434 889 474 culinae
941 432 1152 473 nidorem.
1235 431 1374 470 Recte
1425 427 1542 468 enim

83 513 252 554 Seneca
285 513 340 553 ad
375 511 510 552 Lucil.
544 524 608 563 ep.
639 517 703 560 5.:
742 508 882 547 “Non
916 504 1182 560 splendeat,”
1216 504 1368 556 inquit,
1399 505 1542 554 “toga‚

81 602 136 628 ne
157 588 333 628 sordeat
364 584 578 640 quidem.'’

169 662 361 703 Cassian.
392 660 416 701 l.
446 671 478 699 Ι.
510 673 543 698 6.
573 669 623 709 3;
656 655 972 697 “Vestimenta
1001 654 1088 694 sint
1114 667 1202 693 non
1229 665 1329 705 quae
1359 650 1545 691 amictus

80 736 266 788 gloriam
298 733 592 781 blandiantur,
623 731 684 770 ita
714 729 817 770 Vilia
848 735 895 769 ut
927 727 1047 768 nullo
1079 726 1245 775 coloris,
1268 724 1336 765 vel
1368 723 1545 763 habitus

79 810 276 849 novitate
327 808 439 847 inter
489 812 670 846 caeteros
711 803 842 856 hujus
888 801 1101 855 propositi
1143 801 1258 840 viros
1299 798 1547 838 habeantur

79 883 297 935 insignia:
348 881 410 921 ita
461 879 667 920 studiosis
719 876 1070 917 accurationibus
1121 874 1275 922 aliena,
1318 879 1366 912 ut
1416 869 1546 910 nullis

80 969 250 996 rursum
293 956 381 996 sint
423 954 639 995 affectatis
684 966 762 1005 per
808 951 1020 991 incuriam
1072 949 1273 989 sordibus
1306 942 1545 986 decolora.''

81 1031 142 1070 Et
184 1030 403 1070 Martinus
447 1027 701 1068 Dumiensis
738 1026 997 1078 Episcopus,
1032 1025 1074 1063 in
1108 1021 1316 1063 Formula
1348 1020 1546 1059 honestae

80 1105 182 1145 vitre
206 1104 228 1144 l.
259 1116 274 1143 Ι
298 1120 306 1144 ;
354 1100 621 1151 “Observa‚”
645 1101 797 1152 inquit,
823 1104 912 1139 “ne
941 1104 1177 1152 paupertas
1205 1096 1284 1136 tibi
1317 1093 1547 1134 immunda

81 1179 149 1229 sit,
173 1192 253 1218 nec
283 1177 553 1231 parsimonia
585 1175 772 1223 sordida,
796 1188 876 1213 nec
908 1172 1166 1225 simplicitas
1198 1168 1434 1222 neglecta.”

169 1252 227 1292 Et
251 1253 571 1298 Bonaventura,
601 1249 725 1302 SpeC.
752 1248 868 1288 Disc.
894 1261 933 1300 p.
960 1258 994 1297 3.
1019 1261 1051 1286 c.
1077 1247 1113 1286 8.

170 1333 226 1366 20.
261 1325 378 1378 Quia
399 1331 553 1365 contra
575 1330 778 1363 naturam
803 1329 868 1362 est
891 1322 1036 1361 odisse
1057 1319 1330 1360 munditiem.
1366 1317 1545 1365 Seneca,

81 1415 145 1454 ep.
169 1409 211 1451 5:
245 1400 443 1441 “Contra
474 1405 676 1438 naturam
714 1403 780 1436 est
809 1403 1011 1448 torquere
1045 1408 1211 1447 corpus,
1245 1393 1369 1433 faciei
1401 1391 1546 1431 odisse

81 1475 355 1522 munditiem,
379 1472 628 1526 squalorem
662 1470 904 1524 appetere.''

169 1549 296 1589 Patet
318 1562 412 1588 esse
434 1547 626 1587 alienum
649 1560 675 1585 a
697 1552 862 1585 natura.
927 1543 1044 1596 Quia
1066 1548 1223 1582 natura
1244 1554 1343 1593 quae
1365 1538 1548 1592 pulchra

82 1629 195 1671 sunt,
219 1637 271 1662 ea
292 1623 336 1662 in
358 1621 495 1662 oculis
524 1626 846 1674 prospectuque
874 1618 1027 1671 ponit,
1059 1630 1158 1670 quae
1181 1616 1310 1664 foeda,
1334 1613 1548 1654 amandat

82 1712 108 1738 a
144 1698 352 1738 sensibus.
417 1697 469 1736 Id
506 1695 622 1736 cerni
652 1695 752 1734 licet
785 1695 828 1733 in
860 1693 1055 1733 humano
1084 1704 1274 1744 corpore.
1337 1688 1545 1729 Ambros.

80 1772 105 1812 1.
144 1773 166 1811 1.
206 1786 238 1812 6.
280 1772 356 1811 18;
405 1770 568 1818 “Eas,”
613 1769 765 1821 inquit,
802 1771 995 1807 “natura
1035 1772 1192 1819 partes,
1235 1778 1333 1817 quae
1375 1763 1546 1802 decorae

84 1852 265 1898 aspectu
307 1844 461 1893 forent,
513 1844 556 1882 in
604 1843 764 1895 quibus
815 1842 967 1881 formae
1008 1854 1135 1893 apeX,
1179 1839 1303 1891 quasi
1354 1837 1398 1876 in
1450 1849 1548 1875 arce

83 1920 276 1973 quadam
328 1918 507 1967 locatas,
549 1923 598 1956 ut
652 1916 802 1969 figurae
853 1915 1058 1963 suavitas,
1101 1920 1144 1953 et
1191 1912 1337 1952 vultus
1383 1910 1549 1963 species

83 1994 306 2043 emineret,
344 1991 645 2045 operandique
687 2004 789 2030 usus
831 1995 945 2029 esset
987 1988 1190 2041 paratior,
1228 1987 1380 2026 obvias
1417 1991 1550 2036 atque

79 2074 254 2121 apertas
287 2066 486 2119 reliquit:
528 2079 601 2105 eas
638 2078 741 2105 vero
773 2065 816 2103 in
849 2063 1007 2116 quibus
1036 2068 1151 2102 esset
1180 2059 1391 2101 naturalis
1423 2058 1549 2098 obse-

81 2142 232 2195 quium
257 2141 541 2189 necessitatis,
566 2154 620 2179 ne
649 2139 844 2179 deforme
873 2139 938 2177 sui
967 2137 1214 2190 praeberent
1235 2132 1547 2188 spectaculum,

80 2216 243 2270 partim
262 2222 476 2268 tanquam
499 2214 542 2254 in
566 2215 661 2267 ipso
679 2213 934 2253 amandavit
956 2218 1089 2264 atque
1106 2209 1339 2250 abscondit
1355 2220 1547 2260 corpore,

76 2291 240 2344 partim
281 2290 431 2330 docuit
468 2295 511 2329 et
546 2289 683 2328 suasit
719 2286 967 2340 tegendas.'’
1031 2285 1163 2338 Quod
1195 2290 1421 2337 sumptum
1455 2295 1549 2322 esse

80 2379 139 2405 ex
178 2365 400 2412 Cicerone,
436 2374 470 2403 2.
509 2363 564 2403 de
607 2363 779 2403 Natura
815 2362 1022 2409 Deorum,
1061 2366 1104 2400 et
1140 2360 1195 2399 de
1228 2357 1406 2407 Officiis,
1440 2356 1546 2396 satis

73 2438 221 2492 liquet.

169 2513 341 2553 Eadem
364 2518 523 2552 natura
546 2513 589 2551 in
613 2511 840 2552 arboribus
863 2523 961 2563 quae
978 2509 1159 2563 pulchra
1181 2515 1284 2548 sunt
1305 2521 1355 2548 ac
1378 2507 1548 2556 decora,

82 2601 134 2627 ea
156 2586 292 2626 oculis
316 2587 445 2626 obvia
478 2593 612 2638 atque
643 2592 806 2638 aperta,
831 2599 929 2637 quae
962 2586 1087 2625 rudia
1118 2598 1168 2624 ac
1199 2584 1344 2622 minus
1376 2582 1546 2629 decora,

82 2669 126 2703 et
163 2668 280 2702 tecta
317 2668 451 2714 atque
485 2662 657 2701 inversa
690 2660 828 2701 voluit
865 2674 967 2700 esse.
1031 2659 1150 2698 Nam
1185 2658 1290 2697 folia
1325 2669 1546 2696 ramorum

77 2738 114 2777 si
152 2737 208 2777 ab
242 2750 293 2776 ea
326 2742 451 2789 parte
488 2749 587 2788 quae
620 2735 738 2783 latet,
772 2735 989 2787 inspicias,
1023 2734 1147 2773 rudia
1178 2739 1311 2785 atque
1343 2731 1546 2772 informia

81 2811 294 2865 reperies:
327 2823 426 2850 cum
449 2816 599 2850 tamen
630 2823 686 2849 ex
717 2822 768 2849 ea
797 2815 921 2861 parte
953 2821 1050 2860 quae
1083 2807 1219 2847 oculis
1251 2812 1384 2859 patet,
1408 2805 1547 2845 nitida

80 2899 134 2926 ac
155 2886 314 2925 decora
338 2885 436 2925 sint.
501 2884 620 2936 Ergo
652 2889 695 2923 et
724 2884 767 2922 in
789 2883 983 2923 vestibus
1006 2888 1188 2934 totoque
1217 2880 1335 2920 cultu
1359 2880 1551 2933 corporis
