1903 3197
380 1022 652 1075 INDEX
714 1023 1370 1080 OPUSCULORUM.

813 1180 942 1195 ἦ...

576 1297 907 1333 OPUSCULUM
944 1300 1175 1334 PRIMUM.

144 1401 207 1434 DE
227 1400 606 1436 CONSTITUTIONUM
633 1410 949 1437 OBSERVATIONE

144 1472 235 1506 Pars
256 1473 283 1506 I.
335 1472 353 1517 ξ
384 1483 410 1508 1.
439 1474 498 1507 De
515 1474 738 1509 necessitate
757 1475 1071 1510 Constitutionum

335 1540 352 1589 ξ
380 1555 410 1580 2.
439 1545 498 1580 De
518 1546 833 1581 Constitutionum
849 1547 1007 1582 utilitate
1055 1575 1062 1581 .

335 1616 353 1661 ξ
380 1627 410 1661 3.
440 1619 499 1652 De
518 1618 832 1653 Constitutionum
849 1619 1069 1654 auctoritate

146 1690 237 1723 Pars
258 1690 306 1723 ΙΙ.
341 1691 400 1724 De
429 1690 542 1724 modo
569 1702 641 1734 quo
671 1691 961 1726 Constitutiones
991 1691 1235 1726 observandae
1263 1697 1359 1735 sunt,
1382 1691 1487 1736 juxta

238 1761 421 1806 Regulam
443 1772 485 1807 19
504 1762 702 1796 Summarii
738 1790 744 1796 .

144 1833 234 1867 Pars
250 1833 322 1867 III.
340 1834 398 1867 De
417 1833 561 1868 auxiliis
579 1840 614 1868 et
631 1835 775 1878 mediiS,
789 1835 894 1884 juxta
913 1835 1094 1879 Regulam
1114 1843 1156 1879 52
1177 1836 1374 1870 Summarii

531 2034 862 2069 OPUSCULUM
900 2035 1217 2070 SECUNDUM.

147 2138 210 2172 DE
238 2138 481 2173 SoclETAT1S
513 2147 622 2183 FINE,
640 2147 774 2180 JUXTA
800 2150 820 2173 2
847 2141 946 2175 REG.
971 2141 1106 2175 SUMM.
1135 2149 1263 2175 EXAM.
1291 2150 1324 2176 c.
1356 2151 1382 2176 1.
1410 2140 1428 2186 ξ
1455 2151 1485 2175 2.

237 2209 255 2254 ξ
284 2220 312 2245 1.
341 2211 400 2244 De
418 2221 495 2245 suae
513 2211 620 2245 saluti
638 2222 682 2246 ac
700 2212 914 2256 perfectioni
931 2213 1101 2247 vacando
1162 2240 1169 2247 .

239 2281 256 2326 ξ
284 2291 314 2317 2.
343 2283 403 2318 De
419 2283 551 2318 alienae
568 2284 827 2328 procuratione
845 2285 973 2319 salutis
991 2296 1034 2319 ac
1052 2285 1286 2330 perfectionis

559 2480 890 2516 OPUSCULUM
926 2482 1188 2516 TERTIUM.

145 2585 208 2618 DE
244 2593 433 2620 DIVERSIS
472 2593 725 2621 REGIONIBUS
754 2594 987 2621 ANIMARUM
1019 2595 1150 2622 CAUSA
1179 2595 1484 2632 PERAGRANDIS,

238 2665 289 2691 ΕΤ
323 2666 369 2691 ΙΝ
399 2665 548 2698 QUAVIS
576 2665 716 2692 MUNDI
748 2666 879 2693 PLAGA
904 2667 1116 2703 DEGENDO,
1140 2667 1273 2700 JUXTA
1299 2667 1484 2693 TERTIAM

239 2730 376 2765 SUMM.
398 2730 588 2764 CONSTIT.
608 2738 663 2763 Ex
690 2738 722 2765 P.
743 2740 773 2774 3.
792 2739 825 2765 c.
847 2740 876 2765 2.

143 2803 234 2837 Pars
263 2803 290 2836 Ι.
341 2800 359 2846 ξ
382 2811 408 2836 1.
438 2801 571 2845 Quoad
588 2802 748 2846 primum

346 2873 412 2919 §a
443 2875 577 2919 Quoad
594 2876 798 2910 secundum
845 2902 852 2909 .

147 2948 237 2982 Pars
257 2948 307 2982 ΙΙ.
352 2949 412 2983 De
428 2948 505 2982 vita
521 2949 667 2993 agenda
685 2948 722 2982 in
741 2948 871 2993 quavis
888 2949 1015 2982 mundi
1034 2949 1144 2993 plaga

1556 2737 1601 2772 47

1556 2809 1601 2843 47

1558 2881 1600 2917 5Ῑ
