1903 3197
542 152 611 199 In
645 151 863 215 Regulas
897 152 1158 200 Modestz'oe.
1495 156 1592 214 639

214 288 523 328 Bonaventura
564 286 708 335 etiam,
742 286 786 325 in
832 286 956 339 Spec.
1003 286 1119 328 Disc.
1148 301 1188 340 p.
1222 299 1260 338 4.
1296 301 1328 328 e.
1360 287 1398 336 6,
1422 286 1517 327 haec
1548 294 1593 328 et

123 361 284 403 similia
317 362 431 401 inter
462 359 614 413 epulas
641 360 823 400 vitanda
858 367 1018 408 monet,
1050 367 1098 401 ut
1127 367 1171 402 et
1202 375 1241 414 p.
1269 371 1303 412 3.
1327 375 1359 401 c.
1383 372 1437 411 4:
1465 362 1593 402 “De-

125 435 318 485 centiae,''
352 436 504 488 inquit,
534 435 770 484 “detrahit,
805 435 878 487 qui
914 436 956 474 in
991 449 1124 476 manu
1160 441 1332 476 armata
1365 435 1591 477 cultellum

120 510 316 551 habente
349 510 495 550 cibum
527 509 589 549 ori
622 509 876 558 ministrat,”
909 510 1116 562 idemque
1149 510 1236 550 alia
1265 511 1391 563 ponit
1421 511 1591 551 vitiosae

125 597 284 625 manus
313 584 530 637 exempla,
555 590 602 624 ut
634 584 703 623 “si
733 583 883 636 digitis
908 584 977 624 vel
1008 584 1136 624 nudis
1171 585 1364 625 articulis
1386 585 1593 626 coclearis

121 659 219 700 vice
240 659 358 699 olera
380 659 578 711 offasque
606 658 809 711 pisceris;
842 659 876 698 si
906 658 1070 699 nudam
1101 672 1283 698 manum
1313 660 1430 699 carni
1461 660 1592 700 nudae

120 733 374 786 scalpendae
405 732 680 773 admoveas.”
741 732 877 773 Adde
909 733 1055 781 etiam,
1080 734 1114 773 si
1137 734 1354 774 ambabus
1389 734 1592 775 manibus

123 814 202 848 aut
236 807 369 848 modo
403 821 500 857 una,
528 807 661 848 modo
696 807 833 847 altera
866 808 1012 848 cibum
1047 808 1090 847 in
1123 822 1171 848 os
1206 808 1380 857 inseras,
1406 814 1449 848 et
1482 808 1592 849 laeva

119 896 245 937 -saepe
295 897 373 936 pro
420 883 579 923 dextra
624 883 789 933 utaris;
838 882 958 935 quod
1009 882 1053 922 in
1100 882 1300 923 asceticis
1345 883 1591 923 cavendum

121 958 338 998 admonet
374 957 420 997 B.
450 957 647 1006 Basilius,
680 957 749 997 De
778 957 969 997 Renunt.
996 957 1084 997 Vit.
1120 971 1160 1010 p.
1185 967 1293 1008 203:
1325 956 1436 997 “Ad
1472 970 1593 997 men-

121 1031 247 1073 ·sam’'
268 1032 421 1085 inquit,
439 1032 548 1072 “ubi
578 1032 752 1080 sederis,
776 1045 881 1072 cave
904 1046 958 1072 ne
980 1032 1155 1072 sinistra
1178 1045 1334 1072 manus
1363 1032 1593 1072 inhoneste

120 1120 174 1146 se
204 1113 339 1160 gerat,
361 1112 438 1146 aut
469 1107 666 1146 dexterae
698 1112 844 1159 partes
877 1107 1156 1159 impudenter
1187 1106 1403 1159 usurpet.‘’

217 1181 270 1221 In
301 1181 494 1221 sessione
525 1181 659 1221 etiam
690 1181 947 1229 cavendum,
972 1194 1026 1220 ne
1056 1194 1235 1221 manum
1265 1181 1322 1221 ad
1352 1181 1592 1234 regendum

128 1255 222 1295 sine
253 1256 513 1295 necessitate
544 1261 688 1308 caput,
716 1261 792 1295 aut
823 1261 1021 1295 mentum
1054 1255 1318 1296 admoveas:
1352 1255 1495 1296 mollis
1528 1262 1595 1297 est

129 1330 245 1370 enim
299 1329 489 1370 hominis
530 1329 862 1382 quodammodo
905 1330 1070 1382 pulvini
1113 1329 1343 1369 mollitiem
1386 1343 1591 1382 quaerere.

128 1403 289 1456 Neque
317 1403 467 1457 digitis
499 1404 542 1443 in
575 1403 681 1443 sella
712 1403 919 1453 colludas,
944 1405 1047 1456 quia
1078 1403 1210 1454 levis,
1244 1417 1387 1456 neque
1412 1404 1595 1457 compli-

129 1479 238 1518 catis
271 1478 473 1518 manibus
505 1491 649 1530 genua
680 1478 905 1526 sustineas,
930 1478 1032 1530 quia
1062 1478 1205 1518 minus
1234 1479 1339 1518 item
1369 1479 1505 1519 civilis
1528 1486 1594 1520 est

122 1550 330 1600 hominis,
365 1552 596 1604 minusque
627 1552 783 1593 decori.

220 1626 424 1667 Clemens
453 1626 797 1675 Alexandrinus,
833 1637 866 1666 2.
893 1625 1066 1678 Paedag.
1098 1640 1130 1666 c.
1162 1636 1214 1677 7:
1252 1626 1336 1668 “Si
1366 1626 1593 1678 sederint,’'

123 1701 282 1754 inquit,
322 1703 410 1740 “ne
451 1700 586 1753 pedes
627 1714 746 1753 saepe
791 1707 1052 1753 permutent,
1096 1714 1175 1740 nec
1221 1700 1406 1740 alterum
1454 1701 1595 1741 femur

128 1774 252 1815 alteri
273 1781 584 1828 superponant,
604 1788 682 1814 nec
706 1788 886 1814 manum
910 1781 1060 1814 mento
1077 1780 1322 1815 sustentent
1340 1790 1348 1825 ;
1372 1775 1594 1816 illiberalis

129 1849 245 1890 enim
284 1855 360 1898 est,
396 1855 440 1889 et
474 1849 726 1889 indecorum
764 1848 955 1901 seipsum
993 1863 1080 1889 non
1117 1848 1252 1899 ferre;
1295 1849 1428 1903 idque
1464 1851 1595 1890 datur

125 1925 236 1964 vitio
273 1923 576 1964 adolescenti.'’

220 2005 288 2049 3¹¹1.
367 1998 419 2037 In
471 1997 690 2037 locutione
741 2003 785 2037 et
841 2011 1040 2037 sermone
1096 1998 1339 2050 praesertim
1391 1998 1594 2039 familiari

126 2073 414 2113 moderandae
451 2085 607 2111 manus
642 2078 753 2119 sunt,
781 2072 971 2111 vitandis
1005 2071 1168 2112 scilicet
1201 2072 1360 2112 crebris
1396 2073 1595 2126 gestibus

125 2154 175 2188 et
216 2147 408 2200 argutiis.
486 2146 603 2185 Nam
646 2145 690 2185 in
732 2146 943 2185 concione
992 2153 1137 2186 motus
1180 2146 1314 2199 aliqui
1355 2154 1595 2201 gestusque

132 2235 343 2262 manuum
384 2221 480 2274 (etsi
519 2220 733 2260 moderati
776 2219 835 2259 illi
873 2219 1068 2272 quidem)
1104 2234 1130 2260 a
1163 2221 1337 2261 dicendi
1375 2222 1594 2275 magistris

128 2296 308 2350 praecipi
360 2295 527 2335 solent:
579 2308 723 2334 sermo
774 2301 921 2334 autem
975 2294 1199 2334 familiaris
1243 2295 1358 2336 tollit
1399 2297 1594 2349 argutias

132 2371 383 2423 digitorum,
422 2383 472 2409 ac
510 2382 732 2409 manuum.
796 2369 1033 2422 Propterea
1071 2369 1231 2410 Paulus
1269 2371 1312 2410 in
1352 2371 1594 2424 Synagoga

131 2444 416 2484 Antiochena
476 2444 609 2483 verba
682 2442 874 2483 facturus
948 2457 1080 2484 manu
1143 2445 1366 2485 silentium
1428 2446 1591 2495 indicit,

128 2517 231 2558 Act.
262 2529 322 2569 13.
346 2519 464 2571 quod
496 2518 679 2558 fortasse
711 2531 798 2557 non
831 2518 990 2558 faceret
1022 2519 1065 2558 in
1098 2519 1268 2571 privato
1302 2520 1593 2573 familiarique

129 2605 389 2644 congressu.¹

219 2665 278 2705 Et
310 2666 627 2713 Bonaventura,
664 2665 788 2719 Spec.
814 2666 929 2707 Disc.
961 2681 999 2719 p.
1033 2678 1066 2718 3.
1099 2681 1131 2707 c.
1164 2679 1215 2718 3:
1249 2666 1592 2718 “Modestiam,’'

131 2740 284 2793 inquit,
316 2740 482 2780 “debet
510 2740 671 2780 habere
710 2747 858 2792 gestus
890 2741 1122 2794 loquentis,
1158 2748 1204 2781 ut
1234 2756 1313 2782 nec
1346 2742 1592 2783 inordinate

126 2828 210 2854 nec
250 2813 522 2855 turbulenter
563 2814 675 2854 inter
716 2815 985 2867 loquendum
1024 2816 1222 2855 membra
1258 2815 1468 2856 moveat.'’
1531 2816 1592 2857 Et

125 2902 160 2929 c.
186 2899 221 2930 2.
245 2889 470 2942 praecipit:
505 2888 797 2929 “Curandum
827 2903 932 2938 esse,
960 2896 1008 2930 ut
1037 2903 1172 2930 unum
1204 2891 1461 2941 membrum,
1484 2892 1591 2933 dum
