1903 3197
221 168 301 214 De
321 166 624 214 ordinatione
643 183 749 227 quae
771 183 828 212 ex
848 165 1272 212 administratione
1280 165 1465 227 pendet.
1519 179 1582 225 47
1595 181 1611 211 1

141 305 198 342 -et
231 301 479 341 nullatenus
515 312 615 340 cum
653 299 713 338 eis
750 299 974 339 distinctio
1012 298 1172 350 regulae
1209 303 1411 338 teneatur
1461 298 1504 338 in
1540 298 1616 338 ali-

156 375 328 423 mentis,
372 373 448 414 sed
499 373 555 413 sit
595 373 639 412 in
682 386 756 412 eos
804 372 877 424 pia
919 372 1219 421 consideratio,
1263 378 1306 412 et
1346 372 1617 424 praeveniant

150 447 280 488 horas
317 445 606 488 canonicas.'’1
668 445 799 498 Quod
837 445 980 498 ipsum
1018 445 1061 483 in
1095 446 1305 485 societate
1342 451 1492 486 nostra
1528 460 1616 486 ser-

151 527 287 570 vatur,
307 527 355 562 ut
377 522 419 560 in
436 520 753 561 valetudinario
776 519 989 559 maturius
1012 519 1287 571 prandeatur.
1334 521 1392 560 Et
1412 520 1617 561 Basilius2

142 601 287 648 vnegat
309 595 512 635 omnibus
534 593 652 633 idem
675 593 807 633 statui
834 606 964 645 posse
986 598 1161 645 tempus
1185 592 1416 644 reficiendi,
1439 601 1619 647 propter

153 668 392 709 imbecilles
435 682 486 708 ac
525 667 897 719 valetudinarios:
950 666 1156 719 idemque
1206 666 1405 720 praecipit
1446 667 1488 706 in
1530 668 1618 708 suis

154 742 313 794 regulis
345 741 624 794 Augustinus
642 739 675 790 ;3
697 747 741 781 et
764 754 964 781 sermone
992 751 1022 779 1.
1048 741 1103 780 ad
1136 740 1290 780 fratres
1315 746 1437 780 vetat
1468 755 1620 793 quem-

147 828 283 868 quam
307 815 573 855 manducare
594 820 722 854 extra
744 814 898 855 horam
924 814 1110 867 prandii,
1134 814 1216 853 nisi
1239 827 1338 854 cum
1362 820 1558 867 aegrotat.

238 888 395 929 Altero
418 889 551 928 modo
573 888 828 941 anticipant,
848 901 946 928 cum
970 888 1031 937 iis,
1054 889 1128 940 qui
1152 888 1194 927 in
1224 901 1354 940 opere
1376 889 1618 940 praesertim

152 975 364 1003 manuum
396 962 633 1015 laboreque
658 968 897 1013 versantur,
920 975 1051 1002 mane
1083 961 1317 1002 meridieve
1347 961 1618 1014 jentaculum

145 1036 357 1089 praebent.
429 1035 501 1075 Ac
538 1035 802 1076 Benedictus
833 1035 1014 1088 quidem
1053 1036 1158 1088 ipsis
1196 1036 1329 1075 etiam
1367 1049 1618 1076 mensarum

153 1110 374 1160 ministris,
427 1110 666 1162 lectorique
716 1123 878 1163 panem
930 1115 974 1150 et
1018 1110 1168 1150 vinum
1219 1116 1323 1150 ante
1373 1109 1620 1150 refectionis

152 1183 319 1233 horam,
363 1197 451 1236 quo
503 1183 670 1223 facilius
721 1184 893 1236 prandii
946 1197 1115 1223 moram
1167 1190 1402 1236 expectare
1443 1189 1621 1236 queant,

153 1257 338 1310 praeberi
370 1256 507 1308 jubet.
571 1256 689 1296 Nam
723 1256 778 1296 de
815 1256 898 1296 illis
934 1257 995 1297 ita
1033 1257 1249 1309 loquitur:
1274 1256 1621 1310 “Septimanarii

138 1336 301 1371 *autem
327 1336 430 1370 ante
460 1343 594 1369 unam
625 1329 779 1370 horam
812 1329 1059 1370 refectionis
1091 1331 1309 1383 accipiant
1330 1345 1462 1384 super
1483 1337 1621 1372 statu-

139 1409 244 1445 -tam
282 1417 503 1444 annonam
542 1403 738 1455 singulos
772 1402 946 1443 biberes
985 1409 1027 1443 et
1061 1417 1232 1456 panem,
1265 1410 1314 1444 ut
1345 1404 1454 1444 hora
1490 1405 1623 1445 refec-

150 1478 282 1518 tionis
312 1478 404 1517 sine
434 1477 780 1517 murmuratione
809 1482 853 1516 et
873 1477 996 1529 gravi
1026 1477 1176 1516 labore
1204 1478 1395 1518 serviant
1416 1478 1622 1518 fratribus

150 1550 299 1593 suisff’4
361 1551 430 1591 De
462 1551 625 1591 lectore
653 1557 797 1591 autem
831 1550 887 1590 ad
920 1563 1118 1590 mensam
1141 1551 1228 1591 sic:
1253 1552 1444 1592 “Frater
1472 1558 1619 1592 autem

150 1625 524 1667 hebdomadarius
556 1625 743 1678 accipiat
766 1625 958 1665 mixtum
980 1625 1235 1678 priusquam
1264 1626 1443 1679 incipiat
1465 1626 1620 1680 legere,

152 1706 331 1753 propter
365 1699 737 1740 Communionem
771 1698 995 1747 Sanctam,
1027 1706 1071 1739 et
1105 1713 1159 1739 ne
1192 1700 1302 1740 forte
1333 1714 1465 1753 grave
1496 1701 1551 1741 sit
1581 1701 1620 1741 ei

148 1773 365 1827 jejunium
419 1772 667 1814 sustinere.'’
751 1773 885 1812 Mixti
937 1779 1085 1813 autem
1135 1775 1312 1814 nomine
1363 1788 1522 1827 panem
1575 1781 1620 1815 et

151 1848 304 1888 vinum
336 1847 542 1900 intelligit
573 1860 660 1886 una
690 1847 961 1899 permistum,
997 1846 1054 1899 <la
1086 1847 1257 1900 zuppa).

241 1922 413 1962 Eadem
449 1927 516 1961 est
544 1920 817 1960 consuetudo
848 1919 1080 1961 Societatis
1110 1927 1282 1970 nostrae,
1314 1928 1361 1962 ut
1390 1922 1616 1973 similibus,

150 2002 195 2037 et
229 1996 303 2049 qui
341 2009 474 2036 manu
511 1995 759 2035 contentius
792 1994 1004 2044 laborant,
1035 2001 1083 2035 ut
1116 1995 1362 2048 pistoribus,
1392 1996 1615 2047 lotoribus,

150 2070 365 2123 agricolis,
391 2069 554 2122 coquis,
573 2067 845 2120 jentaculum
875 2081 1157 2109 communem
1188 2069 1434 2110 refectionis
1462 2070 1616 2111 horam

149 2144 389 2196 indulgeat.
455 2143 544 2184 Sed
574 2156 632 2182 ex
663 2142 888 2182 Benedicti
910 2143 1051 2182 verbis
1081 2143 1329 2196 intelligant
1351 2144 1443 2184 solo
1473 2145 1618 2185 mixto

130 2217 310 2258 xdebere
347 2231 442 2258 esse
475 2223 717 2266 contentos,
747 2230 827 2256 nec
853 2216 950 2269 jure
981 2217 1102 2269 queri
1136 2231 1235 2257 cum
1267 2224 1427 2271 praeter
1456 2232 1616 2272 panem

149 2296 195 2333 et
215 2292 368 2332 vinum
392 2291 498 2331 nihil
521 2291 582 2331 eis
604 2291 805 2341 additur;
835 2291 1000 2344 quippe
1020 2291 1076 2331 ad
1100 2291 1299 2332 ferendas
1322 2294 1365 2333 in
1395 2293 1617 2334 laboribus

149 2365 274 2416 vires,
300 2379 388 2405 non
420 2366 476 2405 ad
507 2365 761 2405 irritandam
792 2364 941 2417 gulam
975 2367 1228 2407 conceditur
1259 2366 1303 2406 id
1330 2367 1614 2419 jentaculum.

239 2439 528 2492 Postponitur
562 2445 710 2480 autem
748 2439 905 2479 edendi
942 2445 1118 2492 tempus
1154 2441 1415 2481 necessitate
1447 2441 1616 2494 jejunii,

131 2525 251 2553 ·cum
288 2513 331 2552 in
371 2513 662 2554 meridianum
700 2526 838 2566 usque
870 2518 1046 2566 tempus
1083 2514 1372 2555 differendum
1410 2521 1501 2555 est:
1538 2515 1615 2555 sed

148 2585 245 2626 haec
286 2586 440 2627 dilatio
486 2601 605 2640 saepe
656 2593 722 2627 est
762 2588 868 2640 ipsis
914 2587 1047 2627 etiam
1099 2589 1350 2641 corporibus
1402 2589 1614 2628 salutaris.

149 2659 271 2700 Rara
314 2661 430 2699 enim
473 2674 572 2700 cum
614 2662 681 2710 sit,
715 2661 851 2701 noxia
892 2675 986 2702 esse
1027 2675 1115 2703 non
1157 2668 1316 2715 potest,
1351 2663 1427 2702 sed
1469 2662 1616 2714 potius

130 2734 424 2786 :superiorum
468 2734 638 2774 dierum
679 2735 898 2775 saturitati
940 2743 984 2776 et
1023 2736 1227 2776 cruditati
1276 2736 1485 2785 medetur,
1523 2736 1615 2789 ple-

135 2820 347 2860 numque
370 2821 527 2861 corpus
549 2808 719 2858 allevat,
744 2814 788 2849 et
809 2809 1112 2862 concoquendi
1141 2809 1396 2849 facultatem
1421 2809 1612 2862 adjuvat.

271 2902 283 2923 ²
312 2904 350 2936 C.
373 2911 424 2945 37.
518 2904 531 2922 ²
554 2905 596 2936 In
619 2906 783 2946 Ascetico,
804 2917 875 2948 cap.
899 2915 947 2946 19.
1039 2905 1053 2925 ³
1077 2907 1159 2947 Reg.
1180 2915 1210 2939 2.
1301 2906 1316 2926 ‘²
1339 2907 1420 2949 Cap.
1441 2915 1491 2948 39.
