1903 3197
523 174 602 220 De
633 179 761 220 recta
795 174 1063 220 intentione.
1433 188 1489 218 22
1500 186 1524 231 5

55 307 285 356 tandum,
331 307 463 346 modo
507 305 653 345 animo
698 318 785 344 non
832 303 1108 353 extollamur,
1146 304 1271 356 quasi
1315 316 1526 357 magnum

70 381 236 433 aliquid
278 380 420 433 egisse
460 383 676 431 putemus.
755 377 814 416 Et
855 376 938 416 hoc
979 382 1055 425 est,
1091 377 1208 428 quod
1251 377 1356 417 dicit
1399 377 1526 418 Nilus

71 455 114 493 in
153 453 367 493 Paraenesi
405 452 622 504 quadam:
656 449 849 490 “Gaude
881 449 1058 501 quando
1089 449 1296 488 virtutem
1334 463 1524 499 exerces,

69 541 220 567 verum
273 539 327 566 ne
378 525 577 572 efferaris,
631 537 684 563 ne
735 522 914 575 quando
966 523 1008 561 in
1060 528 1189 574 portu
1251 521 1526 574 naufragium

57 598 275 641 accidat.”

153 673 327 713 Deinde
358 676 504 724 potest
537 670 632 722 quis
667 670 709 708 in
743 668 983 709 benefactis
1017 668 1097 708 sibi
1132 668 1314 720 placere,
1338 669 1441 720 quia
1464 683 1520 708 cx

67 748 223 787 horum
264 745 492 784 occasione
532 742 716 795 gloriola
747 742 942 794 quadam
984 741 1228 794 plausuque
1271 741 1523 782 delectetur.

66 817 198 870 Quod
231 817 402 857 duobus
436 815 578 856 modis
612 816 781 864 evenit3
814 803 1024 866 vel'quod
1060 814 1206 854 furtim
1242 827 1288 853 se
1320 814 1525 866 voluptas

63 891 271 932 humanae
302 889 443 930 laudis
475 889 701 936 interserit,
730 888 856 928 nobis
888 888 1033 927 invitis
1065 901 1115 927 ac
1147 888 1523 940 repugnantibus3

63 965 132 1005 vel
155 963 274 1016 quod
307 964 446 1016 ipsam
474 962 658 1014 gloriam
690 962 1019 1013 humanamque
1045 961 1220 1000 laudem
1244 974 1524 1013 aucupemur,

65 1044 142 1078 aut
163 1043 279 1077 certe
301 1036 449 1076 oblata
471 1049 557 1075 non
590 1035 711 1075 inviti
744 1035 952 1074 laetemur.
1018 1034 1129 1074 Cum
1154 1047 1198 1073 se
1221 1034 1369 1073 furtim
1398 1034 1524 1074 nobis

66 1125 154 1151 non
185 1110 482 1157 sentientibus,
505 1115 580 1148 aut
608 1109 740 1148 etiam
771 1108 1117 1160 repugnantibus
1146 1107 1352 1147 humanae
1382 1107 1524 1147 laudis

64 1184 267 1237 voluptas
309 1183 535 1231 interserit,
578 1188 671 1221 tum
715 1195 801 1220 non
845 1182 1004 1221 idcirco
1056 1180 1286 1220 benefacta
1327 1187 1523 1233 pereunt,

65 1264 142 1298 aut
175 1257 339 1308 aliquid
380 1256 435 1295 de
471 1269 549 1294 sua
584 1255 625 1293 vi
663 1255 907 1306 meritoque
942 1254 1200 1306 deperdunt,
1237 1255 1340 1305 quia
1377 1260 1522 1293 totum

65 1330 172 1370 illud
207 1335 358 1370 contra
379 1328 652 1367 voluntatem
677 1333 752 1375 est,
776 1333 1015 1378 contraque
1044 1327 1330 1379 propositum.
1396 1327 1524 1367 Ideo-

64 1417 161 1456 que,
185 1409 335 1443 contra
363 1401 442 1441 hos
472 1401 622 1453 gloriae
653 1400 851 1440 stimulos
887 1413 974 1439 non
1009 1406 1074 1439 est
1107 1399 1232 1439 nobis
1256 1413 1524 1452 magnopere

63 1476 409 1525 decertandum3
446 1488 525 1514 nec
555 1480 798 1527 propterea,
823 1475 940 1525 quod
974 1486 1116 1512 rerum
1149 1472 1409 1525 spiritalium
1442 1473 1523 1513 im-

62 1550 191 1604 periti
223 1550 398 1596 faciunt,
432 1562 458 1587 a
489 1547 728 1588 benefactis
760 1547 1071 1586 desistendum.
1137 1545 1208 1586 Sic
1242 1546 1357 1585 enim
1391 1546 1523 1586 docet

64 1625 397 1664 Bonaventura:
422 1622 499 1662 “Si
532 1620 684 1670 bono‚''
708 1621 860 1672 inquit,
879 1624 1046 1672 “opere
1068 1633 1182 1659 vana
1202 1620 1341 1672 gloria
1363 1620 1521 1673 pulsat,

62 1711 144 1737 nos
168 1711 255 1737 non
287 1696 617 1748 acquiescamus
640 1695 689 1742 ei,
714 1708 793 1733 nec
815 1700 964 1733 tamen
999 1694 1165 1733 bonum
1195 1707 1304 1745 opus
1327 1693 1524 1734 dimitta-

65 1768 221 1810 mus.”1
285 1769 343 1808 Et
385 1782 518 1808 mox:
564 1768 766 1808 “Contra
807 1767 918 1807 tales
960 1767 1153 1819 sagittas,
1197 1766 1359 1806 scilicet
1396 1780 1521 1806 vanae

60 1843 226 1896 gloriae,
261 1855 347 1881 non
382 1846 474 1880 tam
517 1840 763 1892 indigemus
804 1839 973 1879 fortiter
1013 1852 1218 1891 pugnare,
1254 1853 1386 1891 quam
1422 1853 1525 1891 pru-

64 1916 219 1956 denter
241 1928 315 1954 eas
340 1928 472 1954 manu
495 1914 663 1953 consilii
693 1914 879 1965 abigere,
903 1913 1013 1952 sicut
1036 1925 1207 1951 muscas
1236 1912 1319 1952 levi
1349 1912 1524 1953 flabello

64 2002 341 2029 removemus
392 2001 418 2027 a
470 1986 631 2027 nobis.”
715 1987 774 2026 Et
824 1986 1002 2038 quidem
1043 1986 1119 2026 viri
1172 1986 1323 2035 sancti,
1366 1992 1414 2026 ut
1465 1986 1521 2027 de

65 2062 111 2103 B.
156 2061 369 2113 Gregori0
421 2073 552 2112 supra
604 2060 809 2107 diximus,
863 2059 930 2098 his
987 2058 1137 2111 gloriae
1187 2058 1373 2098 stimulis
1424 2066 1526 2100 sunt

62 2135 260 2184 obnoxii,
296 2134 398 2186 quia
440 2147 528 2173 non
572 2146 797 2185 nunquam
844 2133 1029 2172 intentio
1073 2133 1216 2172 minus
1260 2138 1387 2180 recta,
1422 2146 1521 2184 quae

64 2209 120 2249 de
161 2208 288 2248 donis
331 2207 417 2247 Dei
458 2207 629 2259 placere
675 2206 926 2246 hominibus
968 2207 1134 2258 quaerit,
1177 2211 1341 2247 rectam
1383 2207 1524 2246 inten-

61 2282 228 2323 tionem
260 2286 468 2330 nostram,
494 2294 592 2332 quae
623 2280 702 2319 soli
736 2280 833 2320 Deo
865 2280 1036 2332 placere
1066 2281 1247 2333 appetit,
1272 2280 1520 2321 insidiando

63 2355 307 2396 comitatur.
383 2353 495 2394 Cum
529 2353 626 2406 quis
661 2359 809 2394 autem
847 2367 905 2394 ex
947 2353 1196 2402 benefactis,
1229 2359 1305 2394 aut
1337 2353 1521 2407 gloriam

62 2434 306 2481 aucupatur
348 2427 600 2477 humanam,
633 2433 708 2467 aut
749 2433 844 2467 toto
887 2428 1034 2467 animo
1076 2427 1318 2467 delectatur
1358 2427 1519 2477 oblata,

65 2501 237 2541 etiamsi
267 2513 355 2541 non
377 2500 518 2541 fuerat
547 2506 650 2541 ante
679 2502 875 2554 quaesita,
897 2507 991 2541 tum
1022 2501 1056 2541 is
1086 2515 1164 2542 nec
1196 2507 1359 2541 rectam
1388 2500 1523 2542 habet

64 2580 273 2624 mentem,
296 2580 340 2615 et
361 2574 395 2614 si
422 2588 554 2627 quam
584 2575 708 2615 initio
737 2575 901 2624 habuit,
925 2581 1065 2615 totam
1091 2574 1183 2627 jam
1213 2575 1367 2615 evertit
1387 2581 1521 2627 atque

65 2648 312 2698 destruxit,
348 2648 683 2701 simillimusque
722 2649 950 2689 Pharisaeis
987 2655 1064 2699 est,
1094 2649 1167 2702 qui
1205 2649 1352 2689 omnia
1388 2662 1521 2701 opera

64 2733 143 2762 sua
174 2721 394 2762 faciebant
425 2727 473 2762 ut
503 2722 559 2762 ab
590 2722 840 2763 hominibus
862 2723 1121 2763 viderentur.

153 2794 238 2835 His
259 2795 392 2848 igitur
413 2795 564 2844 tribus,
589 2809 687 2848 quae
705 2796 798 2850 jam
821 2798 1180 2845 enumeravimus,
1204 2794 1518 2849 temporalibus

442 2882 456 2903 ¹
481 2884 546 2926 Op.
562 2885 604 2917 de
620 2885 766 2918 Reform.
786 2887 912 2920 mentis.
934 2897 966 2928 p.
985 2892 1013 2928 5.
1030 2896 1057 2919 c.
1077 2894 1124 2927 19.

239 2943 268 2975 P
