1903 3197
289 199 382 243 140
612 185 690 229 De
726 186 915 232 ratione
949 187 1142 233 vivendi
1177 188 1434 235 Soceetatz's.

373 317 560 366 Deinde,
605 318 707 369 quia
749 318 929 359 solidior
979 321 1204 372 patientiae
1257 322 1351 361 laus
1394 323 1437 361 in
1485 323 1754 375 perferendis

284 391 514 444 impositis,
542 405 675 443 quam
710 393 753 432 in
788 395 1012 446 susceptis,
1049 395 1198 435 elucet.
1264 395 1388 448 Quos
1419 397 1535 436 enim
1559 403 1635 438 tuo
1665 412 1753 439 non

284 465 457 504 erudias
490 466 709 518 exemplo,
746 481 845 506 cum
879 481 952 507 eas
984 468 1208 509 humiliter
1233 470 1432 510 admittis
1465 484 1544 510 nec
1576 471 1754 512 obmur-

283 552 441 587 muras‚
465 553 563 579 cum
589 541 768 580 eosdem
791 541 947 591 vultus,
973 544 1247 596 eandemque
1279 544 1468 584 frontem
1500 545 1627 597 geris,
1651 560 1750 586 cum

284 614 340 654 de
362 614 620 667 corrigendo
654 622 837 668 peccato
860 618 1069 657 continuo
1099 619 1278 671 cogitas,
1303 633 1402 659 cum
1438 621 1635 660 animum
1665 635 1752 661 non

283 687 481 728 demittis
505 694 547 728 et
569 689 801 739 contrahis,
826 690 901 730 sed
925 693 1220 732 constantiam
1245 699 1288 733 et
1321 694 1581 745 patientiam
1604 694 1753 735 tenes?

285 761 493 802 Declarat
538 762 650 802 illius
699 764 914 812 monachi,
952 765 1076 817 cujus
1114 779 1170 805 ex
1221 766 1432 808 Cassiano
1470 769 1752 809 meminimus

285 849 426 889 supra,
461 837 518 876 ob
549 843 777 890 acceptam
812 838 867 878 ab
900 837 1080 879 Abbate
1119 840 1307 893 alapam,
1330 843 1552 894 patientia.
1619 842 1751 894 Quod

284 910 483 950 “idcirco
525 912 581 951 ab
618 911 798 952 Abbate
836 912 1001 952 factum
1045 913 1146 962 est,”
1192 914 1430 955 Cassianus
1469 916 1629 965 scribit,
1670 921 1688 935 “
1705 923 1753 957 ut

284 986 451 1025 cunctis
494 986 567 1037 qui
610 986 794 1026 aderant
845 986 1018 1037 juvenis
1066 988 1324 1039 patientiam
1378 990 1657 1041 patefaceret,
1711 997 1755 1031 et

283 1073 448 1107 omnes,
484 1060 557 1111 qui
591 1059 890 1100 interfuissent
924 1060 1000 1099 tali
1039 1062 1302 1113 spectaculo,
1347 1064 1575 1104 modestiae
1612 1066 1753 1104 erudi-

282 1139 430 1173 rentur
452 1132 718 1185 exemplo.''l
782 1133 927 1185 Quam
952 1140 1126 1175 maturo
1148 1143 1296 1176 autem
1330 1137 1372 1177 id
1406 1139 1549 1178 senior
1571 1139 1752 1179 consilio

283 1207 445 1256 fecerit,
470 1221 536 1247 res
568 1207 781 1260 probavit,
808 1208 962 1248 “Nam
996 1210 1293 1250 memorabilis
1326 1212 1551 1263 patientiae
1580 1213 1753 1264 juvenis

280 1286 407 1322 tanta
440 1281 482 1321 id
516 1282 650 1321 animi
673 1281 854 1322 lenitate
877 1284 1079 1336 suscepit,
1104 1290 1152 1323 ut
1181 1298 1267 1325 non
1299 1286 1432 1326 modo
1456 1286 1600 1327 nullus
1624 1287 1752 1328 fuerit

283 1369 341 1395 ex
385 1355 479 1408 ejus
521 1369 595 1395 ore
636 1370 780 1396 sermo
816 1357 1058 1410 prolapsus,
1096 1358 1163 1397 vel
1206 1360 1513 1400 tenuissimum
1558 1375 1755 1402 murmur

280 1430 417 1470 tacita
447 1430 662 1470 labiorum
694 1431 935 1483 agitatione
967 1432 1216 1484 signatum3
1251 1434 1328 1473 sed
1361 1447 1415 1473 ne
1447 1435 1541 1487 ipsa
1571 1436 1749 1487 quidem

283 1504 370 1544 oris
393 1504 610 1544 modestia
642 1510 775 1556 atque
798 1505 1102 1557 tranquillitas,
1126 1513 1201 1547 aut
1224 1507 1344 1547 color
1375 1507 1531 1548 saltem
1563 1515 1752 1561 quantu-

283 1577 568 1630 lumcumque
591 1577 847 1618 mutatus.’'2
889 1578 1034 1630 Quid?
1067 1580 1185 1632 quod
1209 1580 1313 1634 ipsis
1335 1595 1511 1634 quoque
1534 1583 1754 1634 magistriS

284 1653 573 1705 patribusque
614 1652 912 1706 spiritualibus
954 1654 1267 1706 discipulorum
1311 1656 1353 1694 in
1388 1655 1616 1696 toleranda
1660 1670 1752 1697 mo-

286 1728 410 1768 deste
432 1741 566 1781 poena
590 1728 769 1780 prodest
792 1728 1073 1780 exemplum?
1109 1728 1171 1768 Ut
1195 1730 1310 1768 cerni
1335 1729 1455 1769 licuit
1477 1730 1519 1769 in
1543 1744 1604 1778 eo,
1621 1744 1752 1782 quem

274 1815 418 1855 supra
448 1802 784 1850 nominavimus,
811 1802 1050 1852 Libertino,
1074 1802 1196 1854 cujus
1225 1804 1450 1856 patientiae
1480 1818 1531 1844 ac
1560 1805 1753 1846 lenitatis

286 1876 545 1930 exemplum
576 1876 781 1916 ferociam
811 1876 940 1927 fregit
968 1876 1172 1917 Abbatis.
1236 1877 1309 1918 Sic
1342 1884 1489 1918 actum
1523 1885 1598 1927 est,
1633 1880 1752 1931 quod

284 1951 327 1991 in
362 1951 564 2004 Dialogis
594 1951 831 2003 Gregorius
861 1951 931 2000 ait,
960 1957 1007 1990 ut
1037 1951 1093 1990 ad
1126 1965 1333 2004 magnam
1367 1954 1753 1994 mansuetudinem

283 2026 597 2079 perduceretur
637 2030 773 2078 pater,
808 2030 851 2064 et
887 2024 1112 2065 humilitas
1146 2025 1347 2079 discipuli
1383 2028 1593 2079 magistra
1629 2027 1753 2068 fieret

283 2100 492 2153 magistri.
572 2098 705 2152 Quod
758 2100 901 2151 ipsum
945 2099 1028 2138 dici
1075 2106 1221 2152 potest
1263 2099 1318 2139 de
1368 2100 1452 2149 illo,
1495 2101 1568 2153 qui
1622 2115 1752 2154 supra

285 2174 538 2214 nominatur
578 2173 758 2221 Acacio,
823 2172 945 2225 cujus
1002 2173 1226 2225 patientiae
1283 2173 1554 2214 admirabilis
1612 2188 1752 2215 recor-

284 2247 406 2288 datio
439 2247 698 2299 magistrum
732 2247 1050 2287 ferocissimum
1083 2247 1195 2288 adeo
1234 2248 1532 2296 mansuefecit,
1573 2254 1619 2288 ut
1651 2255 1752 2301 post

287 2321 488 2374 discipuli
541 2321 670 2361 funus
723 2322 865 2362 sobrie
915 2323 1090 2371 vixisse,
1135 2328 1178 2362 et
1230 2336 1344 2375 pone
1396 2323 1488 2375 ejus
1530 2322 1748 2363 tumulum

285 2394 489 2436 cellulam
524 2396 776 2436 extruxisse
810 2396 989 2437 dicatur.
1067 2396 1221 2449 Atque
1254 2397 1348 2437 haec
1386 2397 1441 2437 de
1479 2397 1668 2436 utilitate
1705 2401 1749 2436 et

278 2471 539 2523 *praestantia
571 2471 788 2523 imposita}
821 2485 978 2523 poenae,
1003 2478 1045 2511 et
1068 2472 1123 2511 de
1146 2477 1241 2512 toto
1270 2484 1430 2524 genere
1462 2470 1748 2524 poenitentiae,

272 2543 340 2584 ,ad
363 2544 539 2585 laudem
563 2550 606 2584 et
628 2545 812 2597 gloriam
838 2544 999 2585 Christi
1021 2545 1137 2596 jesu.
1200 2544 1359 2584 Amen.

715 2659 723 2677 ¹
753 2660 837 2691 Coll.
867 2669 914 2699 19.
936 2670 961 2692 c.
987 2669 1012 2691 1.
1187 2659 1200 2677 '³
1225 2660 1309 2691 Ibid.
