1903 3197
667 199 747 245 De
783 198 826 245 C
823 199 1029 245 astz'late.
1486 208 1578 256 347

117 335 296 388 detegat
336 332 612 381 confessario,
649 331 868 383 totiesque
909 344 982 371 eas
1020 330 1241 383 exprimat
1277 329 1448 383 quoties
1494 327 1580 368 illae

117 406 408 449 renovantur.1

206 483 275 522 De
297 481 569 522 confessione
590 492 693 519 vero
715 484 843 518 extra
865 483 1187 518 sacramentum
1219 477 1397 528 B.Joan.
1420 476 1582 517 Clima-

118 570 205 606 cus,
228 569 327 595 cum
358 554 497 594 multa
525 553 609 593 alia
630 552 687 592 ad
717 552 1006 592 evincendam
1030 551 1172 590 carnis
1195 549 1442 590 molestiam
1467 555 1583 589 attu-

117 629 248 678 lisset,
268 630 329 668 ita
351 627 601 679 subjunxit:
635 625 724 665 “Et
746 625 780 665 si
799 624 889 664 fieri
912 630 1070 677 potest,
1091 624 1221 663 Pater
1243 622 1488 675 spiritualis,
1508 627 1585 661 aut

118 710 243 756 pater
271 702 481 742 sollicitus
513 705 755 752 cautusque
787 713 927 748 sensu,
950 699 1005 738 ad
1040 697 1255 738 auxilium
1289 694 1584 736 adhibeatur.'‘

119 777 180 817 Et
211 776 377 824 merito,
412 775 525 827 quia,
559 780 607 814 ut
640 774 701 814 ait
735 773 852 826 apud
892 772 1151 813 Cassianum
1194 771 1332 811 abbas
1375 771 1586 823 Moyses:

118 850 280 890 “Illico
312 856 360 889 ut
389 849 611 902 patefacta
642 847 1012 900 fueritcogitatio
1047 846 1250 898 maligna,
1274 845 1515 892 marcescit,
1541 849 1586 884 et

119 930 358 977 antequam
391 923 666 963 discretionis
698 909 913 974 judicium
951 921 1206 974 proferatur,
1245 933 1424 973 serpens
1456 923 1589 958 teter-

118 999 264 1047 rimus,
287 998 408 1038 velut
438 1012 461 1037 e
483 997 716 1038 tenebroso
744 1002 788 1037 et
819 997 1102 1036 subterraneo
1135 1008 1278 1048 specu,
1302 993 1588 1033 confessionis

117 1073 288 1121 virtute,
313 1077 558 1125 protractus
590 1072 646 1111 ad
677 1070 830 1119 lucem,
856 1077 900 1110 et
921 1069 1149 1110 traductus
1179 1068 1511 1121 quodammodo
1538 1080 1589 1107 ac

119 1145 446 1194 dehonestatus,
470 1143 701 1186 abscedit.⁷’
762 1144 932 1184 Idcirco
956 1145 1107 1184 Patres
1131 1143 1190 1183 illi
1212 1149 1382 1183 veteres
1404 1142 1464 1182 sic
1488 1154 1590 1181 suos

120 1220 360 1260 monachos
398 1219 657 1267 educabant,
697 1219 861 1258 tirones
903 1218 1158 1271 praesertim,
1196 1223 1245 1257 ut
1281 1230 1435 1256 omnes
1473 1215 1592 1268 cogi-

120 1295 311 1334 tationes
345 1307 445 1333 suas
479 1293 722 1332 senioribus
757 1293 985 1345 aperirent.
1050 1292 1183 1331 Porro
1218 1291 1273 1330 ad
1308 1290 1403 1330 haec
1437 1288 1592 1329 confir-

122 1368 284 1408 manda
332 1367 540 1420 exempla
587 1380 675 1406 non
718 1367 887 1416 desunt,
930 1367 965 1406 si
1009 1366 1106 1418 quis
1149 1379 1201 1405 ea
1241 1364 1347 1404 velit
1389 1363 1593 1416 colligere

119 1442 162 1481 in
184 1442 298 1482 Vitis
314 1442 493 1481 Patrum
513 1456 521 1492 ;
549 1441 622 1481 ubi
645 1441 699 1480 de
724 1440 981 1490 RAstione,
999 1440 1073 1492 qui
1097 1439 1262 1491 injussu
1286 1438 1461 1478 abbatis
1484 1436 1593 1477 cella

123 1529 323 1569 egressus
355 1517 411 1556 ad
447 1515 639 1563 fluvium,
676 1528 775 1554 cum
811 1515 1043 1567 impudicis
1073 1512 1417 1566 cogitationibus
1450 1524 1595 1551 versa-

125 1598 252 1641 retur,
287 1597 330 1631 et
365 1591 407 1630 id
440 1596 596 1643 postea
628 1589 853 1629 confessus
889 1595 1014 1637 esset,
1046 1588 1102 1627 ob
1133 1601 1231 1627 eam
1261 1585 1592 1633 confessionem,

122 1665 242 1706 velut
273 1664 503 1717 puerulum
537 1665 665 1716 ignea
696 1677 795 1703 cum
827 1662 963 1702 ferula
994 1663 1049 1702 de
1072 1662 1166 1701 sinu
1190 1675 1269 1700 suo
1294 1660 1592 1713 egredientem

125 1740 318 1780 audivit:
371 1737 636 1778 “Confessio
673 1744 761 1786 tua,
800 1736 976 1785 Astion,
1011 1749 1194 1789 magnas
1237 1748 1359 1775 meas
1392 1734 1595 1774 contrivit

127 1812 259 1853 hodie
290 1811 460 1852 vi1·es.''‘2

213 1887 363 1927 Tertia
385 1887 521 1926 virtus
545 1891 610 1925 est
633 1884 877 1925 diffidentia
899 1885 963 1924 sui
988 1884 1134 1936 ipsius,
1158 1889 1205 1922 ut
1228 1883 1344 1922 enim
1369 1882 1411 1921 in
1436 1880 1590 1921 Collat.

131 1961 431 2003 Chaeremonis
468 1960 640 2000 abbatis
677 1960 889 2012 scriptum
938 1958 1064 1998 nobis
1114 1957 1288 2010 reliquit
1336 1956 1598 1997 Cassianus:

130 2036 420 2087 “Unicuique
453 2040 661 2082 nostrum,
692 2033 898 2073 adversus
931 2032 1131 2085 spiritum
1164 2030 1462 2070 fornicationis
1492 2029 1598 2069 totis

129 2110 294 2150 viribus
317 2108 562 2157 desudanti,
585 2108 766 2147 victoria
793 2105 1024 2159 singularis
1055 2112 1131 2154 est,
1154 2105 1209 2145 de
1231 2104 1386 2144 merito
1416 2107 1600 2143 conatus

129 2184 195 2225 sui
229 2183 471 2223 remedium
505 2195 591 2222 non
624 2180 833 2234 sperare.''
898 2179 1034 2231 Cujus
1068 2180 1127 2218 rei
1158 2178 1372 2218 rationem
1406 2177 1598 2229 aliquam

130 2259 280 2298 statim
333 2256 544 2308 subjicit;
606 2256 710 2307 quia
753 2255 861 2307 “qui
900 2255 1148 2294 castitatem
1192 2253 1376 2292 credunt
1417 2265 1462 2291 se
1504 2250 1601 2290 dili-

131 2333 293 2384 gentiae
326 2344 416 2370 suae
448 2330 594 2370 studio
627 2335 896 2378 consecutOS,
920 2341 1097 2367 necesse
1129 2333 1195 2367 est
1227 2332 1274 2366 ut
1306 2338 1495 2378 superno
1528 2323 1602 2364 illo

129 2406 337 2460 praesidio
379 2404 607 2458 paululum
661 2403 883 2452 denudati,
931 2403 1101 2442 tamdiu
1155 2401 1237 2440 illis
1281 2414 1391 2453 quas
1439 2399 1603 2439 Divina

129 2481 264 2520 virtus
331 2480 608 2519 exstinxerat
674 2477 951 2531 passionibus
1009 2476 1326 2529 opprimantur,
1388 2473 1600 2526 quamdiu

133 2553 407 2606 experientia
449 2553 635 2592 docente
677 2556 947 2604 cognoscant
989 2564 1035 2590 se
1070 2550 1236 2590 viribus
1278 2554 1412 2601 atque
1454 2547 1602 2587 indus-

131 2628 214 2668 tria
257 2641 334 2667 sua
375 2627 578 2680 puritatis
620 2626 787 2666 bonum
831 2625 1028 2665 obtinere
1067 2638 1154 2664 non
1197 2621 1388 2676 posse.”3
1470 2621 1602 2673 Quod

130 2701 361 2742 confirmat
391 2702 441 2740 iis
462 2701 605 2740 verbis
641 2699 889 2740 Climacus:
924 2698 1047 2750 “Qui
1080 2712 1159 2738 sua
1189 2696 1402 2737 industria
1429 2707 1603 2735 carnem

130 2788 255 2815 suam
290 2775 462 2814 vincere
504 2779 580 2813 aut
615 2773 834 2813 debellare
870 2773 974 2823 Vult,
1010 2774 1052 2811 in
1083 2785 1248 2812 vanum
1286 2770 1427 2810 currit.
1507 2768 1602 2808 Nisi

529 2877 542 2897 ¹
567 2880 689 2920 Opuse.
710 2879 752 2911 de
776 2880 876 2911 Purit.
900 2878 1074 2910 Conscien.
1096 2888 1123 2908 e.
1148 2885 1194 2908 12.

384 2929 397 2948 2
423 2931 495 2962 Lib.
521 2938 546 2962 1.
568 2941 595 2962 c.
619 2939 667 2962 11.
1012 2927 1026 2947 3
1052 2928 1136 2960 Coll.
1162 2936 1210 2968 13.
1233 2937 1259 2959 c.
1278 2926 1329 2958 61.
