1903 3197
458 143 538 189 De
569 149 860 205 oegrotorum
896 160 1016 190 cura
1042 145 1268 206 gerenda.
1500 161 1556 206 52
1572 163 1588 192 1

124 277 290 318 fectum
333 275 643 329 aegrotantium
682 276 847 316 indicat
883 276 1162 329 Augustinus
1196 278 1239 318 in
1278 278 1450 331 Regula
1491 293 1592 320 eum

121 349 280 391 dicit:1
303 349 672 402 “AEgrotantium
710 362 823 398 cura,
846 350 936 389 sive
973 357 1075 402 post
1111 351 1417 404 aegritudinem
1456 352 1592 393 refici-

124 424 351 473 endorum,
395 423 485 463 sive
536 423 682 475 aliqua
731 422 1042 472 imbecillitate,
1087 425 1176 464 sive
1223 426 1356 465 etiam
1400 425 1592 467 febribus

122 496 431 546 laborantium,
475 497 548 536 uni
591 495 717 536 alicui
769 495 901 536 debet
951 496 1131 549 injungi,
1175 504 1222 538 ut
1265 499 1356 551 ipse
1408 500 1464 540 de
1509 500 1594 540 cel·

119 570 273 611 lerario
307 576 442 624 petat,
476 570 594 623 quod
627 570 789 622 unique
825 571 1117 610 necessarium
1151 585 1246 612 esse
1278 575 1588 626 perspexerit.'’

211 645 263 684 In
295 644 378 685 hoc
411 644 543 696 igitur
573 644 762 696 primum
795 645 987 684 cernitur
1019 646 1279 697 magnitudo
1311 660 1424 686 curae
1457 661 1591 699 quam

124 718 442 772 aegrotantibus
465 716 662 757 adhiberi
687 717 1035 758 Constitutiones
1057 719 1223 767 volunt,
1243 721 1285 759 in
1309 721 1592 773 praeficiendo

121 791 268 845 aliquo
289 791 390 832 huic
422 792 601 839 muneri,
626 792 700 844 qui
723 797 843 832 totus
866 793 909 832 in
941 799 1208 845 :egrotorum
1241 807 1389 835 curam
1423 795 1591 836 incum-

120 866 207 907 bat.
283 865 499 915 Secundo,
537 866 724 906 eandem
767 880 881 906 curae
924 868 1273 920 magnitudinem
1318 869 1505 921 exigunt
1547 870 1590 909 in

121 939 386 981 adhibendis
409 940 590 980 medicis
622 954 673 980 ac
707 941 935 981 remediis:
970 942 1150 983 medicis
1181 943 1360 995 quidem
1384 943 1592 996 pluribus,

121 1015 156 1055 si
174 1028 351 1055 necesse
368 1015 435 1064 sit,
455 1021 502 1056 ut
525 1028 655 1068 supra
673 1015 879 1065 diximus,
899 1029 985 1056 non
1004 1030 1091 1056 uno
1108 1022 1292 1058 tantum.
1325 1020 1345 1036 “
1360 1018 1591 1069 Vocetur‚’'

119 1090 334 1142 inquiunt,
361 1093 383 1109 “
401 1089 608 1138 medicuS,
633 1089 706 1141 qui
739 1103 850 1130 unus
872 1096 1047 1130 tantum
1076 1091 1294 1132 ordinarie
1326 1105 1420 1132 esse
1443 1092 1588 1141 debet,

119 1164 154 1204 si
192 1164 235 1203 in
273 1159 446 1204 casibus
490 1163 756 1215 quibusdam
798 1163 1020 1217 Superiori
1054 1164 1173 1205 aliud
1212 1179 1299 1206 non
1336 1165 1592 1207 videretur.''

120 1238 308 1278 Faciunt
345 1237 476 1289 igitur
518 1242 786 1289 potestatem
834 1238 1079 1279 advocandi
1128 1239 1274 1292 plures
1311 1241 1517 1288 medicos,
1557 1241 1592 1280 si

119 1312 356 1352 necessitas
408 1311 545 1351 ferat:
598 1311 641 1350 id
684 1317 831 1351 autem
878 1326 1052 1365 magnae
1104 1327 1219 1354 curce
1263 1314 1471 1354 indicium
1515 1320 1592 1363 est,

119 1386 223 1439 quia
267 1384 413 1438 plures
451 1385 506 1424 de
544 1385 671 1424 unius
707 1386 798 1425 vita
842 1399 891 1426 ac
938 1386 1079 1427 salute
1124 1387 1353 1428 consilium
1391 1389 1503 1429 inter
1548 1401 1594 1428 se

118 1459 302 1513 capiunt
335 1464 378 1499 et
410 1472 489 1511 pro
522 1472 568 1498 se
600 1459 787 1511 quisque
819 1459 1036 1500 laboranti
1069 1461 1318 1514 opitulatur.

210 1533 263 1573 In
305 1533 511 1572 remediis
549 1532 682 1573 etiam
725 1532 1015 1575 admovendis
1052 1534 1166 1576 hanc
1214 1550 1326 1576 curae
1375 1537 1595 1590 magnitu-

118 1606 271 1647 dinem
302 1612 485 1659 ponunt,
520 1606 624 1646 dum
656 1606 717 1646 ita
746 1607 922 1648 dicunt:
958 1609 1065 1649 “De
1099 1610 1307 1659 remedio,
1335 1617 1381 1651 ut
1408 1610 1597 1652 charitas

119 1681 273 1732 exigit,
311 1680 592 1720 convenienti
631 1681 947 1733 provideatur.’'
1014 1683 1103 1724 Ubi
1142 1685 1458 1737 perpendenda
1494 1691 1598 1726 sunt

117 1754 253 1795 v'erba
299 1753 384 1802 illa,
434 1756 608 1806 “prout
651 1754 840 1795 charitas
882 1756 1084 1809 exigit:'’
1128 1771 1216 1797 non
1264 1759 1379 1798 enim
1432 1759 1594 1809 dicunt,

116 1834 247 1880 prout
285 1827 481 1867 conditio
525 1828 665 1880 exigit
707 1830 974 1881 aegrotantis,
1014 1831 1091 1870 sed
1139 1838 1270 1884 prout
1301 1831 1592 1882 “charitas;’'

118 1915 281 1955 magna
314 1901 431 1941 enim
464 1901 559 1941 haec
592 1915 695 1942 cura
718 1903 774 1943 ad
798 1917 952 1943 omnes
983 1904 1051 1944 vel
1083 1905 1256 1945 infimos
1289 1913 1469 1960 spectat.
1535 1907 1594 1949 Et

117 1977 387 2016 conveniens
430 1976 636 2016 omnibus
678 1977 831 2017 volunt
884 1977 1082 2018 adhiberi
1135 1981 1390 2029 remedium,
1434 1994 1594 2035 nempe

117 2050 185 2090 vel
222 2051 469 2103 pretiosum
510 2056 553 2090 et
592 2051 876 2103 exquisitum,
915 2053 948 2092 si
987 2054 1048 2093 ita
1089 2067 1266 2094 necesse
1307 2056 1387 2095 sit:
1421 2056 1590 2096 nullum

117 2124 234 2164 enim
270 2125 454 2165 remedii
490 2138 629 2177 genus
667 2125 907 2178 excipiunt,
930 2127 1036 2167 dum
1066 2129 1328 2168 conveniens
1361 2130 1589 2183 imperant.

117 2198 252 2239 Porro
291 2199 380 2239 duo
419 2200 712 2239 remediorum
749 2214 910 2252 genera
953 2215 1047 2242 esse
1088 2210 1273 2255 possunt
1310 2204 1590 2245 restituendis

116 2273 295 2324 aegrotis
349 2273 714 2313 accommodata:
778 2276 983 2326 quaedam
1047 2278 1281 2329 praesentia
1338 2284 1382 2318 et
1434 2279 1590 2329 subita,

117 2359 217 2399 quae
244 2346 401 2387 subitis
434 2361 485 2387 ac
517 2348 808 2400 praesentibus
843 2349 1094 2390 adhibenda
1129 2351 1215 2391 sint
1249 2352 1425 2401 morbis,
1448 2353 1592 2405 cujus-

117 2420 237 2460 modi
281 2435 376 2461 esse
429 2421 574 2462 solent
625 2423 883 2474 quotidiane
931 2424 1186 2466 medicinae:
1239 2427 1445 2479 quaedam
1489 2441 1591 2468 vero

117 2493 402 2544 diuturniora,
443 2508 542 2547 quae
585 2495 727 2548 longis
769 2511 820 2537 ac
862 2498 1079 2538 diuturnis
1121 2506 1227 2552 apta
1277 2501 1364 2541 sint
1413 2502 1587 2550 morbis,

117 2567 258 2619 qualis
292 2574 358 2608 est
392 2570 580 2609 mutatio
612 2569 705 2610 loci.
772 2571 973 2624 Utraque
1007 2586 1110 2626 ergo
1145 2575 1338 2614 remedia
1363 2574 1588 2614 Constitu-

116 2641 258 2681 tiones
290 2642 519 2695 imperant,
552 2657 651 2683 cum
687 2647 925 2686 necessitas
960 2647 1133 2688 tulerit:
1172 2661 1275 2687 nam
1310 2654 1353 2688 et
1385 2648 1441 2687 ad
1477 2661 1588 2700 prae-

116 2715 326 2767 scriptum
363 2716 681 2770 arbitriumque
719 2719 876 2759 medici
914 2720 1166 2772 praebendae
1204 2728 1306 2761 sunt
1343 2722 1584 2771 medicinae‚

116 2793 164 2828 ut
202 2802 310 2829 mox
350 2790 575 2840 dicemus;
614 2798 657 2832 et
694 2793 762 2832 cui
801 2793 990 2846 regionis
1027 2794 1209 2847 alicujus
1241 2795 1402 2834 coelum
1439 2796 1584 2846 officit,

700 2880 713 2899 ¹
738 2882 820 2922 Reg.
842 2890 870 2922 3.
892 2893 920 2914 c.
940 2890 992 2923 33.
