1903 3197
257 113 352 157 688
583 110 664 156 De
694 111 885 156 ratione
918 110 1111 157 vivendi
1143 110 1402 157 Socz'etaz‘zk.

256 244 379 285 illum
402 243 483 284 sibi
505 242 759 297 praeponit.''
822 244 882 284 Et
903 243 1059 285 Abbas
1080 244 1257 298 Joseph,
1280 245 1399 298 apud
1434 244 1694 285 Cassianum
1715 262 1723 286 :

257 317 570 367 “Sciendum,‘’
604 318 756 371 inquit,
792 321 933 358 “sane
963 318 1227 371 generaliter
1259 318 1382 358 illum
1414 324 1560 371 partes
1592 332 1722 372 agere

256 391 466 442 fortiores,
499 393 573 444 qui
610 392 827 433 voluntati
864 392 1023 433 fratris·
1044 407 1169 433 suam
1215 392 1390 444 subjicit
1431 392 1720 443 voluntatem,

256 479 390 519 quam
423 479 523 506 eum
555 466 630 519 qui
662 467 950 508 defendendis
982 468 1070 508 suis
1101 467 1434 508 definitionibus
1465 481 1517 507 ac
1545 468 1721 508 tuendis

256 541 520 594 pertinacior
542 542 794 582 invenitur.''
810 541 823 564 1

343 615 503 656 Plutar.
526 616 582 656 de
603 615 674 656 lib.
703 617 921 657 Educan.:
944 619 966 637 “
981 617 1033 656 In
1056 616 1285 670 colloquiis
1311 617 1433 669 pueri
1466 616 1592 656 invisi
1626 616 1721 657 aliis

255 702 343 730 non
386 689 503 739 fient,
546 690 581 730 si
623 704 712 731 non
754 692 935 732 omnino
976 692 1020 731 in
1066 691 1440 744 disputationibus
1491 691 1719 731 victoriam

254 777 428 818 semper
458 765 658 805 obtinere
690 765 915 806 laborent:
948 779 1035 806 non
1067 766 1183 806 enim
1207 771 1381 806 tantum
1405 766 1631 819 egregium
1655 770 1722 806 est

254 839 364 879 scire
404 839 587 888 vincere,
631 840 706 879 sed
750 841 883 880 etiam
925 854 1056 893 posse
1097 840 1210 880 vinci
1253 840 1485 893 pulchrum
1527 846 1603 889 est,
1647 840 1721 881 ubi

254 913 437 953 victoria
470 920 536 954 est
568 914 817 954 damnosa.”
882 914 1090 968 Citatque
1118 914 1226 954 illud
1257 928 1314 954 ex
1346 914 1583 967 Euripide:
1608 914 1724 954 “Di-

255 987 456 1028 centibus
487 987 660 1029 duobus
686 989 797 1029 irato
820 989 966 1029 altero.
1032 989 1119 1042 Qui
1143 1003 1230 1029 non
1253 995 1482 1042 repugnat,
1506 989 1635 1028 dictis
1657 994 1724 1029 est

256 1062 530 1115 sapientior.''
593 1063 653 1104 Et
676 1063 829 1105 Cicero
856 1075 887 1104 Ι.
908 1063 1016 1105 Offi:
1050 1067 1072 1084 “
1091 1063 1194 1113 Sit,”
1220 1064 1372 1116 inquit,
1397 1066 1577 1103 “sermo
1599 1062 1721 1113 lenis,

256 1136 527 1190 minimeque
548 1138 792 1191 pertinax.’'

345 1211 508 1252 Inutile
529 1219 706 1254 autem:
737 1220 832 1254 tum
856 1215 969 1266 quia,
993 1220 1042 1254 ut
1064 1215 1125 1255 ait
1148 1214 1354 1255 Clemens
1378 1214 1421 1253 in
1446 1213 1619 1265 Paedag.
1643 1226 1724 1266 pro

255 1285 374 1326 inani
391 1286 623 1327 verborum
640 1288 823 1329 victoria
844 1289 1069 1329 contentio
1092 1289 1187 1343 ipsa
1209 1289 1469 1342 suscipitur3
1501 1294 1596 1328 tum
1619 1288 1724 1341 quia

255 1359 427 1401 etiamsi
460 1361 730 1403 admonendi
760 1363 937 1404 alterius
969 1377 1102 1404 causa
1133 1364 1404 1416 suscipiatur,
1437 1369 1587 1403 tamen
1619 1376 1723 1403 con-

255 1434 538 1485 tentionibus,
563 1442 611 1477 ut
639 1437 701 1478 ait
733 1438 1054 1488 Bonaventura,
1078 1438 1133 1479 de
1167 1438 1297 1478 Infor.
1323 1437 1433 1478 Nov.
1457 1452 1496 1490 p.
1527 1449 1557 1477 1.
1582 1451 1615 1477 c.
1641 1437 1722 1488 363

255 1522 352 1549 raro
374 1508 531 1563 aliquis
554 1512 824 1552 emendatur.

343 1583 520 1624 Tertio:
569 1583 685 1637 Quia
726 1587 951 1626 contentio
992 1586 1157 1627 dirimit
1198 1586 1458 1627 charitatem
1501 1592 1545 1626 et
1580 1585 1724 1639 gignit

256 1656 519 1707 inimicitias
543 1665 592 1699 ut
614 1659 802 1700 Basilius
824 1661 886 1701 ait
908 1660 951 1700 in
973 1660 1123 1701 Ascet.
1186 1660 1328 1701 Nobis
1360 1666 1509 1700 autem
1537 1659 1635 1700 finis
1657 1665 1725 1700 est

256 1745 351 1772 esse
385 1746 411 1772 a
443 1733 636 1773 tumultu
671 1740 715 1774 et
748 1735 1079 1787 perturbatione
1112 1735 1291 1783 alienos,
1328 1741 1375 1775 ut
1410 1734 1617 1775 Clemens
1650 1734 1722 1775 ait.

256 1807 316 1847 Et
337 1806 420 1847 hoc
442 1808 523 1848 sibi
545 1808 649 1857 vult,
673 1809 826 1862 inquit,
851 1809 956 1850 illud
976 1823 985 1850 1
1018 1813 1040 1830 “
1056 1809 1150 1850 Pax
1173 1809 1289 1859 tibi,''
1314 1820 1348 1849 2.
1375 1809 1549 1862 Paedag.
1573 1823 1607 1850 c.
1631 1819 1667 1861 7.

341 1880 623 1934 Augustinus
661 1889 837 1923 autem:
886 1883 1043 1924 “Vitio
1085 1882 1417 1933 contentionis,'’
1455 1883 1607 1936 inquit,
1647 1886 1727 1923 “et

256 1955 432 1995 invidiae
451 1956 596 2009 jurgia
619 1958 871 1998 nutriuntur
892 1958 1006 1998 inter
1026 1958 1240 2007 homines,
1265 1958 1423 2011 quibus
1453 1957 1727 1998 consumitur

255 2030 443 2071 societas
465 2037 509 2071 et
529 2031 646 2071 vita:
679 2032 722 2072 id
746 2033 864 2085 quod
889 2046 967 2073 usu
991 2039 1125 2086 atque
1147 2033 1455 2086 experimento
1472 2031 1566 2085 jam
1589 2038 1726 2085 patet.

256 2104 402 2145 Nemo
434 2105 551 2145 enim
585 2105 772 2147 libenter
803 2107 896 2160 agit
928 2121 1028 2147 cum
1061 2108 1112 2147 iis
1144 2108 1218 2160 qui
1249 2107 1304 2147 ad
1331 2106 1725 2148 contradicendum

255 2179 449 2232 prompti
472 2186 576 2220 sunt
593 2195 603 2231 ;
635 2182 712 2221 sed
736 2181 817 2221 hos
834 2195 989 2222 omnes
1006 2182 1284 2223 detestantur
1306 2188 1349 2222 et
1370 2181 1554 2234 fugiunt,
1573 2186 1727 2220 contra

253 2267 358 2294 vero
379 2254 453 2307 qui
476 2255 649 2304 cedunt,
673 2262 880 2296 amantur
902 2256 1099 2310 ubique.”
1162 2257 1222 2297 Et
1244 2257 1301 2297 ab
1323 2255 1507 2296 Aristot.
1533 2266 1568 2294 2.
1594 2253 1724 2295 Rhet.

255 2327 368 2368 inter
404 2342 479 2369 eos
521 2329 595 2382 qui
633 2336 849 2379 amantur,
888 2336 1175 2371 numerantur
1212 2331 1239 2370 ii
1278 2330 1351 2383 qui
1389 2329 1723 2370 contentionum

255 2402 437 2443 minime
478 2410 580 2444 sunt
622 2405 819 2455 studiosi,
862 2419 941 2445 nec
989 2406 1239 2458 pervicaces
1281 2418 1332 2445 ac
1373 2404 1497 2444 duri:
1557 2407 1635 2440 Καὶ
1673 2404 1727 2450 μὴ

256 2477 443 2529 φιλόνεικοι
463 2479 555 2525 μὴδὲ
579 2480 760 2527 δυσέριδες.
807 2478 880 2520 Sic
902 2480 1020 2533 apud
1043 2479 1198 2520 Teren.
1225 2479 1360 2520 Simo.
1394 2477 1543 2519 Facile
1571 2490 1727 2518 omnes

253 2552 444 2605 perferre
476 2567 527 2593 ac
563 2554 655 2607 pati
690 2567 791 2594 cum
826 2554 985 2607 quibus
1018 2561 1121 2605 erat,
1155 2567 1345 2607 cumque
1382 2554 1434 2593 iis
1468 2567 1515 2593 se
1549 2551 1723 2602 dedere,

253 2639 405 2668 eorum
428 2628 611 2682 obsequi
635 2629 802 2677 studiis,
826 2629 1036 2669 adversus
1058 2629 1233 2669 nemini.

342 2699 541 2754 Quarto:
586 2700 704 2755 Quia
740 2703 915 2755 signum
953 2708 1021 2744 est
1056 2702 1380 2751 ostentationis,
1420 2708 1497 2742 aut
1533 2699 1726 2741 hominis

254 2773 440 2818 nimium
471 2776 538 2818 sui
566 2775 687 2830 juris,
712 2790 893 2830 suaeque
924 2777 1166 2827 sententiae,
1198 2783 1275 2818 aut
1307 2775 1400 2830 ejus
1433 2776 1506 2830 qui
1541 2779 1725 2816 caeteros

891 2865 918 2910 ¹,
929 2866 1014 2900 Coll.
1039 2867 1087 2900 16.
