1903 3197
688 200 766 246 De
803 199 1048 247 castitate.
1499 215 1524 260 3
1538 216 1553 246 1
1572 216 1590 247 1

122 334 364 375 -didissima
406 333 582 385 quidem
626 332 724 372 coeli
776 338 893 372 astra
944 332 1049 372 satis
1101 332 1188 372 sint
1240 332 1414 373 munda,
1491 332 1601 373 Vult

139 408 269 460 igitur
298 421 323 447 a
351 407 468 459 puris
502 407 544 445 in
573 412 686 446 terra
713 405 948 453 mentibus,
977 405 1089 444 sicut
1118 406 1173 444 ab
1206 405 1373 456 angelis
1403 406 1447 445 in
1474 406 1600 456 coelo,

138 480 232 530 coli,
268 481 341 533 qui
379 486 479 519 sunt
521 479 576 519 ab
613 479 733 519 omni
776 479 970 530 corporis
1006 478 1284 518 concretione
1321 479 1518 531 sejuncti,
1554 486 1602 520 ut

139 554 199 594 ait
243 554 542 605 Hieronymus
583 552 639 592 ad
684 550 985 600 Eustochium,
1022 551 1145 603 cujus
1187 550 1260 590 illa
1303 558 1403 591 sunt
1439 553 1602 592 verba:

139 634 158 645 ⁴⁴
173 627 278 667 Alia
321 624 481 666 fuit‘in
508 625 641 666 veteri
685 625 780 677 lege
817 624 1012 673 felicitas,
1046 625 1089 663 in
1127 638 1214 677 qua
1252 625 1406 664 beatus
1443 625 1602 665 dicitur

138 701 212 753 qui
244 701 377 741 habet
398 713 547 740 semen
578 700 620 738 in
653 699 769 740 Sion.
834 698 995 739 Statim
1026 704 1073 738 ut
1102 698 1238 738 Filius
1268 699 1352 738 Dei
1383 699 1603 751 ingressus

139 781 204 815 est
241 787 370 827 super
400 781 571 821 terram,
605 786 764 813 novam
808 773 888 812 sibi
933 772 1076 825 legem
1115 773 1312 821 instituit,
1348 777 1395 812 ut
1428 773 1503 825 qui
1547 774 1603 813 ab

138 847 304 900 angelis
339 847 604 887 adorabatur
642 848 684 886 in
718 846 851 896 coeliS,
887 846 1068 886 haberet
1103 846 1283 899 angelos
1315 852 1359 887 et
1392 847 1434 886 in
1467 847 1600 887 terris.

139 920 263 961 Sicut
295 926 442 960 autem
476 921 547 972 qui
584 920 787 960 habitant
818 920 861 958 in
893 919 993 959 aula
1025 920 1154 971 regia,
1186 933 1392 972 saepeque
1420 921 1603 961 veniunt

139 994 181 1033 in
224 1000 509 1046 conspectum
562 995 686 1046 regis,
730 994 870 1046 magis
922 994 1102 1033 student
1150 994 1279 1034 nitori
1327 995 1519 1047 corporis
1561 1001 1605 1035 et

139 1067 381 1120 elegantiae‚
419 1081 565 1120 quam·
605 1068 747 1107 caeteri
796 1067 869 1119 qui
922 1080 1016 1107 raro
1054 1066 1204 1107 vident
1248 1068 1388 1119 regios
1426 1068 1603 1117 vultus;

140 1142 200 1181 ita
223 1147 269 1181 ut
292 1142 365 1193 qui
398 1141 440 1180 in
476 1140 707 1192 Religione
729 1147 957 1192 tamquam
988 1141 1030 1179 in
1061 1141 1194 1180 domo
1227 1140 1322 1189 Dei,
1348 1141 1389 1180 in
1421 1141 1604 1193 ejusque

140 1214 259 1254 atriis
311 1213 484 1253 assidue
525 1220 763 1262 versantur,
807 1215 1013 1254 studeant
1064 1228 1154 1266 prae
1208 1214 1375 1254 caeteris
1427 1227 1603 1254 necesse

138 1293 204 1328 est
234 1288 392 1327 mentis
422 1288 702 1340 corporisque
732 1289 919 1327 candori.
986 1289 1037 1327 Id
1070 1288 1188 1340 quod
1223 1289 1355 1327 etiam
1390 1288 1604 1328 barbaros

138 1361 324 1413 legimus
352 1361 593 1413 agnovisse,
617 1367 665 1400 ut
687 1362 741 1400 de
771 1361 1070 1400 sacerdotibus
1093 1361 1319 1413 AEgyptiis
1348 1375 1405 1400 ex
1431 1361 1604 1402 Cherae-

138 1447 268 1474 mone
306 1434 456 1475 Stoico
497 1434 796 1487 Hieronymus
830 1434 985 1474 refert:
1031 1435 1101 1486 qui
1142 1448 1366 1486 nunquam
1398 1448 1443 1474 se
1479 1436 1604 1474 muli-

140 1509 282 1549 eribus
334 1508 647 1561 permiscuisse,
693 1521 919 1559 nunquam
964 1513 1176 1560 cognatos
1228 1515 1272 1548 et
1323 1509 1605 1560 propinquos,

138 1597 188 1623 ac
229 1596 285 1622 ne
326 1582 483 1622 liberos
526 1582 717 1634 quidem,
754 1596 811 1621 ex
855 1596 942 1634 quo
985 1582 1222 1634 coepissent
1270 1582 1418 1621 divino
1469 1582 1604 1622 cultui

140 1657 364 1704 deservire,
399 1656 626 1708 aspexisse
658 1656 871 1697 dicuntur.
938 1657 1009 1696 Ex
1048 1662 1171 1708 parte
1204 1670 1305 1696 vcro
1339 1663 1498 1706 nostra,
1530 1658 1604 1709 qui

140 1731 249 1771 servi
272 1730 510 1781 famulique
532 1744 693 1776 sumus
719 1730 817 1770 ideo
845 1731 1088 1770 necessaria
1112 1736 1177 1770 est
1200 1730 1342 1770 omnis
1373 1732 1414 1769 in
1439 1731 1605 1771 tuenda

140 1805 342 1844 castitate
371 1803 590 1856 perfectio.
655 1804 771 1854 Quia
803 1804 863 1842 sic
896 1804 1134 1855 paratiores
1165 1817 1316 1843 sumus
1341 1805 1397 1843 ad
1430 1804 1603 1843 Divina„=

141 1878 291 1931 gratiae
334 1876 606 1929 recipiendos
648 1876 854 1924 influxus,
888 1890 990 1916 nam
1029 1878 1140 1916 sicut
1179 1879 1220 1916 in
1258 1870 1451 1917 animam
1484 1879 1604 1917 coin-

140 1952 366 2004 quinatam
409 1964 496 1989 non
535 1950 732 1989 introibit
769 1951 993 2002 sapientia,
1033 1951 1092 1989 sic
1136 1951 1176 1989 in
1216 1952 1409 1990 animam
1447 1965 1602 2003 puram

140 2030 272 2076 atque
314 2023 524 2063 mundam
564 2023 706 2062 omnis
748 2024 976 2074 sapientiae
1017 2023 1258 2071 thesaurus,
1294 2031 1521 2075 tamquam
1561 2026 1604 2064 in

140 2111 216 2138 vas
245 2097 534 2149 purissimum,
561 2096 823 2137 infundetur.
880 2097 938 2136 Et
968 2104 1014 2137 ut
1041 2097 1278 2149 speculum,
1303 2111 1390 2150 quo
1418 2098 1603 2138 lucidius

141 2177 185 2211 et
222 2171 402 2210 nitidius
444 2176 520 2219 est,
563 2183 614 2209 eo
657 2170 797 2221 magis
839 2170 1049 2222 exprimit
1090 2184 1141 2210 ac
1183 2171 1326 2210 reddit
1375 2171 1602 2211 hominum

140 2243 285 2283 vultus
308 2243 557 2295 formasque
580 2256 743 2292 omneS,
767 2257 865 2295 quae
890 2257 913 2283 e
936 2244 1112 2295 regione
1135 2243 1360 2284 collocatae
1384 2251 1510 2294 sunt;
1545 2245 1605 2285 ita

141 2323 185 2358 et
225 2330 350 2357 mens
402 2323 560 2366 nostra,
596 2330 683 2368 quo
725 2317 903 2356 nitidior
953 2318 1187 2370 puriorque
1229 2317 1358 2358 fuerit
1401 2320 1605 2359 castitate

141 2390 336 2439 colenda,
360 2404 411 2430 eo
442 2390 609 2430 facilius
639 2404 689 2431 ac
722 2390 876 2430 melius
910 2391 993 2430 Dei
1027 2391 1204 2431 notitias
1239 2406 1480 2444 omnesque
1510 2392 1604 2444 ejus

141 2463 334 2503 influxus
377 2464 584 2513 admittit,
619 2465 731 2504 sicut
772 2471 925 2504 contra
966 2465 1203 2517 Gregorius
1245 2466 1335 2505 ait:
1375 2466 1605 2518 “Quando

143 2550 266 2576 mens
297 2536 487 2577 hominis
517 2538 678 2578 carnali
708 2538 1000 2578 delectatione
1030 2539 1299 2591 deprimitur,
1329 2540 1421 2592 ejus
1454 2541 1605 2593 utique

142 2610 259 2650 visus
301 2612 560 2652 obtunditur
605 2617 653 2651 ut
693 2612 934 2664 spiritualia
976 2613 1091 2652 bona
1134 2614 1333 2665 ignorare
1375 2620 1602 2654 mereatur.

144 2683 251 2724 Ideo
286 2686 394 2725 servi
432 2686 527 2734 Dei,
555 2687 627 2738 qui
662 2685 876 2738 religiosae
919 2686 1161 2739 disciplinae
1204 2701 1250 2727 se
1292 2689 1482 2735 tradunt,
1514 2701 1601 2727 non

143 2758 281 2810 ignari
320 2771 452 2810 quam
496 2760 739 2799 necessaria
782 2760 836 2800 sit
878 2761 920 2799 in
963 2761 1111 2800 divino
1153 2760 1367 2800 famulatu
1410 2760 1604 2813 perfecta

143 2833 303 2872 mentis
336 2833 617 2885 corporisque
652 2834 899 2882 mundities,
931 2835 1166 2887 sponsione
1195 2835 1283 2874 voti
1321 2847 1367 2873 se
1403 2834 1605 2887 obligant

142 2911 190 2946 ut
212 2906 517 2946 castimoniam
542 2913 753 2960 perpetuo
776 2907 932 2947 colant.
