1903 3197
233 163 296 220 48
703 156 781 202 De
816 153 1064 202 societatis
1097 153 1152 199 F
1148 154 1232 200 ine.

235 292 484 347 “populum
508 290 671 330 docens
693 303 771 342 per
793 288 1039 328 universam
1061 286 1278 339 Judaeam,
1297 285 1508 338 incipiens
1530 298 1556 324 a
1580 283 1700 325 Gali-

234 368 318 407 laea
339 379 478 418 usque
499 362 642 405 huc.’'1
675 362 722 404 Si
746 363 878 415 igitur
899 362 993 401 dux
1016 366 1174 409 noster,
1194 360 1317 412 cujus
1341 372 1422 399 nos
1444 363 1620 411 oportet
1641 372 1698 399 ex

239 440 451 481 Instituto
474 438 672 478 insistere
704 442 837 488 atque
865 435 1029 475 haerere
1057 434 1264 486 vestigiis,
1289 433 1460 472 diversa
1489 431 1585 472 loca
1606 432 1698 472 ani-

237 527 408 554 marum
443 525 574 552 causa
607 509 867 563 peragravit,
892 508 1133 548 vocationis
1168 512 1212 546 et
1246 505 1534 546 institutionis
1561 505 1697 546 nostri

237 588 328 638 erit,
360 598 578 638 nusquam
607 584 757 624 sedem
791 581 993 622 stabilem
1023 588 1066 621 et
1095 581 1233 621 fixam
1265 580 1437 627 habere,
1470 580 1546 619 sed
1575 580 1696 620 varia

235 662 332 702 loca
349 672 592 714 peragrare,
611 658 684 697 ubi
704 656 844 709 major
860 670 960 708 spes
978 655 1129 695 alienae
1147 655 1300 694 salutis
1318 654 1540 694 affulserit.
1575 654 1693 694 Nam

237 736 311 788 qui
334 735 389 775 de
414 733 575 774 Christi
606 737 723 772 coetu
754 745 804 770 ac
835 730 1058 771 Societate
1087 729 1272 777 suerunt,
1297 730 1324 768 ii
1355 727 1514 768 relictis
1543 728 1694 781 patriis

236 809 415 850 sedibus
447 813 580 859 atque
608 805 803 853 fortunis,
826 810 970 844 totum
993 809 1204 843 terrarum
1237 803 1387 842 orbem
1420 816 1499 855 pro
1532 803 1699 842 anima-

236 896 331 922 rum
369 880 511 921 salute
544 883 856 932 peragrarunt;
886 877 1045 929 quibus
1083 877 1175 929 ipse
1217 876 1357 915 dixit:
1397 875 1608 915 “Euntcs
1651 874 1695 914 in

236 954 452 996 mundum
490 953 751 1000 universum,
794 951 1031 1004 praedicate
1075 949 1368 1002 Evangelium
1411 950 1531 988 omni
1581 962 1698 988 crea-

235 1027 405 1070 ῒ111·66.”2
487 1027 556 1076 Et,
599 1032 648 1065 ut
690 1025 1033 1076 Chrysostomus
1086 1024 1174 1063 ait:
1220 1022 1483 1062 “Manendo
1546 1029 1696 1074 posset

237 1102 438 1143 Christus
476 1100 531 1140 ad
574 1113 620 1139 se
662 1111 814 1138 omnes
851 1096 1080 1144 attrahere,
1119 1102 1167 1136 ut
1204 1096 1298 1148 ejus
1334 1095 1696 1148 praedicationem

236 1176 464 1217 audirent:
498 1187 586 1213 non
609 1178 759 1212 tamen
792 1171 874 1211 hoc
904 1170 1017 1219 fecit,
1040 1170 1242 1223 praebens
1272 1170 1400 1210 nobis
1426 1169 1696 1222 exemplum,

236 1256 285 1290 ut
317 1247 673 1303 perambulemus
705 1252 748 1286 et
770 1245 1040 1298 requiramus
1073 1250 1361 1297 pereuntem;
1404 1245 1516 1284 sicut
1548 1249 1700 1297 pastor

237 1337 365 1365 ovem
388 1322 619 1376 perditam,
643 1326 686 1360 et
709 1320 905 1360 medicus
928 1318 1097 1359 accedit
1118 1319 1175 1359 ad
1198 1317 1484 1358 infirmum.”3

328 1403 385 1445 20,
434 1397 584 1436 Potest
635 1393 820 1446 intelligi
873 1407 929 1433 ex
982 1406 1144 1441 eorum,
1194 1392 1269 1444 qui
1321 1393 1376 1432 ad
1431 1391 1700 1433 Societatem

237 1476 546 1525 aggregantur,
609 1467 781 1508 delectu
845 1472 977 1519 atque
1045 1466 1329 1515 institutione,
1394 1479 1496 1506 nam
1565 1471 1609 1505 ct
1675 1466 1703 1505 ii

238 1544 503 1598 deliguntur,
542 1542 616 1594 qui
659 1541 804 1581 idonei
842 1540 1081 1593 aliquando
1122 1539 1189 1579 his
1231 1539 1577 1592 profectionibus
1614 1539 1703 1580 sint

237 1618 382 1667 futuri,
418 1623 462 1657 et
491 1616 585 1669 jam
614 1615 774 1655 delecti
812 1614 1081 1667 quotidianis
1115 1613 1172 1653 ad
1210 1614 1253 1653 id
1296 1613 1440 1666 ipsum
1479 1613 1702 1653 literarum

238 1698 283 1733 et
324 1692 537 1732 virtutum
580 1688 972 1729 exercitationibus
1023 1687 1322 1727 instituuntur.
1405 1687 1510 1726 Tria
1551 1692 1701 1726 autem

238 1767 282 1806 in
324 1765 391 1805 his
432 1763 685 1804 hominibus
729 1762 1079 1803 Constitutiones
1111 1766 1273 1800 nostrae
1311 1760 1567 1812 requirunt3
1620 1760 1706 1812 pri-

238 1853 373 1888 mum,
397 1837 664 1890 singularem
697 1836 937 1888 quamdam
970 1816 1280 1883 obedientiam,
1305 1833 1446 1885 qualis
1475 1833 1519 1872 in
1551 1833 1704 1873 castris

238 1920 374 1966 atque
407 1912 450 1951 in
474 1910 704 1963 disciplina
727 1909 903 1949 militari
927 1908 1047 1961 exigi
1071 1907 1193 1957 solet,
1218 1913 1266 1947 ut
1289 1913 1398 1947 nutu
1428 1906 1705 1959 imperatoris

240 1987 296 2028 ad
339 1998 517 2026 omnem
560 1983 892 2036 expeditionem
936 1987 1165 2021 moveatur
1206 1982 1455 2020 exercitus:
1498 1993 1599 2019 nam
1648 1978 1705 2019 ad

242 2059 577 2101 similitudinem
596 2057 795 2096 militaris
813 2055 1003 2095 cohortis
1026 2055 1082 2094 ab
1104 2054 1282 2094 homine
1305 2053 1481 2093 militari
1505 2052 1707 2092 instituta

243 2133 441 2174 Societas
478 2136 556 2178 est,
592 2135 641 2169 ut
683 2135 726 2169 et
767 2130 862 2181 ipsa
900 2127 1056 2176 italica,
1096 2133 1140 2167 et
1177 2127 1362 2179 hispana
1395 2140 1485 2166 vox
1524 2125 1703 2174 indicat,

241 2206 309 2246 cui
346 2204 480 2245 latine
510 2203 665 2243 melius
692 2202 848 2242 cohors
870 2201 1052 2242 forsitan
1082 2201 1376 2253 responderet.
1441 2199 1707 2240 Obedientia

242 2293 346 2332 ergo
384 2277 584 2318 militaris
620 2283 754 2329 atque
791 2276 1037 2323 castrensiS,
1073 2274 1156 2314 hoc
1195 2280 1270 2323 est,
1306 2273 1502 2327 perfecta
1533 2287 1583 2313 ac
1619 2273 1706 2313 sin-

241 2352 417 2406 gularis,
441 2352 497 2392 ab
530 2351 581 2390 iis
604 2351 678 2403 qui
710 2349 766 2390 ad
799 2349 1046 2389 animarum
1080 2348 1199 2388 lucra
1231 2347 1477 2395 mittuntur,
1501 2346 1704 2398 exigitur,

242 2432 286 2466 et
308 2425 364 2466 ad
396 2425 509 2465 hanc
532 2425 808 2464 continenter
837 2429 1107 2471 exercentur,
1131 2422 1234 2474 quia
1266 2428 1314 2461 ut
1346 2421 1388 2460 in
1421 2425 1550 2460 sexta
1581 2424 1706 2471 parte

242 2498 431 2548 dicium-‚4
455 2498 634 2550 “parati
658 2511 753 2537 esse
785 2497 947 2537 debent
980 2497 1035 2536 ad
1069 2494 1400 2535 discurrendum
1429 2506 1508 2546 per
1529 2492 1708 2544 quasvis

242 2572 393 2613 mundi
426 2577 585 2624 partes,
619 2585 708 2622 quo
740 2570 899 2610 fuerint
931 2584 957 2609 a
988 2569 1175 2609 Summo
1206 2566 1429 2615 Pontifice,
1460 2565 1527 2606 vel
1561 2580 1586 2605 a
1617 2565 1706 2605 suis

245 2645 551 2699 Superioribus
604 2642 760 2684 missi.''
824 2644 884 2683 Et
926 2643 1025 2683 ideo
1073 2643 1115 2681 in
1158 2647 1315 2682 octava
1361 2641 1421 2680 sic
1465 2640 1709 2680 admonent

245 2719 616 2762 Constitutiones:
641 2717 759 2770 “Qui
779 2717 893 2757 foras
911 2717 967 2756 ad
985 2716 1276 2756 laborandum
1300 2715 1343 2754 in
1362 2728 1467 2767 agro
1486 2713 1707 2754 dominico

245 2808 301 2835 ex
335 2793 540 2834 domibus
578 2792 822 2840 mittuntur,
855 2789 1002 2843 quoad
1035 2789 1128 2842 ejus
1160 2788 1251 2829 ficri
1283 2794 1443 2841 potest,
1476 2788 1519 2827 in
1553 2787 1708 2828 eadem

332 2882 339 2900 ¹
367 2884 448 2915 Luc.
469 2890 519 2923 23.
623 2879 636 2899 2
661 2881 763 2912 Marc.
787 2879 834 2911 16.
937 2877 951 2897 3
975 2879 1142 2920 Chrysost.
1168 2878 1200 2909 in
1225 2877 1267 2909 id.
1289 2886 1315 2909 1.
1408 2876 1422 2896 4
1446 2877 1483 2909 C.
1502 2884 1531 2916 3.
1554 2877 1568 2915 ἓ
1592 2882 1619 2916 5.
