1903 3197
272 195 308 239 ‹6
315 194 376 253 38
610 192 691 238 De
722 191 913 238 ratione
947 192 1141 239 vivendi
1174 192 1438 240 Societatz‘s.

273 327 536 380 quempiam
573 332 734 379 praeter
767 327 1075 368 necessitatem
1106 326 1161 367 ad
1200 327 1439 380 cingulum,
1466 327 1536 368 vel
1573 341 1755 370 manum

279 401 471 442 trahunt.
536 399 669 454 Quod
699 402 817 442 idern
849 402 889 443 S.
916 402 1086 442 Doctor
1113 415 1177 451 eo,
1202 415 1334 455 quem
1358 402 1465 451 dixi,
1489 401 1588 443 loco
1614 417 1758 456 repre-

276 476 447 526 hendit,
480 475 605 528 cujus
636 475 745 516 haec
778 476 868 517 fere
898 476 1033 517 verba
1065 483 1179 517 sunt.

371 551 432 591 Et
464 551 728 599 Dorotheus,
761 550 849 592 Ser.
878 563 915 602 4.
947 551 1061 592 hanc
1093 552 1274 592 nimiam
1307 551 1530 592 licentiam
1563 552 1662 593 oriri
1696 567 1755 593 ex

281 640 335 667 eo
367 627 484 676 dicit,
521 626 640 679 quod
677 627 827 666 anima
859 627 1063 667 timorem
1096 627 1181 667 Dei
1215 641 1304 667 non
1341 626 1565 680 possidet:
1599 627 1756 677 “Est,''

275 702 434 754 inquit,
459 701 722 754 “parrhesia,
742 715 842 742 cum
865 707 1025 754 praeter
1046 702 1353 742 necessitatem
1377 701 1512 742 alium
1535 707 1756 756 attrectat,

282 789 528 829 manusque
556 790 657 816 suas
684 776 863 828 jocandi
897 776 1155 829 ridendique
1186 776 1333 817 studio
1356 777 1399 817 in
1422 777 1589 817 socium
1623 776 1755 829 injec-

278 856 358 900 tat,
409 864 509 891 cum
556 850 743 903 impellit
794 850 986 903 aliquem
1031 856 1108 890 aut
1159 851 1397 903 protrudit;
1453 865 1553 905 quae
1607 851 1756 892 omnia

283 925 385 966 inde
427 926 701 978 proveniunt,
745 925 864 977 quod
907 925 1110 965 timorem
1155 925 1240 966 Dei
1286 926 1434 967 anima
1475 933 1624 968 nostra
1666 941 1754 968 non

281 998 517 1053 possidet.‘’

370 1073 442 1113 Ac
475 1079 709 1126 propterea
737 1080 858 1113 vetat
887 1073 1038 1127 regula
1072 1079 1222 1114 nostra
1255 1087 1309 1114 ne
1338 1074 1435 1126 quis
1468 1073 1655 1115 alterum
1685 1075 1756 1116 vel

270 1147 379 1201 joco
416 1153 584 1200 tangat,
615 1147 845 1188 modestiae
882 1148 1059 1188 tuendae
1097 1162 1239 1188 causa.
1314 1148 1397 1189 Est
1433 1149 1567 1189 etiam
1604 1149 1755 1203 regula

281 1222 488 1271 Pacomii,
511 1236 540 1261 s.
568 1233 612 1273 3:
636 1222 860 1262 “Manum
894 1222 1072 1262 alterius
1105 1236 1235 1263 nemo
1267 1222 1453 1264 teneat.'’

369 1296 530 1349 Quoad
564 1296 819 1336 secundum.
895 1296 1099 1349 Quatuor
1141 1298 1337 1337 maxime
1379 1298 1652 1352 temporibus
1690 1312 1754 1340 re-

274 1372 438 1425 gendae
470 1377 573 1411 sunt
605 1384 774 1419 manus,
805 1385 859 1411 ne
892 1372 1101 1411 decorum
1133 1371 1310 1412 violent.

374 1452 438 1486 1¹³2.
466 1446 518 1485 In
548 1446 729 1486 incessu.
756 1445 871 1486 Sunt
894 1447 1010 1486 enim
1034 1447 1168 1500 aliqui
1195 1461 1296 1487 cum
1326 1447 1495 1500 ingredi
1527 1448 1754 1501 coeperint,

282 1535 439 1562 manus
486 1520 673 1560 subinde
719 1522 1006 1571 concutiant;
1059 1527 1104 1561 et
1144 1527 1358 1574 tanquam
1400 1535 1550 1563 semen
1594 1528 1752 1572 serant,

280 1596 450 1649 agitent
482 1594 687 1644 brachia3
720 1596 840 1647 quod
872 1596 1027 1635 vitium
1061 1596 1195 1636 etiam
1227 1610 1253 1636 a
1285 1596 1474 1649 politicis
1506 1597 1707 1649 carpitur.

368 1670 506 1710 Isaias
529 1669 697 1718 Abbas,
723 1669 795 1710 Or.
823 1681 856 1720 3.
881 1670 936 1710 ad
972 1670 1146 1710 Fratres
1173 1670 1345 1722 junior:
1376 1670 1528 1712 “Cum
1551 1672 1751 1712 ambulat

270 1745 434 1798 junior,
474 1744 729 1805 manus—ad
773 1758 930 1784 zonam
975 1745 1086 1784 inter
1126 1758 1172 1784 se
1209 1744 1465 1797 conjunctas
1502 1752 1752 1799 componat,

279 1834 422 1873 neque
455 1818 550 1858 illas
583 1818 815 1867 concutiat,
846 1825 893 1858 ut
925 1818 1070 1859 solent
1100 1818 1302 1859 homines
1334 1819 1586 1860 seculares.”

367 1894 427 1934 Et
462 1893 783 1942 Bonaventura,
817 1893 887 1932 De
927 1892 1056 1933 Insor.
1090 1907 1186 1933 nov.
1217 1907 1250 1933 c.
1287 1905 1362 1946 19:
1396 1894 1528 1935 “Nec
1564 1894 1752 1935 brachiis

276 1967 473 2014 ventiles,
503 1980 583 2006 nec
618 1966 744 2006 aliter
778 1980 899 2007 more
934 1967 1194 2007 secularium
1229 1968 1521 2021 incomposito
1555 1970 1751 2022 ingressu

277 2042 493 2083 incedas.''
557 2042 616 2081 Et
648 2042 691 2081 in
727 2041 852 2095 Spec.
878 2042 995 2083 Disc.
1020 2056 1058 2095 p.
1086 2054 1120 2093 3.
1152 2057 1184 2082 c.
1209 2042 1246 2083 6.
1278 2043 1558 2096 reprehendit
1580 2057 1655 2084 eos
1677 2044 1752 2097 qui

276 2117 574 2170 pendentibus
612 2117 816 2156 manibus
854 2117 1170 2169 ingrediuntur,
1201 2123 1245 2157 et
1280 2131 1369 2170 par.
1399 2130 1435 2168 4.
1467 2131 1499 2158 c.
1533 2129 1568 2158 2,
1600 2124 1752 2159 monet

279 2205 491 2232 manuum
522 2191 832 2232 dissolutiones
865 2193 978 2231 inter
1010 2191 1257 2232 faciendum
1288 2192 1370 2232 iter
1401 2206 1495 2232 esse
1522 2193 1752 2233 vitandas:

278 2265 678 2314 “Dissolutiones,'’
713 2266 865 2318 inquit,
897 2270 1025 2306 “tam
1065 2266 1302 2316 manuales,
1333 2280 1466 2320 quam
1505 2266 1611 2307 alias
1648 2280 1748 2319 quae

277 2340 542 2388 cursitando,
586 2340 655 2379 vel
703 2339 829 2379 aliter
870 2340 1205 2392 quomodolibet
1248 2340 1339 2380 fieri
1383 2340 1535 2390 solent,
1574 2341 1750 2394 penitus

274 2414 454 2455 vitent.’'

366 2496 435 2529 2¹¹¹.
471 2490 523 2528 In
560 2489 858 2537 accubatione,
896 2496 939 2529 et
973 2489 1175 2530 sessione.
1239 2489 1308 2529 Ne
1342 2490 1454 2529 inter
1485 2491 1747 2531 accumben-

277 2564 383 2604 dum
429 2564 563 2603 cubiti
606 2577 736 2615 supra
779 2576 975 2603 mensam
1026 2564 1314 2616 porrigantur,
1357 2571 1432 2604 aut
1473 2565 1621 2617 aliquo
1661 2565 1749 2607 alio

276 2652 488 2678 manuum
531 2644 659 2691 gestu
698 2638 803 2677 dum
845 2638 991 2677 cibum
1034 2639 1248 2678 sumimus
1292 2639 1528 2691 ineleganti
1571 2645 1746 2681 utamur

275 2719 411 2765 atque
443 2713 638 2754 deformi.
686 2711 832 2764 Quare
855 2719 898 2752 et
923 2713 1057 2753 Clem.
1082 2713 1430 2762 Alexandrinus,
1461 2714 1485 2754 l.
1510 2725 1544 2755 2.
1571 2714 1746 2768 Paedag.

276 2801 308 2827 c.
339 2799 370 2827 1.
395 2788 595 2840 praecipit
618 2788 660 2826 in
690 2800 842 2826 mensa
870 2787 926 2826 ab
956 2788 1075 2827 omni
1106 2787 1260 2838 servili,
1285 2795 1327 2828 ct
1349 2788 1545 2829 illiberali
1575 2789 1748 2829 actione

276 2862 609 2902 abstinendum:
633 2875 730 2914 quac
749 2869 1032 2914 apponuntur
1050 2862 1233 2903 honeste
1253 2864 1488 2916 tangendo,
1505 2869 1547 2904 et
1565 2875 1745 2906 manum

268 2942 319 2977 -et
352 2937 537 2977 barbam
572 2936 786 2976 servando
819 2936 1107 2989 impollutam.
