1903 3197
661 188 741 234 De
777 188 1022 235 castitate.
1480 202 1505 246 3
1516 201 1539 245 3
1552 201 1568 231 1

201 321 257 361 60.
295 321 408 361 Item
423 334 508 370 eos,
526 319 600 372 qui
624 331 850 371 nunquam
871 318 985 359 hanc
1007 319 1278 359 mortiferam
1300 317 1573 370 voluptatem

112 392 412 446 degustarunt,
437 394 686 446 importune
707 391 916 432 sollicitat
937 398 985 432 ut
1014 391 1252 432 dumtaxat
1278 391 1577 444 experiantur,

112 479 166 507 ac
197 467 426 518 desinant3
468 467 543 519 qui
571 479 674 506 vero
705 465 799 517 jam
831 465 1132 517 degustarunt,
1164 478 1239 504 eos
1275 478 1333 503 ex
1366 463 1578 503 memoria

113 541 348 593 praeteritae
378 539 631 588 dulcedinis,
654 544 703 579 ut
733 539 890 578 iterum
920 543 1158 591 regustent,
1179 537 1387 577 hortatur.
1442 535 1575 588 Quod

113 613 231 653 idem
274 613 522 654 observavit
560 611 780 665 Ephraem‚
813 612 858 651 in
894 610 1203 652 Controversia
1239 610 1295 650 de
1325 610 1576 662 virginitate

114 693 159 727 et
187 687 475 727 continentia:
499 685 787 725 “Praestiterit
816 683 1030 734 daemon,'’
1053 685 1124 734 ait,
1144 682 1315 724 “semel
1347 682 1577 736 cupiditati

113 759 386 808 satisfecisse,
411 765 455 799 et
486 771 594 799 mox
626 756 894 811 resipuisse.'’
1046 809 1050 813 .

199 839 257 884 70.
292 832 422 885 Saepe
453 833 585 872 etiam
618 832 835 872 daemonis
867 845 996 872 suasu
1034 831 1094 880 fit,
1123 837 1171 871 ut
1202 837 1414 883 tanquam
1451 828 1578 882 pudi-

111 905 225 946 citiae
266 906 510 959 patrocinio
547 911 762 959 suscepto,
799 906 843 945 in
880 919 955 946 eos
987 904 1292 946 vehementius
1334 902 1579 944 excandes-

113 1054 254 1106 turpis
275 1054 368 1094 vitii
392 1053 728 1107 reprehensione
750 1054 970 1094 obscoenis
1001 1067 1052 1094 ac
1084 1053 1282 1094 delicatis
1311 1051 1579 1104 imaginibus

115 1126 397 1167 oblectemur.

203 1201 260 1240 80.
296 1201 524 1240 Interdum
554 1200 688 1240 etiam
719 1200 780 1250 fit,
803 1206 851 1241 ut
873 1200 928 1240 de
958 1199 1026 1240 his
1055 1200 1185 1240 rebus
1211 1213 1310 1252 quae
1343 1199 1399 1239 ad
1433 1198 1581 1238 matri-

113 1273 324 1321 monium,
369 1286 557 1325 quaeque
597 1273 653 1313 ad
694 1272 935 1313 humanam
981 1274 1311 1327 generationem
1357 1272 1582 1326 pertinent

112 1345 390 1398 disputantes
424 1351 638 1398 tanquam
674 1360 752 1399 per
783 1347 1054 1387 necessitatis
1086 1347 1320 1395 licentiam,
1355 1347 1399 1385 in
1432 1345 1583 1397 hujus-

112 1419 234 1459 modi
281 1420 550 1472 cogitatione
596 1420 891 1470 immoremur,
936 1420 1052 1461 unde
1094 1421 1249 1461 veneni
1303 1419 1580 1460 dulcedinem

113 1492 338 1546 quandam
373 1493 549 1533 incauta
579 1506 703 1533 mens
736 1492 919 1534 hauriat.
983 1494 1047 1534 Ut
1078 1494 1195 1534 enirn
1231 1493 1459 1533 Diadocus
1491 1492 1580 1532 ait:

113 1566 348 1607 “Necesse
413 1567 548 1607 habet
609 1580 734 1607 mens
795 1574 946 1608 nostra
1006 1573 1056 1608 ut
1117 1567 1274 1608 eodem
1342 1571 1582 1614 momento,

114 1641 317 1693 quamvis
351 1640 517 1691 nolens,
548 1639 736 1681 honesta
768 1647 812 1681 et
845 1642 991 1694 turpia
1027 1642 1223 1694 cogitata
1257 1640 1378 1690 ferat,
1411 1640 1439 1679 ii
1473 1653 1584 1693 prae-

115 1714 266 1754 sertim
298 1714 373 1766 qui
405 1713 462 1753 ad
494 1713 784 1754 subtilitatem
815 1714 1089 1755 discernendi
1111 1712 1352 1754 veniunt.'’l

201 1793 260 1839 90.
296 1787 465 1828 Suadet
501 1788 634 1828 etiam
672 1788 892 1828 interdum
930 1788 1134 1829 diabolus
1172 1788 1227 1828 de
1265 1787 1370 1840 ipsis
1409 1786 1584 1828 Sanctis

117 1860 353 1914 Scripturis
385 1861 529 1913 legere
560 1861 738 1913 aliquid,
762 1861 830 1901 vel
866 1875 1050 1912 narrare,
1083 1862 1202 1914 quod
1236 1861 1354 1901 idem
1385 1861 1582 1900 animum

118 1935 173 1975 ad
227 1935 515 1988 cogitationes
555 1949 762 1975 venereas
804 1935 1036 1975 transferre
1082 1941 1216 1988 queat
1238 1949 1247 1985 ;
1290 1941 1338 1975 ut
1379 1948 1478 1986 quae
1529 1934 1586 1974 de

117 2008 164 2050 B.
192 2009 395 2050 Susanna
436 2009 479 2048 in
521 2009 718 2061 pomerio
755 2023 801 2049 se
842 2009 1027 2059 lavante,
1060 2015 1104 2049 et
1145 2008 1453 2048 insidiantibus
1490 2006 1585 2059 ejus

116 2082 341 2136 pudicitiae
364 2083 541 2123 senibus
563 2074 777 2136 scriptura
799 2090 912 2133 sunt,
928 2089 973 2123 et
994 2082 1038 2122 id
1060 2096 1198 2135 genus
1230 2082 1315 2122 alia
1337 2081 1584 2134 complura;

117 2170 228 2209 quae,
263 2171 363 2196 cum
396 2171 484 2197 non
517 2157 609 2197 sine
646 2157 794 2197 divino
828 2156 1017 2210 Spiritus
1050 2156 1201 2197 Sancti
1245 2156 1392 2196 afflatu
1425 2155 1586 2208 scripta

116 2230 359 2278 credantur,
391 2244 442 2270 eo
475 2231 642 2270 minore
669 2231 930 2271 verecundia
951 2230 1019 2270 vel
1053 2230 1268 2283 leguntur,
1292 2229 1362 2270 vel
1392 2242 1585 2269 comme-

118 2309 356 2344 morantur.

214 2383 293 2417 10⁰.
330 2377 430 2417 Mos
472 2384 539 2418 est
581 2378 714 2418 etiam
757 2378 934 2418 diabolo
986 2392 1103 2431 saepe
1151 2391 1230 2418 nos
1271 2377 1328 2417 ad
1371 2376 1586 2417 orandum

119 2463 198 2503 pro
228 2452 290 2501 iis,
318 2465 428 2504 quos
451 2465 579 2492 sensu
603 2451 794 2504 quodam
821 2451 1057 2505 diligimus,
1081 2452 1288 2492 excitare.
1321 2451 1587 2503 Vidisseque

122 2522 343 2564 Climacus
377 2539 422 2565 se
459 2531 647 2566 testatur
682 2525 911 2578 quosdam,
947 2526 1053 2565 dum
1093 2539 1150 2565 ex
1193 2526 1340 2565 animo
1383 2538 1462 2578 pro
1499 2524 1588 2564 suis

120 2595 262 2637 charis
285 2611 334 2637 ac
364 2597 536 2639 dilectis
558 2605 741 2649 orarent,
765 2613 823 2640 ex
844 2599 1099 2652 hujusmodi
1123 2599 1335 2639 memoria
1364 2598 1408 2637 in
1438 2597 1589 2650 nequi-

121 2670 195 2710 tiae
247 2671 647 2724 concupiscentiam
708 2672 1019 2726 praecipitatos,
1074 2672 1217 2725 legem
1268 2671 1492 2712 charitatis
1543 2683 1589 2710 se

121 2749 328 2797 putantes
370 2744 560 2797 implere.
636 2745 707 2785 De
741 2759 828 2798 qua
869 2746 1022 2787 fraude
1058 2746 1232 2786 uberius
1269 2745 1403 2785 etiam
1446 2738 1590 2784 Bona-

121 2824 308 2859 ventura
329 2819 384 2859 de
408 2817 632 2859 Puritate.2
684 2820 798 2860 Item
820 2826 922 2873 post
944 2820 1116 2873 lapsum
1140 2819 1332 2871 aliquem
1355 2830 1478 2857 orare
1507 2829 1589 2857 nos

481 2906 494 2926 1
518 2907 618 2940 Diad.
639 2918 666 2940 c.
687 2907 738 2941 88.
911 2907 925 2926 ²
953 2909 1052 2940 Cons.
1076 2916 1103 2940 1.
1123 2918 1150 2940 c.
1175 2916 1223 2948 14.
