1903 3197
260 173 354 229 328
579 173 659 218 De
690 173 881 219 ratione
914 174 1107 220 vivendi
1138 174 1397 221 Socz’etatz's.

255 304 404 344 anima
455 304 536 344 sibi
598 305 762 345 inutilis
823 307 1155 358 quodammodo
1214 308 1425 357 videatur,
1478 308 1724 361 quamlibet

254 377 449 430 alioquin
481 378 568 418 sint
592 379 774 419 virtutes
806 379 899 432 ejus
922 386 965 421 et
987 387 1104 421 recte
1135 380 1287 421 facta.”
1341 381 1387 421 B.
1413 387 1561 421 autem
1595 383 1723 423 Isaac

257 451 421 504 Syrus:
461 452 531 492 De
564 458 822 506 contemptu
858 454 1024 504 mundi,
1055 455 1168 494 inter
1200 455 1468 495 tentationes
1499 469 1598 508 quae
1636 457 1721 496 Dei

254 525 429 565 famulis
457 527 592 566 tacite
620 541 665 566 se
695 527 1010 568 extollentibus
1041 528 1258 577 accidunt,
1282 535 1482 569 numerat
1511 530 1722 570 sensuali-

252 605 392 640 tatem
425 606 600 641 acutam
633 601 889 642 intentionis
924 601 1178 642 fornicandi.

341 674 499 715 Altera
541 675 662 725 ratio,
700 676 804 728 quia
841 676 1038 728 quisquis
1079 675 1227 716 studet
1268 676 1311 716 in
1353 676 1586 717 virtutibus
1628 691 1723 718 esse

253 748 497 801 perfectior,
541 755 584 789 et
635 749 889 801 probandus
935 754 1001 789 est
1047 751 1188 802 magis
1240 763 1339 789 cum
1392 751 1511 790 omni
1562 763 1727 803 genere

252 823 536 876 probationis,
574 829 670 863 tum
708 822 792 862 hoc
826 823 1055 876 praecipue.
1137 823 1289 864 Unum
1331 830 1398 864 est
1434 825 1562 871 enim,
1601 825 1721 877 quod

251 897 369 937 idem
395 898 436 938 S.
455 898 584 936 Pater
607 896 832 936 Diadocus
862 897 1022 946 scribit,
1047 897 1171 937 aliter
1193 911 1307 937 nunc
1329 899 1503 950 probari
1533 899 1721 939 famulos

255 971 338 1011 Dei
362 985 461 1010 cum
484 969 847 1022 tranquillitatem
879 976 922 1010 et
953 983 1108 1021 pacem
1131 970 1303 1010 obtinet
1327 971 1487 1011 Christi
1512 973 1727 1022 Ecclesia,

254 1045 381 1084 aliter
410 1044 619 1085 Ecclesiae
648 1043 867 1083 nascentis
898 1043 1022 1083 initio
1044 1058 1144 1083 cum
1167 1050 1456 1096 tyrannorum
1478 1047 1729 1098 persecutio-

255 1118 476 1158 saeviebat.
540 1117 702 1156 “Tunc
725 1118 841 1157 enim
872 1130 1055 1170 corpora
1086 1117 1386 1167 Sanctorum,’'
1410 1118 1561 1171 inquit,
1587 1123 1722 1159 “cum

254 1198 438 1244 peccato
479 1192 739 1244 pugnabant
788 1191 1050 1241 verberibus,
1093 1197 1137 1231 et
1178 1191 1274 1231 aliis
1315 1193 1443 1232 variis
1495 1194 1735 1234 tormentis.

254 1265 554 1306 tradebantur.
633 1265 762 1305 Nunc
804 1279 906 1304 vero
949 1279 1059 1318 opus
1112 1272 1178 1305 est
1220 1279 1382 1315 eorum,
1428 1268 1502 1319 qui
1545 1273 1725 1315 certant,

255 1353 412 1392 corpus
474 1338 653 1391 quidem
716 1338 1013 1391 frequentium
1075 1339 1343 1389 morborum,
1401 1341 1574 1380 animus
1625 1354 1726 1381 vero

256 1412 471 1452 malarum
515 1413 836 1465 cogitationum
880 1412 1200 1465 periclitatione
1241 1413 1452 1465 probari.”
1515 1414 1575 1453 Et
1617 1414 1726 1454 infra

255 1487 342 1537 ait;
387 1486 536 1526 “hanc
571 1500 671 1525 cum
709 1485 1006 1536 daemoniacis,
1046 1486 1129 1526 hoc
1167 1492 1232 1526 est
1270 1487 1489 1527 obscoenis
1527 1488 1733 1541 cogitati-

257 1560 425 1607 onibus,
449 1573 644 1613 pugnam
666 1560 761 1611 ‘vice
784 1560 963 1599 secundi
987 1560 1187 1612 martyrii
1212 1561 1464 1600 numerari.”
1499 1560 1586 1613 Qui
1610 1562 1727 1601 enim

257 1633 362 1674 olim
395 1647 472 1686 per
506 1640 718 1686 tyrannos
760 1633 923 1673 sanctis
968 1633 1240 1685 Martyribus
1282 1634 1484 1674 dicebat:
1518 1634 1728 1687 “Negate

260 1707 494 1754 Christum,
534 1707 829 1759 concupiscite
871 1706 1001 1759 hujus
1037 1708 1140 1746 vitae
1182 1707 1379 1759 gloriam,
1419 1713 1463 1747 et
1504 1708 1547 1747 id
1590 1722 1729 1760 genus

259 1781 370 1830 alia;
405 1782 593 1821 eundem
623 1794 737 1820 nunc
767 1785 928 1833 praesto
951 1794 1045 1820 esse
1071 1781 1127 1820 ad
1159 1781 1314 1821 eadem
1343 1781 1528 1821 dicenda
1555 1782 1738 1822 famulis⁴

260 1854 380 1895 Dei.”

347 1915 497 1968 Tertia
535 1928 656 1975 ratio,
690 1942 788 1980 quae
824 1941 911 1968 non
950 1929 1011 1968 ita
1048 1928 1189 1968 multo
1227 1934 1330 1968 ante
1362 1934 1482 1968 tacta
1515 1935 1590 1978 est,
1628 1930 1730 1981 quia

262 2003 346 2042 Dei
382 2002 557 2042 famulis
592 2003 842 2042 castitatem
876 2002 1120 2042 colentibus
1158 2003 1347 2055 majores
1379 2003 1554 2043 daemon
1588 2004 1731 2044 tendit

260 2076 451 2124 insidias,
476 2090 574 2128 qua:
598 2076 679 2115 fuit
702 2076 795 2128 ejus
817 2090 990 2129 semper
1019 2077 1190 2116 invidia.
1258 2077 1397 2116 “Non
1428 2077 1544 2117 enim
1575 2078 1731 2130 quaerit

261 2149 461 2190 diabolus
484 2150 685 2189 homines
708 2149 942 2199 infideles,”
966 2156 1014 2190 ut
1037 2150 1093 2190 ad
1118 2150 1407 2190 Eustochium
1429 2151 1739 2203 Hieronymus

261 2223 322 2262 ait
377 2227 503 2262 “non
555 2237 630 2263 eos
682 2224 754 2275 qui
808 2223 911 2262 soris
958 2229 1071 2272 sunt,
1116 2229 1159 2263 et
1211 2237 1396 2275 quorum
1449 2237 1600 2263 carnes
1651 2237 1730 2264 rex

261 2295 474 2347 Assyrius
527 2296 569 2335 in
617 2296 705 2336 olla
751 2297 990 2346 succendit,
1032 2296 1087 2336 de
1140 2296 1321 2336 ecclesia
1366 2296 1527 2337 Christi
1579 2310 1730 2350 rapere

260 2370 449 2410 festinat.
513 2369 686 2410 “Cibus
709 2369 801 2421 ejus
817 2369 835 2384 ’'
860 2370 1102 2410 secundum
1140 2370 1353 2410 Habacuc
1378 2370 1576 2411 “electus
1599 2370 1700 2411 est.'’
1716 2370 1731 2393 1

263 2444 482 2495 Loquitur
514 2449 663 2483 autem
705 2443 787 2483 hac
829 2444 924 2496 ipsa
959 2444 1014 2483 de
1048 2457 1104 2493 re,
1143 2449 1185 2483 et
1222 2443 1359 2484 infra:
1393 2445 1556 2498 “Piget
1588 2445 1731 2485 dicere

261 2523 369 2569 quot
411 2517 609 2569 quotidie
650 2518 839 2570 virgines
894 2523 1032 2566 ruant,
1086 2523 1274 2569 quantas
1325 2518 1380 2558 de
1431 2532 1511 2558 suo
1561 2519 1731 2571 gremio

261 2596 401 2631 mater
432 2591 588 2644 perdat
611 2591 804 2641 ecclesia,
827 2605 958 2644 super
983 2605 1081 2644 quae
1112 2592 1255 2631 sidera
1285 2591 1486 2632 inimicus
1515 2592 1737 2645 superbus·

258 2671 397 2718 ponat
438 2665 645 2705 thronum
687 2663 880 2705 suum.’'2
941 2664 1177 2717 Exemplis
1209 2665 1411 2706 abstineo
1454 2667 1557 2718 quia
1590 2665 1737 2706 multa

261 2737 424 2791 ubique
446 2743 697 2792 suppetunt.
762 2737 878 2778 Illud
902 2751 959 2778 ex
982 2744 1132 2779 tamen
1155 2738 1271 2779 Vitis
1305 2739 1484 2779 Patrum
1516 2739 1731 2779 indicasse

261 2812 318 2852 sit
348 2813 464 2853 satis.
529 2813 599 2852 De
630 2812 720 2852 filio
746 2811 991 2853 idololatrae
1021 2812 1271 2863 sacerdotis,
1303 2813 1378 2866 qui
1411 2819 1583 2866 patrem
1615 2811 1734 2853 clam

683 2900 695 2920 1
721 2902 811 2934 Hab.
836 2910 862 2933 1.
1065 2900 1079 2920 ²
1104 2902 1210 2943 Epist.
1233 2910 1284 2934 22.
