1903 3197
309 175 399 207 212
629 157 709 202 De
739 154 932 201 ratione
963 153 1157 200 vivendi
1190 150 1450 199 Socz'elatz‘S.
1590 190 1604 212 ,

392 291 540 343 Quare
586 290 621 329 si
668 289 777 329 servi
826 287 911 327 Dei
953 301 1048 327 esse
1085 285 1297 333 volumus,
1338 282 1554 336 quidquid
1604 287 1647 323 et
1688 295 1770 323 nos

305 366 487 419 agimus,
531 365 575 404 id
626 363 709 403 hac
755 363 878 415 quasi
931 361 1081 413 regula
1135 360 1367 399 metiemur
1417 357 1576 397 divinae
1618 356 1773 397 volun-

306 441 411 481 tatis
441 454 491 479 ac
522 436 795 491 beneplaciti.
861 436 1037 476 Placere
1067 435 1200 475 etiam
1231 433 1390 473 divinae
1423 432 1608 472 bonitati
1642 445 1775 485 prop-

306 521 372 556 ter
409 528 454 554 se
492 511 749 553 difficultate
781 525 868 550 non
902 517 1046 561 caret:
1091 510 1205 563 quia,
1236 514 1283 548 ut
1318 508 1430 547 inter
1460 506 1661 546 homines
1693 519 1772 545 usu

308 588 439 636 venit,
472 587 597 627 multi
632 586 825 626 serviunt
857 586 1047 625 dominis
1085 585 1184 632 suis,
1216 583 1292 623 sed
1331 594 1418 621 non
1456 594 1508 620 eo
1546 580 1693 620 animo
1727 585 1775 619 ut

311 663 361 703 iis
393 661 693 715 gratificentur
723 674 772 700 ac
804 660 1019 712 placeant,
1044 659 1120 699 sed
1151 664 1227 699 aut
1253 671 1330 710 spe
1353 655 1470 700 lucri.
1493 660 1570 694 aut
1598 653 1776 693 honoris

310 736 490 778 adducti
534 735 744 774 mercede.
811 734 882 774 Sic
922 735 1033 773 inter
1068 747 1216 773 servos
1260 732 1343 771 Dei
1389 735 1536 783 potest
1569 742 1662 768 6556
1704 728 1776 780 qui

312 812 471 852 serviat
494 815 666 850 tantum
702 809 810 855 Deo,
836 808 912 847 sed
936 821 1022 847 non
1045 807 1228 860 placeat,
1253 806 1355 858 quia
1378 805 1458 844 sibi
1492 804 1572 856 ipsi
1605 802 1777 855 placere

313 885 490 926 studeat
522 889 596 923 aut
627 882 857 922 hominum
896 881 1041 928 oculis,
1075 887 1117 920 et
1150 894 1292 920 scenae
1326 879 1485 918 serviat
1515 883 1562 917 ut
1595 877 1779 926 dicitur;

315 959 433 1012 quod
473 957 641 997 utinam
680 970 767 995 non
791 962 883 995 tam
912 955 1037 994 multi
1069 954 1366 1006 reperirentur.
1431 952 1601 991 Idcirco
1634 955 1782 990 noster

318 1034 446 1073 Pater
477 1029 745 1071 studendum
785 1034 945 1075 monet,
981 1042 1066 1068 non
1106 1034 1153 1067 ut
1190 1028 1428 1067 serviamus
1463 1026 1608 1073 modo,
1632 1037 1781 1064 verum

316 1107 448 1147 etiam
494 1111 542 1144 ut
582 1103 834 1157 placeamus
879 1103 1037 1143 divinae
1084 1102 1271 1142 bonitati
1318 1105 1496 1153 propter
1539 1113 1585 1139 se
1629 1098 1782 1151 ipsam.

318 1181 421 1220 Duo
457 1184 605 1218 autem
640 1178 686 1225 is,
715 1178 789 1230 qui
827 1177 948 1217 alteri
987 1176 1159 1229 placere
1197 1176 1355 1223 studet,
1390 1179 1589 1227 spectare
1623 1173 1782 1213 debet:

317 1254 520 1308 primum,
545 1265 636 1291 rem
660 1252 800 1304 ipsam
825 1265 911 1304 qua
934 1250 1126 1304 placeat;
1150 1250 1321 1298 deinde,
1340 1249 1472 1288 finem
1495 1245 1783 1300 gratificandi.

318 1327 519 1381 Quorum
552 1326 737 1366 alterum
771 1327 805 1365 si
838 1326 962 1373 desit,
991 1326 1172 1364 minime
1203 1323 1473 1377 gratificetur
1505 1323 1554 1369 ei,
1580 1321 1647 1361 cui
1679 1320 1782 1361 vult.

409 1401 517 1441 Ideo
542 1400 789 1439 Bernardus
812 1400 868 1439 ad
899 1405 1062 1439 rectam
1087 1398 1246 1438 mentis
1270 1397 1557 1437 intentionem
1582 1395 1670 1435 duo
1692 1393 1788 1434 haec

321 1475 542 1530 praecipue
572 1474 762 1525 requirit,
793 1487 883 1513 rem
915 1479 958 1513 et
987 1486 1192 1521 causam;
1229 1471 1271 1511 id
1302 1477 1367 1511 est
1397 1470 1502 1523 quid
1535 1473 1718 1521 spectes,
1747 1474 1791 1507 et

321 1563 456 1605 quam
481 1549 537 1588 ob
560 1561 747 1587 causam.
804 1547 1191 1598 Intentioncmque
1218 1544 1412 1598 appellat
1436 1545 1594 1584 animae
1618 1542 1787 1589 faciem,

323 1638 410 1677 qua
439 1636 485 1663 se
515 1621 751 1662 formosam
774 1622 841 1661 vel
865 1621 1107 1661 deformem
1138 1620 1332 1660 ostendit
1359 1619 1539 1659 domino
1562 1631 1652 1666 suo,
1677 1617 1788 1656 sicut

325 1713 382 1739 ex
413 1697 522 1738 facie
557 1695 836 1749 pulchritudo
871 1696 1064 1748 corporis
1098 1695 1369 1742 aestimatur3
1414 1699 1458 1732 et
1494 1693 1555 1732 ait
1587 1690 1793 1744 pulchras

326 1772 438 1812 illius
474 1771 636 1817 animae
669 1783 804 1822 genas
837 1783 942 1817 esse,
973 1782 1070 1820 quse
1104 1768 1275 1807 duabus
1310 1766 1393 1806 illis
1427 1766 1555 1805 rebus
1589 1765 1795 1804 decorata

328 1853 405 1887 est.
491 1843 667 1892 ¹Alludit
711 1849 858 1883 autem
902 1848 1163 1896 pervenuste
1204 1841 1260 1881 ad
1304 1855 1356 1880 ea
1399 1840 1594 1880 Canticae
1635 1838 1799 1878 verba:

331 1918 569 1966 “Pulchrae
609 1923 714 1964 ,sunt
751 1931 876 1970 genre
919 1922 1019 1965 tuae,
1055 1916 1166 1955 sicut
1203 1913 1418 1962 turturis,’'
1454 1920 1498 1953 et
1531 1911 1687 1965 qurerit
1724 1925 1800 1952 cur

331 2009 418 2037 non
451 1993 614 2041 dixerit
645 2005 833 2054 sponsus
870 1991 1039 2039 faciem,
1073 1989 1184 2029 sicut
1216 1988 1328 2029 solet
1359 1987 1482 2039 cujus
1519 1985 1799 2039 pulchritudo

332 2069 539 2117 laudatur
573 2066 754 2127 pulchra
789 2065 898 2112 facie
933 2079 982 2105 ac
1017 2063 1176 2103 decora
1210 2062 1407 2109 describi,
1450 2059 1802 2113 respondetque:

334 2144 542 2185 “Idcirco
567 2141 771 2189 maluisse
793 2139 1019 2193 pluraliter
1040 2151 1176 2190 genas
1193 2149 1326 2188 quam
1346 2134 1622 2188 singulariter
1644 2133 1799 2174 faciem

336 2220 490 2267 dicere,
534 2218 637 2272 quia
688 2216 775 2257 duo
827 2214 1032 2272 quaedam
1077 2212 1118 2252 in
1166 2210 1419 2258 intentione,
1463 2222 1596 2261 quam
1643 2208 1799 2249 faciem

336 2295 496 2341 animae
527 2304 621 2335 esse
650 2291 857 2339 diximus,
885 2287 1127 2331 necessario
1157 2286 1445 2342 requiruntur,
1473 2296 1540 2323 res
1570 2288 1613 2323 et
1642 2295 1800 2332 causa;

340 2369 506 2414 scilicet
538 2365 644 2422 quid
683 2364 895 2413 intendas,
928 2368 971 2404 et
1008 2367 1186 2417 propter
1222 2359 1340 2415 quid„
1404 2358 1464 2401 Et
1500 2371 1557 2401 ex
1594 2355 1661 2398 his
1698 2369 1803 2397 sane

341 2446 515 2489 duobus
537 2445 696 2487 animae
714 2442 781 2487 vel
805 2440 946 2494 decor,
965 2439 1033 2485 vel
1051 2436 1306 2484 deformitas
1324 2432 1603 2492 judicatur.'’1
1637 2433 1806 2474 Exem-

337 2521 423 2577 plis
453 2534 545 2561 rem
578 2521 776 2569 illustrat,
796 2526 843 2560 ut
866 2519 1027 2572 legenti
1060 2518 1241 2571 planum
1272 2514 1361 2555 erit.
1426 2511 1630 2550 “Turtur
1658 2512 1807 2548 autem

339 2596 505 2653 pudica
534 2595 703 2636 avicula
729 2594 829 2643 est,'’
854 2600 902 2634 ut
925 2593 1041 2633 idem
1073 2590 1320 2631 Bernardus
1344 2587 1415 2636 ait,
1434 2589 1512 2626 “et
1534 2581 1808 2625 conversatio

340 2671 437 2727 ejus
482 2684 569 2711 non
614 2683 713 2710 cum
759 2668 919 2718 multis,
959 2667 1036 2707 sed
1079 2665 1173 2706 solo
1223 2665 1381 2716 degere
1427 2660 1564 2700 fertur
1604 2661 1813 2698 contenta

341 2758 577 2799 compare3
609 2745 671 2785 ita
702 2750 761 2793 ut,
785 2744 819 2783 si
852 2741 973 2782 illum
1004 2739 1210 2788 amiserit,
1234 2737 1422 2779 alterum
1453 2747 1541 2775 non
1564 2726 1815 2784 requirat.‘'2

342 2819 567 2863 Nimirum
611 2819 724 2874 quia,
761 2817 834 2870 qui
887 2815 1037 2856 studet
1079 2813 1252 2867 placere
1294 2811 1404 2859 Deo,
1446 2807 1527 2850 soli
1579 2806 1690 2855 Deo,
1727 2814 1815 2844 non

737 2906 750 2927 ³
775 2907 871 2941 Cant.
894 2906 964 2939 Ser.
983 2913 1036 2945 40.
1244 2900 1257 2920 2
1282 2901 1424 2932 Ibidem.
