1903 3197
343 169 423 214 De
441 167 833 229 castzgatz‘om‘bus
854 168 1141 229 confessario
1165 169 1434 231 detegendzk.
1509 174 1572 229 46
1584 186 1600 216 1

145 305 188 339 et
236 299 461 339 credimus.
526 299 703 348 Partim,
738 299 841 351 quia
888 298 988 338 huic
1037 314 1124 340 non
1173 300 1284 340 adeo
1332 301 1479 353 pudet,
1530 308 1607 342 aut

143 378 357 412 anteactae
385 373 486 412 vitae
517 377 709 425 peccata,
734 385 832 423 quae
865 371 1029 412 diluere
1060 387 1193 424 poena
1225 373 1370 425 aliqua
1390 374 1604 423 volumus,

143 445 344 494 indicare,
388 451 463 485 aut
504 445 785 497 quotidianos
837 445 972 484 animi
1016 446 1192 485 morbos
1242 447 1603 500 cupiditatesque,

142 531 251 570 quas
288 518 524 558 subeundis
566 519 671 557 item
712 518 855 569 poenis
898 531 1098 557 coercere
1135 518 1337 567 solemus,
1375 532 1469 559 esse
1509 533 1606 572 per-

141 597 324 644 spectas,
371 598 447 631 aut
490 592 678 642 denique
723 596 828 631 vota
874 596 1032 640 nostra,
1089 592 1245 639 studia,
1293 605 1344 631 ac
1390 593 1605 632 desideria

141 666 289 705 omnia
324 665 584 717 patefacere,
619 678 804 717 quorum
842 670 1069 717 compotes
1114 678 1207 704 esse
1251 665 1357 704 dum
1391 665 1604 715 volumus,

140 738 394 778 voluntariis
431 738 524 789 jam
562 738 704 790 poenis
743 738 890 777 Deum
926 738 1051 777 nobis
1084 737 1349 790 placandum
1387 744 1604 790 putamus.

140 812 315 859 Partim,
359 811 460 863 quia
513 811 697 851 usitatus
741 811 1043 851 Confessarius
1084 810 1161 859 his,
1196 825 1305 863 quas
1336 812 1431 851 dixi
1474 813 1602 853 rebus

137 884 274 937 probe
307 885 555 937 perspecti5‚
591 885 857 936 cognitaque
889 885 1068 937 insuper
1098 884 1413 924 consuetudine
1444 891 1603 935 nostra,

139 958 416 1010 corporisque
457 959 781 1006 constitutione,
822 957 963 997 multo
1000 958 1158 998 rectius
1200 957 1397 1009 judicare
1442 965 1602 1011 potest,

138 1036 215 1070 aut
248 1037 460 1082 quantum
499 1044 729 1083 poenarum
765 1031 967 1071 videatur
1012 1032 1118 1071 satis
1162 1031 1380 1071 diluendis
1417 1046 1606 1085 purgan-

138 1103 293 1155 disque
324 1105 525 1156 peccatis,
549 1111 625 1144 aut
658 1105 764 1156 quid
796 1105 1076 1157 potissimum
1112 1105 1290 1144 remedii
1325 1105 1606 1146 moderandis

137 1176 450 1228 cupiditatibus
499 1177 554 1216 sit
603 1176 915 1225 adhibendum,
970 1184 1046 1217 aut
1087 1178 1277 1229 denique
1319 1191 1451 1230 quam
1499 1179 1605 1218 inire

137 1249 350 1288 rationem
432 1249 710 1301 potissimum
787 1251 1026 1290 debeamus
1099 1264 1150 1290 ea
1216 1264 1314 1303 quae
1384 1252 1604 1303 possimus

136 1322 412 1374 impetrandi.

222 1394 404 1446 Quarto,
439 1395 616 1435 additur
663 1396 707 1435 in
760 1396 1087 1437 Constitutione
1130 1397 1224 1436 “ab
1270 1398 1598 1450 unoquoque:'’

137 1468 356 1507 neminem
400 1469 516 1507 enim
559 1470 752 1521 excipit5
804 1483 957 1510 omnes
999 1470 1093 1510 vult
1135 1471 1190 1509 ad
1237 1469 1350 1509 hanc
1396 1471 1601 1523 simplici-

137 1547 274 1581 tatem
324 1541 709 1595 humilitatemque
766 1542 1042 1592 descendere,
1085 1549 1132 1583 ut
1173 1549 1387 1595 tanquam
1440 1545 1603 1584 tirones

138 1621 181 1655 et
212 1615 255 1654 in
293 1615 501 1668 religione
538 1616 671 1656 modo
708 1617 845 1669 geniti
882 1630 961 1656 suo
999 1630 1045 1656 se
1082 1617 1281 1669 aperiant
1314 1617 1602 1667 Confessario,

138 1701 379 1740 omnesque
420 1690 457 1729 ei
504 1691 788 1742 poenitentias
835 1695 1093 1742 exponant3
1127 1696 1174 1729 ut
1216 1691 1349 1730 etiam
1387 1691 1431 1730 in
1475 1691 1601 1731 Parte

136 1761 171 1801 6.
197 1775 228 1801 c.
255 1772 290 1811 3.
314 1762 387 1801 ubi
421 1763 476 1801 de
510 1763 561 1802 iis
594 1764 697 1815 agit,
736 1763 811 1815 qui
848 1764 904 1803 ad
942 1768 1106 1803 statum
1143 1763 1323 1803 admissi
1355 1763 1447 1815 jam
1486 1771 1598 1813 sunt,

135 1834 286 1886 quales
337 1835 521 1874 Professi
563 1841 607 1875 et
651 1841 785 1875 aetate
832 1836 1038 1888 provecti,
1087 1836 1130 1874 in
1178 1836 1245 1875 his
1294 1837 1601 1888 asperitatibus

134 1908 425 1960 suscipiendis
462 1908 779 1948 consulendum
816 1922 989 1961 semper
1023 1909 1223 1961 praecipit
1261 1908 1598 1950 Confessarium.

136 1981 195 2020 Et
227 1981 329 2032 (Par
352 1992 386 2031 3.
410 1995 443 2021 c.
472 1992 502 2021 Ι.
526 1980 552 2035 ξ
580 1982 657 2033 12.)
684 1981 778 2022 vult
800 1987 848 2022 ut
880 1982 996 2021 Patri
1019 1981 1233 2034 spirituali
1256 1987 1300 2022 et
1323 1982 1599 2023 Confessario

133 2067 286 2093 omnes
321 2067 408 2093 non
443 2054 577 2094 modo
610 2054 809 2094 defectus
855 2055 1065 2107 aperiant,
1101 2055 1178 2094 sed
1216 2055 1349 2095 etiam
1384 2056 1601 2108 poeniten-

133 2127 229 2177 tias,
253 2127 624 2177 mortificationes,
648 2134 692 2168 et
723 2128 979 2168 devotiones
1012 2141 1174 2168 omnes.
1237 2128 1425 2180 Antiqui
1449 2129 1599 2168 Patres

132 2200 176 2239 in
211 2200 412 2253 AEgypto
449 2201 492 2240 id
529 2207 703 2240 tantum
735 2201 979 2254 junioribus
1022 2207 1293 2254 praeceptum
1331 2202 1508 2251 dabant,
1551 2209 1601 2242 ut

133 2288 178 2314 se
213 2275 303 2314 suis
336 2275 580 2314 senioribus
613 2275 921 2327 patefacerent.
985 2275 1115 2316 Certe
1144 2276 1205 2315 ita
1236 2289 1355 2328 saepe
1382 2276 1600 2328 significat

134 2347 373 2388 Cassianus
408 2347 471 2400 (ut
505 2347 611 2388 Coll.
637 2359 672 2389 2.
696 2362 728 2389 c.
754 2359 818 2389 20.
843 2355 886 2389 et
910 2348 991 2400 21),
1016 2362 1115 2389 cum
1148 2349 1288 2399 docet,
1312 2349 1599 2401 quemadmo-

134 2421 240 2460 dum
274 2421 486 2473 possideri
519 2423 659 2474 possit
691 2436 794 2462 vera
830 2423 1060 2474 discretio;
1093 2436 1347 2475 quanquam
1376 2423 1596 2475 juniorum

133 2495 308 2535 nomine
349 2495 533 2536 fortasse
570 2497 706 2536 utitur
742 2497 1042 2549 comparative
1079 2497 1134 2537 ad
1177 2510 1252 2536 eos
1286 2496 1361 2548 qui
1407 2496 1598 2536 seniores

134 2574 245 2616 sunt,
284 2569 345 2608 ita
381 2575 429 2609 ut
467 2569 599 2609 etiam
636 2575 768 2610 aetate
798 2570 992 2623 provecti
1030 2570 1081 2609 iis
1112 2570 1186 2622 qui
1218 2570 1511 2622 provectiores
1547 2582 1597 2609 ac

133 2642 325 2680 seniores
348 2647 459 2689 sunt,
485 2642 676 2682 indicare
706 2656 753 2682 se
784 2643 982 2683 debeant.

216 2715 383 2754 Verum
420 2716 638 2768 sapienter
670 2716 754 2756 hoc
789 2717 993 2757 omnibus
1027 2716 1070 2757 S.
1097 2716 1296 2768 Ignatius
1324 2719 1595 2768 praeceptum

130 2802 224 2828 esse
246 2788 396 2838 voluit,
420 2790 521 2841 quia
544 2795 588 2829 et
610 2803 736 2830 senes
758 2796 801 2830 et
823 2791 896 2842 qui
927 2791 970 2830 in
992 2790 1062 2830 via
1088 2790 1265 2842 spiritus
1294 2793 1597 2841 processerunt

127 2861 432 2915 periclitantur
454 2862 673 2903 interdum
696 2864 730 2904 si
753 2864 835 2904 sibi
858 2864 940 2917 ipsi
964 2863 1130 2913 malint,
1149 2875 1282 2916 quam
1299 2861 1598 2916 spiritualibus
