1903 3197
344 194 440 239 390
667 179 746 224 De
780 180 972 225 ratione
1004 178 1198 225 vivendi
1231 179 1492 226 Socz'etatz‘s.

349 317 641 365 anagnosten,
665 313 783 365 quod
818 325 897 352 nos
924 311 1104 364 quidem
1132 311 1502 364 jucundissimum
1529 311 1819 362 arbitramur;

343 399 488 438 neque
523 399 718 438 unquam
758 386 851 425 sine
888 385 1035 438 aliqua
1073 385 1261 426 lectione
1296 385 1416 438 apud
1454 398 1555 425 eum
1592 391 1814 426 coenatum

344 465 422 508 est,
456 465 505 499 ut
538 472 627 499 non
666 460 809 499 minus
847 460 1007 508 animo,
1042 473 1175 512 quam
1207 466 1359 500 ventre
1395 459 1590 499 convivae
1625 459 1815 500 delecta-

343 531 553 574 rentur.''l
607 533 811 574 Eandem
836 533 1198 574 consuetudinem
1222 533 1386 573 indicat
1410 532 1576 572 Plinius
1598 533 1816 573 secundus

344 607 390 646 in
415 606 639 647 Avunculi
666 608 766 653 vita,
793 614 840 647 ut
873 621 979 647 mox
1012 608 1193 660 patebit.
1258 606 1515 647 Plutarchus
1543 619 1684 659 porro,
1715 620 1815 646 cum

345 682 504 735 quaerit
536 696 740 735 quaenam
779 682 1058 735 potissimum
1097 688 1350 722 acroamata
1386 695 1526 722 coenae
1566 682 1654 720 sint
1694 680 1818 720 adhi-

346 756 504 806 benda,
527 757 752 796 memoriae
783 757 977 809 prodidit
1011 757 1168 796 Romae
1199 770 1278 796 suo
1309 755 1445 795 ferme
1474 761 1674 808 tempore
1703 754 1818 794 hunc

347 831 572 884 irrepsisse
620 844 798 874 morem,
843 836 890 869 ut
932 831 1045 870 inter
1090 830 1358 870 coenandum
1403 829 1598 869 Platonis
1636 829 1815 881 Dialogi

348 905 636 944 recitarentur
667 918 692 943 a
726 905 882 956 pueris,
916 904 1161 956 praesertim
1194 903 1313 956 apud
1345 903 1539 943 eruditos
1572 908 1616 943 et
1651 903 1817 949 doctos,

349 992 437 1031 quo
460 992 507 1018 se
529 978 703 1018 interim
727 984 939 1030 tanquam
964 978 1159 1030 quodam
1183 978 1343 1017 mentis
1366 977 1529 1029 pabulo
1547 976 1821 1017 recrearent.²

330 1052 523 1105 ‘Quibus
555 1052 663 1091 nihil
696 1065 800 1092 sane
831 1051 950 1091 aliud
974 1051 1147 1091 videtur
1178 1051 1310 1091 fuisse
1341 1051 1629 1103 propositum,
1657 1051 1737 1090 nisi
1772 1056 1820 1090 ut

348 1125 418 1166 vel
451 1125 757 1166 temulentiam
793 1126 1142 1178 ebrietatemque
1174 1124 1355 1165 salutari
1390 1125 1537 1176 aliquo
1569 1130 1818 1164 acroamate

351 1206 612 1250 coercerent,
635 1200 703 1240 vel
735 1207 781 1241 ut
814 1206 1027 1252 tanquam
1060 1200 1271 1248 homines,
1306 1213 1395 1239 non
1424 1205 1638 1251 tanquam
1668 1199 1820 1239 bestiae

350 1287 397 1314 se
433 1274 532 1314 cibo
569 1274 807 1324 reficerent,
837 1288 923 1314 una
960 1274 1206 1326 eademque
1243 1287 1376 1326 opera
1413 1279 1457 1313 et
1489 1273 1685 1313 animum
1722 1286 1821 1325 pas—

351 1353 502 1388 centes
534 1354 577 1389 et
609 1362 774 1401 corpus.

439 1422 625 1476 Triplex
667 1423 800 1476 igitur
841 1428 990 1475 potest
1031 1435 1125 1462 6556
1167 1422 1296 1475 hujus
1339 1421 1536 1462 lectionis
1578 1420 1686 1471 finis,
1721 1434 1819 1473 quae

353 1496 588 1536 adhibetur
638 1496 695 1537 ad
748 1510 979 1537 mensam:
1041 1510 1152 1536 unus
1214 1496 1394 1548 quidem
1455 1495 1512 1535 ad
1572 1495 1821 1535 animorum

352 1576 542 1624 pastum,
566 1571 673 1611 dum
696 1571 949 1611 reficiuntur
980 1576 1024 1610 et
1056 1584 1238 1624 corpora
1261 1585 1269 1621 ;
1301 1569 1412 1610 alter
1436 1583 1538 1610 vero
1565 1570 1622 1610 ad
1652 1569 1821 1609 frenum

352 1644 517 1698 linguae
551 1645 884 1697 tenendumque
918 1644 1171 1695 silentium;
1215 1645 1369 1685 tertius
1401 1644 1456 1684 ad
1487 1643 1821 1696 temperandam

354 1720 645 1773 cupiditatem
678 1720 721 1759 in
753 1719 872 1759 cibis.
938 1718 1209 1759 Constitutio
1241 1725 1390 1758 autem
1425 1718 1554 1771 primi
1586 1719 1824 1758 dumtaxat

355 1792 567 1843 meminit,
611 1792 714 1845 quia
762 1793 804 1831 in
852 1792 969 1832 hunc
1010 1792 1343 1845 quodammodo
1385 1791 1648 1845 posteriores
1689 1791 1824 1831 inclu-

354 1867 527 1906 duntur.
608 1865 820 1919 Quisquis
867 1867 984 1906 enim
1037 1867 1081 1906 in
1128 1865 1363 1906 reficiendo
1405 1879 1586 1919 corpore
1627 1865 1823 1905 animum

355 1941 488 1981 etiam
542 1941 762 1981 audiendo
819 1941 973 1994 pascit,
1026 1941 1061 1981 is
1114 1941 1270 1981 eadem
1323 1954 1458 1993 opera
1508 1946 1552 1981 et
1603 1954 1629 1980 a
1680 1939 1825 1980 noxiis

355 2015 631 2055 sermonibus
683 2028 779 2054 sese
832 2015 1035 2063 abstinet,
1090 2021 1133 2055 et
1185 2015 1365 2055 rationis
1417 2014 1539 2054 frena
1593 2014 1824 2067 cupiditati

355 2087 504 2141 injicit,
539 2101 593 2127 ne
631 2088 687 2128 ab
722 2089 1064 2142 intemperantia
1098 2094 1335 2141 superetur.
1397 2087 1468 2128 Ac
1503 2088 1538 2127 si
1577 2101 1665 2127 non
1694 2087 1824 2136 aliud,

355 2168 471 2202 certe
499 2162 584 2202 hoc
606 2175 664 2201 ex
695 2175 947 2202 mensarum
977 2162 1165 2202 lectione
1194 2163 1513 2215 consequimur,
1537 2162 1656 2215 quod
1685 2162 1825 2203 multa

354 2249 434 2275 nec
476 2237 520 2275 id
563 2242 746 2288 agentes
789 2237 1069 2285 addiscimus,
1103 2243 1147 2277 et
1184 2250 1316 2276 omne
1358 2250 1608 2276 mensarum
1650 2243 1825 2290 tempus

354 2309 475 2349 lucro
511 2310 789 2362 apponimus,
824 2310 942 2362 quod
982 2310 1182 2350 homines
1223 2310 1446 2350 literarum
1480 2311 1627 2351 studio
1661 2311 1825 2351 addicti

356 2397 411 2423 ne
443 2383 603 2423 frustra
634 2390 924 2433 contererent,
952 2390 1227 2437 anagnosten
1261 2385 1392 2424 etiam
1425 2385 1481 2425 ad
1514 2384 1666 2437 epulas
1702 2384 1825 2425 adhi-

354 2457 532 2498 bebant.
598 2458 715 2498 Nam
749 2459 804 2498 de
843 2458 985 2498 Plinio
1016 2458 1223 2499 historico
1264 2459 1326 2498 sic
1367 2459 1610 2499 secundus:
1643 2458 1826 2512 “Super

355 2531 482 2581 hanc,
513 2531 677 2571 scilicet
715 2545 926 2582 mensam,
959 2532 1198 2585 legebatur,
1228 2532 1535 2582 adnotabatur,
1566 2538 1610 2573 ct
1646 2532 1824 2586 quidem

356 2605 527 2646 cursim.
592 2606 777 2646 Memini
802 2607 1025 2659 quendam
1049 2620 1106 2646 ex
1137 2608 1300 2657 amicis,
1324 2621 1424 2647 cum
1450 2607 1588 2647 lector
1618 2606 1823 2660 quaedam

356 2679 687 2733 pronuntiasset
709 2694 951 2733 perperam,
977 2694 1202 2721 revocasse
1224 2687 1267 2721 et
1289 2682 1426 2734 repeti
1450 2681 1654 2734 coegisse.
1707 2680 1825 2721 Huic

356 2754 622 2794 avunculum
659 2767 808 2794 meum
842 2755 1037 2796 dixisse:
1074 2755 1364 2796 intellexeras
1393 2769 1563 2808 nempe.
1608 2755 1721 2795 Cum
1753 2754 1824 2794 ille

355 2828 609 2879 annuisset3
662 2841 738 2868 cur
783 2842 886 2882 ergo
939 2830 1190 2880 revocabas,
1234 2830 1387 2869 decem
1440 2828 1629 2882 amplius
1676 2842 1825 2870 versus

528 2915 540 2935 ¹
566 2917 737 2950 Cornelius
761 2918 878 2959 Nepos
902 2918 935 2949 in
953 2918 1050 2950 Vitae.
1231 2917 1244 2936 Β
1270 2918 1421 2959 Sympos.
1442 2918 1497 2950 lib.
1521 2925 1549 2958 7.
1567 2929 1598 2960 q.
1620 2917 1650 2950 8.
