1903 3197
267 187 290 216 2
300 174 360 230 56
589 170 669 215 De
701 169 890 216 ratione
923 168 1115 215 vivendi
1149 167 1408 214 Socz'elatz‘s.

261 309 306 344 et
334 302 370 342 si
399 302 504 355 quid
533 307 827 354 praeterquam
858 302 976 354 quod
1009 301 1242 354 oportebat
1270 299 1554 341 commissum
1585 299 1729 349 fuerit,

263 381 340 416 aut
381 376 624 429 cogitatum
672 375 837 427 aliquid
886 375 1004 427 quod
1047 375 1245 423 vetitum,
1279 373 1348 414 vel
1391 374 1558 414 dictum
1600 380 1730 415 extra

262 449 481 498 decorum,
525 455 601 489 aut
652 448 841 489 desidies
892 449 1133 502 obrepserit
1184 449 1297 488 circa
1348 448 1604 498 orationem,
1651 455 1727 489 aut

263 522 446 563 taedium
485 523 527 562 in
564 522 832 575 psalmodiis,
855 529 931 563 aut
960 523 1164 563 secularis
1193 522 1295 562 vitae
1326 521 1604 572 desiderium,
1638 535 1726 562 non

262 595 413 637 celatis
435 595 703 636 delictum.'’1
763 596 1018 647 “Habeto,'’
1052 596 1193 648 inquit
1228 595 1464 649 Chrysost.,
1489 597 1725 636 “codicem

261 670 305 710 in
338 670 605 710 conscientia
634 675 722 719 tua,
746 676 790 709 et
818 670 958 710 scribe
988 670 1244 722 quotidiana
1276 674 1468 722 peccata.
1532 668 1726 721 Quando

262 743 516 784 accubueris
533 758 663 796 super
677 749 862 784 stratum
877 750 1014 793 tuum,
1030 749 1073 783 et
1088 743 1308 783 neminem
1327 743 1534 783 infestum
1552 743 1730 796 pateris,

261 823 501 870 antequam
528 818 676 857 veniat
707 817 785 857 tibi
818 830 1008 865 somnus,
1033 816 1178 869 profer
1209 816 1253 856 in
1286 817 1481 856 medium
1514 816 1725 864 codicem,

261 891 575 932 conscientiam
605 896 741 940 tuam,
774 896 817 930 et
846 890 1122 929 reminiscere
1153 895 1335 942 peccata
1366 895 1453 940 tua,
1477 891 1511 929 si
1542 890 1647 942 quid
1681 890 1724 929 in

260 964 407 1013 verbo,
428 964 517 1004 sive
539 964 582 1002 in
606 962 734 1013 facto,
758 968 834 1002 aut
855 963 898 1002 in
922 963 1190 1014 cogitatione
1212 961 1464 1014 peccasti.’‘2

348 1035 603 1076 Dorotheus
645 1041 792 1075 autem
835 1035 1063 1088 geminum
1106 1035 1238 1075 etiam
1282 1035 1463 1087 agnovit
1506 1036 1723 1083 Examen,

260 1110 538 1162 affirmatque
562 1109 741 1149 Patrum
764 1109 1045 1161 antiquorum
1063 1108 1196 1148 fuisse
1217 1109 1493 1158 sententiam,
1518 1109 1573 1149 ad
1597 1109 1728 1149 timo-

262 1196 355 1224 rem
389 1183 571 1223 Domini
604 1182 921 1236 possidendum
953 1181 1096 1222 valere
1128 1182 1379 1235 plurimum,
1403 1183 1437 1222 si
1470 1183 1567 1234 quis
1599 1195 1729 1223 mane

260 1263 305 1298 et
325 1257 495 1310 vesperi
518 1270 543 1296 a
565 1269 611 1296 se
633 1257 729 1310 ipso
751 1257 966 1297 rationem
991 1256 1152 1308 exigat.
1218 1256 1262 1296 Is
1285 1256 1401 1296 enim
1423 1256 1484 1296 sic
1514 1256 1730 1308 loquitur:

260 1329 635 1370 “Affirmaverunt
673 1330 824 1370 Patres
856 1330 1078 1370 communi
1109 1330 1328 1370 sententia
1368 1329 1594 1382 possidere
1626 1343 1726 1370 eum

258 1403 464 1445 timorem
498 1404 594 1453 Dei,
626 1403 699 1456 qui
734 1403 886 1444 mortis
919 1403 1070 1443 crebro
1103 1408 1147 1443 et
1177 1403 1390 1457 gehennae
1423 1403 1727 1452 reminiscitur,

259 1477 424 1531 quique
455 1477 623 1530 vesperi
654 1490 681 1517 a
712 1490 758 1517 se
792 1477 889 1529 ipso
920 1477 1136 1517 rationem
1169 1477 1319 1530 exigit,
1348 1476 1726 1529 quemadmodum

259 1551 331 1592 die
352 1550 669 1600 ambulaverit;
703 1562 832 1590 mane
858 1549 1056 1589 similiter
1078 1563 1166 1602 quo
1196 1556 1328 1602 pacto
1355 1556 1529 1590 noctem
1560 1556 1728 1590 transe-

258 1622 431 1678 gerit.''3
492 1624 551 1664 Et
581 1623 758 1663 iterum:
792 1622 1117 1673 “Docuerunt,’'
1147 1623 1300 1675 inquit,
1325 1623 1548 1675 “majores
1578 1624 1730 1673 nostri,

259 1710 347 1750 quo
388 1702 519 1750 pacto
561 1710 799 1749 purgemus
836 1709 916 1736 nos
957 1697 1076 1749 ipsos
1116 1710 1194 1749 per
1231 1696 1426 1749 singulos
1464 1697 1568 1745 dies,
1604 1703 1652 1737 ut
1689 1697 1724 1736 si

259 1771 316 1812 ad
338 1783 566 1823 vesperam
593 1775 917 1822 perscrutamur
943 1770 1185 1819 nobiscum,
1205 1770 1431 1822 quomodo
1457 1776 1726 1811 transactam

258 1845 376 1885 diem
415 1843 705 1895 exegerimus,
740 1848 784 1883 et
820 1856 990 1882 rursum
1029 1856 1160 1883 mane
1197 1843 1423 1896 quomodo
1460 1849 1647 1892 noctem,
1682 1850 1728 1885 et

258 1918 321 1959 sic
354 1916 663 1971 poenitentiam
698 1930 881 1969 agamus
915 1917 1032 1969 apud
1072 1917 1231 1966 Deum,
1260 1922 1307 1957 ut
1342 1930 1421 1970 par
1455 1922 1532 1967 est,
1560 1918 1602 1956 in
1637 1931 1725 1970 quo

258 2003 465 2045 peccasse
488 2004 568 2030 nos
590 1988 1066 2042 deprehenderimus.’'4
1116 1989 1306 2031 Accedit
1330 1990 1551 2031 Climacus
1573 1990 1647 2043 qui
1671 1991 1729 2031 de

257 2063 519 2117 quotidiano
552 2063 759 2103 examine
790 2063 834 2102 in
867 2076 918 2103 eo
953 2062 1111 2113 Gradu,
1136 2077 1268 2116 quem
1300 2064 1495 2104 inscribit
1518 2064 1573 2104 de
1606 2063 1731 2105 Obe-

258 2137 436 2186 dientia,
480 2137 541 2176 sic
592 2137 813 2189 loquitur:
868 2136 1117 2189 “Optimus
1163 2137 1234 2177 ille
1275 2138 1490 2190 trapezita
1531 2143 1608 2186 est,
1650 2137 1726 2190 qui

259 2209 456 2262 quotidie
473 2210 642 2262 vesperi
661 2209 840 2259 lucrum,
857 2223 909 2250 ac
926 2210 1239 2251 detrimentum
1262 2211 1441 2251 omnino
1459 2209 1725 2264 computat.”

258 2283 434 2323 Deinde
466 2289 612 2323 narrat
640 2283 694 2322 de
728 2283 950 2324 Monacho
982 2283 1189 2335 quodam,
1213 2285 1286 2337 qui
1319 2285 1375 2325 ad
1412 2285 1525 2325 latus
1558 2298 1725 2338 appen-

256 2369 355 2397 sum
394 2355 570 2409 cingulo
610 2356 903 2409 perexiguum
947 2356 1143 2397 libellum
1183 2356 1387 2406 habebat,
1422 2359 1466 2397 in
1498 2371 1586 2410 quo
1623 2371 1725 2398 suas

258 2429 457 2482 quotidie
493 2429 794 2482 cogitationes,
829 2435 877 2469 ut
913 2443 987 2470 eas
1027 2435 1183 2483 postea
1224 2431 1280 2470 ad
1323 2444 1452 2470 suum
1501 2435 1723 2483 pastorem

257 2502 447 2552 referret,
470 2503 623 2543 solitus
656 2509 721 2544 est
753 2508 973 2544 annotare.
1037 2504 1200 2544 Beatus
1232 2517 1409 2557 quoque
1441 2504 1591 2554 Isaias,
1623 2517 1723 2545 cum

257 2576 374 2628 alibi,
397 2582 493 2617 tum
526 2576 646 2618 Orat.
671 2586 721 2628 25
744 2591 752 2618 ;
785 2580 808 2598 “
823 2577 1023 2630 Explora
1044 2583 1087 2618 te
1119 2579 1263 2631 ipsum
1287 2578 1430 2629 frater,
1453 2585 1497 2619 et
1526 2578 1724 2631 quotidie

256 2664 332 2692 cor
360 2656 485 2692 tuum
515 2656 676 2691 excute
708 2650 751 2691 in
786 2657 1022 2704 conspectu
1057 2651 1141 2692 Dei
1159 2651 1197 2703 ;”
1231 2657 1276 2692 et
1305 2651 1416 2692 infra
1444 2665 1543 2692 cum
1573 2651 1628 2692 de
1656 2651 1722 2692 sui

255 2724 395 2779 ipsius
423 2724 729 2778 exploratione
750 2725 947 2775 dixisset,
971 2725 1146 2766 subdit:
1179 2724 1400 2774 “Animae,
1424 2738 1522 2778 quae
1549 2737 1723 2778 sponsae

455 2829 468 2849 1
492 2830 562 2864 Ser.
583 2830 625 2864 de
647 2830 757 2864 Instit.
777 2830 873 2864 Mon.
1093 2827 1109 2849 ²
1132 2830 1236 2862 Hom.
1258 2838 1286 2862 2.
1308 2830 1342 2862 in
1367 2829 1450 2862 Psal.
1473 2835 1524 2872 50.

681 2881 694 2901 ³
717 2881 789 2917 Ser.
809 2890 842 2923 4.
1102 2880 1116 2899 ⁴
1139 2880 1209 2913 Ser.
1235 2889 1284 2913 11.
