1903 3197
287 160 347 203 38
610 157 690 202 De
724 157 912 202 ratione
947 156 1139 202 vivendi
1174 156 1442 203 Socz'elatz's.

284 291 400 331 enim
434 289 586 341 inquit,
613 291 634 308 “
649 290 939 338 accuratione,
964 295 1007 329 et
1036 294 1128 329 arte
1157 302 1396 341 coquorum
1430 294 1589 329 cuncta
1615 303 1753 343 appa-

286 369 447 412 rantur,
477 369 693 415 quatenus
736 370 924 415 quatuor
960 368 1036 403 aut
1071 363 1263 415 quinque
1307 362 1480 402 ferculis
1524 363 1757 411 devoratis,

285 438 427 490 prima
479 451 565 477 non
619 437 865 490 impediunt
917 437 1164 482 novissima,
1219 449 1298 475 nec
1350 436 1530 476 satietas
1584 437 1755 476 minuat

287 510 568 563 appetitum.’'
627 511 686 550 Et
719 511 893 557 ibidem,
918 509 1064 562 “Quis
1097 511 1241 551 dicere
1273 510 1445 555 sufficit,
1469 516 1579 561 quot
1614 510 1757 550 modis

287 586 352 631 (ut
374 590 531 625 caetera
559 584 748 636 taceam)
773 585 865 625 sola
894 599 977 624 ova
1005 591 1233 624 versantur
1258 598 1309 624 ac
1331 590 1561 632 vexantur,
1584 590 1752 635 quanto

285 661 432 699 studio
465 666 725 707 evertuntur,
759 660 1080 705 subvertuntur,
1114 659 1350 711 liquantur,
1379 658 1601 704 durantur,
1628 658 1757 698 dimi-

287 740 480 773 nuuntur
497 734 510 773 ?
525 733 542 745 ''

373 808 472 859 Jam
525 808 828 860 temperantiae
881 821 1013 860 quam
1068 808 1281 847 rationem
1336 807 1498 846 habere
1550 806 1755 846 secularis

289 888 444 934 potest,
468 882 540 921 ubi
574 895 653 921 nec
685 881 946 921 ferculorum
980 882 1136 921 modus
1167 887 1243 930 est,
1268 895 1346 920 nec
1369 881 1750 920 condimentorum

288 957 476 995 varietas
518 956 652 1003 deest,
695 969 775 995 nec
817 955 1144 995 oblectamenta
1186 955 1432 994 sermonis?
1493 954 1633 1006 Apud
1678 968 1756 994 nos

288 1030 392 1070 nihil
436 1030 524 1069 tale
573 1035 639 1069 est
681 1029 800 1080 quod
852 1028 963 1067 ultra
1012 1029 1317 1080 temperantiae
1370 1027 1532 1066 limites
1583 1029 1757 1079 prodire

286 1104 533 1156 compellat,
568 1103 671 1154 quia
708 1103 763 1141 ad
807 1101 1082 1154 disciplinam
1127 1107 1356 1140 externam
1401 1101 1578 1153 spiritus
1621 1101 1753 1141 etiam

291 1177 641 1217 mortificationis
672 1176 850 1223 accedit,
876 1176 981 1215 dum
1013 1176 1247 1215 domandae
1279 1174 1392 1227 guise
1421 1175 1568 1215 studio
1592 1175 1758 1227 aliquid

287 1252 420 1290 etiam
453 1252 508 1290 de
540 1250 799 1290 necessitate
831 1249 1114 1294 subtrahitur,
1146 1255 1188 1288 et
1221 1255 1374 1301 parata
1407 1249 1491 1289 cibi
1526 1249 1757 1289 dulcedine

286 1324 513 1364 fraudatur
544 1324 722 1377 genium
757 1329 890 1375 atque
922 1330 1084 1363 venter.
1148 1322 1281 1374 Quod
1305 1323 1406 1362 viris
1439 1324 1600 1362 sanctis
1634 1323 1758 1362 fami·

283 1398 388 1438 liare
421 1399 512 1445 fuit,
536 1404 583 1437 ut
617 1403 659 1438 et
692 1398 747 1437 de
782 1397 823 1437 S.
842 1397 986 1437 David
1021 1397 1258 1449 Scripturae
1292 1403 1652 1443 commemorant,
1681 1398 1754 1448 qui

287 1472 357 1511 siti
396 1478 588 1511 aestuans
627 1477 842 1524 repertam
882 1484 969 1510 non
1007 1471 1199 1524 gustavit
1241 1484 1414 1522 aquam,
1448 1471 1523 1510 sed
1563 1470 1757 1509 Domino

286 1545 456 1586 obtulit.
502 1546 561 1585 Et
585 1546 619 1585 is
642 1545 716 1597 qui
739 1558 973 1597 pomorum
996 1545 1193 1584 omnium
1218 1545 1432 1597 primitias
1457 1545 1555 1584 Deo
1578 1543 1757 1590 libabat,

287 1626 329 1659 et
365 1620 437 1672 qui
473 1624 649 1671 optatas
685 1632 783 1658 cum
821 1619 1057 1658 invenisset
1093 1618 1257 1659 halicas
1300 1619 1516 1658 recusavit
1552 1624 1754 1670 aegrotus,

289 1692 389 1745 Qua
412 1694 467 1733 de
490 1706 534 1733 re
556 1693 815 1732 Vincentius
840 1693 1069 1739 Ferrerius‚
1090 1692 1234 1732 Tract.
1254 1692 1308 1731 de
1330 1693 1402 1732 vit.
1426 1693 1525 1744 spir.
1572 1691 1758 1731 Illustris

288 1767 421 1818 igitur
458 1773 523 1806 est
558 1766 849 1818 temperantia
889 1772 1136 1805 nostrorum
1174 1779 1307 1818 quam
1346 1765 1540 1805 studium
1579 1764 1758 1816 adjuvat

288 1840 535 1892 imperandi
575 1840 702 1892 gulae,
741 1846 783 1879 et
816 1839 1089 1892 repugnandi
1127 1839 1369 1891 cupiditati,
1409 1852 1506 1891 quae
1543 1838 1678 1878 virtus
1716 1837 1758 1876 in

287 1913 511 1953 communi
567 1926 720 1953 mensa
772 1919 906 1965 atque
959 1914 1002 1952 in
1055 1926 1251 1952 escarum
1299 1911 1573 1964 indulgentia
1618 1910 1758 1950 multo

289 1986 444 2027 clarior
478 2001 528 2027 ac
558 1987 776 2027 difficilior
805 1994 881 2035 est,
915 2000 1048 2039 quam
1088 1987 1130 2025 in
1168 1986 1360 2026 carentia
1395 1991 1529 2037 atque
1565 1985 1756 2038 penuria.

287 2062 514 2101 “Facilius
558 2060 712 2109 enim‚’'
751 2061 987 2101 Cassianus
1030 2062 1102 2107 ait,
1138 2060 1362 2099 “vidimus
1403 2060 1552 2107 victos,
1586 2060 1659 2110 qui
1702 2059 1758 2098 ab

289 2136 398 2175 escis
442 2134 837 2187 corpulentioribus
875 2133 1142 2173 omnimodis
1177 2138 1483 2185 temperarent,
1521 2146 1629 2185 quas
1664 2146 1757 2172 mo-

289 2209 438 2248 derate
471 2221 572 2247 usus
605 2220 684 2259 pro
717 2207 977 2246 necessitate
1010 2205 1240 2254 concedit3
1284 2219 1417 2258 quam
1451 2206 1536 2258 qui,
1565 2219 1637 2245 eas
1672 2205 1755 2245 sub

290 2281 556 2321 infirmitatis
607 2281 836 2320 occasione
892 2286 1127 2328 sumentes,
1181 2294 1431 2319 mensuram
1485 2279 1755 2319 sufficientiae

289 2353 618 2395 custodirent.''1
681 2355 741 2394 Et
776 2354 944 2395 Gerson
989 2354 1253 2394 Parisiensis.
1317 2353 1464 2406 “Quis
1507 2354 1671 2393 nesciat
1713 2352 1755 2391 in

291 2430 450 2478 multis,
474 2435 517 2469 et
550 2429 605 2469 de
642 2428 791 2468 multis
824 2428 1188 2468 desiderabilibus
1224 2428 1393 2468 facilius
1431 2441 1525 2467 esse
1561 2425 1754 2467 totaliter

292 2503 521 2551 abstinere,
546 2516 679 2555 quam
713 2516 791 2541 usu
825 2501 1077 2542 1noderari.''

379 2577 607 2617 Decentiae
629 2590 743 2626 vero,
767 2589 820 2615 ne
853 2590 904 2615 ea
926 2576 1105 2628 quidem
1129 2576 1239 2616 ratio
1261 2589 1286 2615 a
1309 2574 1574 2615 secularibus
1606 2574 1755 2614 haberi

291 2651 415 2699 solet,
453 2651 575 2703 atqui
614 2650 800 2690 habetur
836 2663 862 2689 a
896 2650 1031 2689 nobis.
1097 2649 1214 2689 Nam
1248 2649 1282 2688 si
1314 2662 1447 2701 quam
1480 2648 1539 2688 illi
1576 2647 1756 2695 habent,

290 2739 388 2765 eam
413 2726 501 2765 sere
523 2730 679 2777 petunt
698 2738 755 2764 ex
781 2723 997 2763 Galathaei
1016 2723 1261 2776 praeceptis,
1283 2728 1358 2762 aut
1376 2736 1433 2762 ex
1456 2722 1567 2770 aula,
1588 2735 1674 2761 non
1698 2734 1753 2760 ex

291 2800 522 2852 disciplina
547 2799 734 2851 Spiritus
757 2812 808 2838 ac
830 2799 999 2838 virtute.
1059 2797 1171 2836 Haec
1194 2797 1393 2837 decentia
1416 2810 1441 2836 a
1466 2795 1753 2837 Constitutio-

833 2885 844 2904 1
870 2887 975 2918 Instit.
996 2887 1052 2918 lib.
1076 2893 1103 2927 5.
1125 2897 1151 2917 e.
1176 2893 1202 2925 7.
