<?xml version="1.0" encoding="UTF-8"?>
<!DOCTYPE html PUBLIC "-//W3C//DTD XHTML 1.0 Transitional//EN"
    "http://www.w3.org/TR/xhtml1/DTD/xhtml1-transitional.dtd">
<html xmlns="http://www.w3.org/1999/xhtml" xml:lang="en" lang="en">
 <head>
  <title>
</title>
<meta http-equiv="Content-Type" content="text/html;charset=utf-8" />
  <meta name='ocr-system' content='tesseract 3.04.00' />
  <meta name='ocr-capabilities' content='ocr_page ocr_carea ocr_par ocr_line ocrx_word'/>
</head>
<body>
  <div class='ocr_page' id='page_1' title='image "./nicolaiorlandini00orla/nicolaiorlandini00orla_0155.png"; bbox 0 0 1903 3197; ppageno 0'>
   <div class='ocr_carea' id='block_1_1' title="bbox 598 150 1545 210">
    <p class='ocr_par' dir='ltr' id='par_1_1' title="bbox 598 150 1545 210">
     <span class='ocr_line' id='line_1_1' title="bbox 598 150 1545 210; baseline -0.001 -14"><span class='ocrx_word' id='word_1_1' title='bbox 598 150 679 196; x_wconf 77' lang='lat' dir='ltr'><strong>Dc</strong></span> <span class='ocrx_word' id='word_1_2' title='bbox 710 150 1027 196; x_wconf 57' lang='lat' dir='ltr'><strong>Pavzz&#39;lenlizk.</strong></span> <span class='ocrx_word' id='word_1_3' title='bbox 1460 165 1474 195; x_wconf 89' lang='lat'>1</span> <span class='ocrx_word' id='word_1_4' title='bbox 1488 163 1512 207; x_wconf 80' lang='lat'>3</span> <span class='ocrx_word' id='word_1_5' title='bbox 1523 163 1545 210; x_wconf 91' lang='lat'><strong>5</strong></span> 
     </span>
    </p>
   </div>
   <div class='ocr_carea' id='block_1_2' title="bbox 77 282 1558 2769">
    <p class='ocr_par' dir='ltr' id='par_1_2' title="bbox 77 282 1558 2769">
     <span class='ocr_line' id='line_1_2' title="bbox 81 282 1545 341; baseline -0.003 -14"><span class='ocrx_word' id='word_1_6' title='bbox 81 286 267 341; x_wconf 89' lang='lat' dir='ltr'><strong>proviso,</strong></span> <span class='ocrx_word' id='word_1_7' title='bbox 298 299 376 326; x_wconf 88' lang='lat' dir='ltr'><strong>nec</strong></span> <span class='ocrx_word' id='word_1_8' title='bbox 408 283 663 337; x_wconf 75' lang='lat' dir='ltr'>opinantem</span> <span class='ocrx_word' id='word_1_9' title='bbox 697 295 829 334; x_wconf 88' lang='lat' dir='ltr'><strong>poena</strong></span> <span class='ocrx_word' id='word_1_10' title='bbox 861 295 960 334; x_wconf 71' lang='lat' dir='ltr'><strong>quae</strong></span> <span class='ocrx_word' id='word_1_11' title='bbox 993 282 1208 334; x_wconf 84' lang='lat' dir='ltr'><strong>irrogatur</strong></span> <span class='ocrx_word' id='word_1_12' title='bbox 1239 282 1466 335; x_wconf 83' lang='lat' dir='ltr'>oppressit,</span> <span class='ocrx_word' id='word_1_13' title='bbox 1491 296 1545 322; x_wconf 90' lang='lat' dir='ltr'><strong>ne</strong></span> 
     </span>
     <span class='ocr_line' id='line_1_3' title="bbox 82 356 1546 408; baseline -0.004 -6"><span class='ocrx_word' id='word_1_14' title='bbox 82 361 287 402; x_wconf 88' lang='lat' dir='ltr'><strong>videlicet</strong></span> <span class='ocrx_word' id='word_1_15' title='bbox 321 359 466 400; x_wconf 89' lang='lat' dir='ltr'><strong>subito</strong></span> <span class='ocrx_word' id='word_1_16' title='bbox 500 357 748 398; x_wconf 77' lang='lat' dir='ltr'><strong>discrimine</strong></span> <span class='ocrx_word' id='word_1_17' title='bbox 786 361 1096 408; x_wconf 78' lang='lat' dir='ltr'>prosternatur,</span> <span class='ocrx_word' id='word_1_18' title='bbox 1132 362 1175 395; x_wconf 83' lang='lat' dir='ltr'><strong>et</strong></span> <span class='ocrx_word' id='word_1_19' title='bbox 1209 356 1320 396; x_wconf 88' lang='lat' dir='ltr'><strong>sicut</strong></span> <span class='ocrx_word' id='word_1_20' title='bbox 1353 357 1546 396; x_wconf 88' lang='lat' dir='ltr'><strong>triticum</strong></span> 
     </span>
     <span class='ocr_line' id='line_1_4' title="bbox 84 429 1544 487; baseline -0.003 -12"><span class='ocrx_word' id='word_1_21' title='bbox 84 435 335 487; x_wconf 80' lang='lat' dir='ltr'><strong>exagitetur</strong></span> <span class='ocrx_word' id='word_1_22' title='bbox 365 448 391 473; x_wconf 91' lang='lat' dir='ltr'><strong>a</strong></span> <span class='ocrx_word' id='word_1_23' title='bbox 424 432 616 473; x_wconf 87' lang='lat' dir='ltr'><strong>Satana:</strong></span> <span class='ocrx_word' id='word_1_24' title='bbox 650 431 832 470; x_wconf 88' lang='lat' dir='ltr'><strong>minima</strong></span> <span class='ocrx_word' id='word_1_25' title='bbox 861 429 976 469; x_wconf 88' lang='lat' dir='ltr'><strong>enim</strong></span> <span class='ocrx_word' id='word_1_26' title='bbox 1007 442 1085 468; x_wconf 93' lang='lat' dir='ltr'><strong>nos</strong></span> <span class='ocrx_word' id='word_1_27' title='bbox 1108 443 1295 481; x_wconf 67' lang='lat' dir='ltr'><strong>quaeque</strong></span> <span class='ocrx_word' id='word_1_28' title='bbox 1324 429 1544 481; x_wconf 82' lang='lat' dir='ltr'><strong>dejiciunt.</strong></span> 
     </span>
     <span class='ocr_line' id='line_1_5' title="bbox 83 503 1547 557; baseline -0.004 -7"><span class='ocrx_word' id='word_1_29' title='bbox 83 510 196 550; x_wconf 85' lang='lat' dir='ltr'><strong>adeo</strong></span> <span class='ocrx_word' id='word_1_30' title='bbox 228 507 465 548; x_wconf 90' lang='lat' dir='ltr'><strong>imbecilles</strong></span> <span class='ocrx_word' id='word_1_31' title='bbox 498 506 659 557; x_wconf 87' lang='lat' dir='ltr'><strong>ubique</strong></span> <span class='ocrx_word' id='word_1_32' title='bbox 692 518 851 544; x_wconf 89' lang='lat' dir='ltr'><strong>sumus.</strong></span> <span class='ocrx_word' id='word_1_33' title='bbox 917 503 989 543; x_wconf 84' lang='lat' dir='ltr'><strong>Sic</strong></span> <span class='ocrx_word' id='word_1_34' title='bbox 1019 503 1218 551; x_wconf 77' lang='lat' dir='ltr'><strong>faciebat,</strong></span> <span class='ocrx_word' id='word_1_35' title='bbox 1243 504 1317 555; x_wconf 87' lang='lat' dir='ltr'><strong>qui</strong></span> <span class='ocrx_word' id='word_1_36' title='bbox 1345 503 1547 544; x_wconf 86' lang='lat' dir='ltr'><strong>dicebat:</strong></span> 
     </span>
     <span class='ocr_line' id='line_1_6' title="bbox 84 575 1548 624; baseline -0.005 -2"><span class='ocrx_word' id='word_1_37' title='bbox 84 581 471 622; x_wconf 88' lang='lat' dir='ltr'><strong>“Tribulationem</strong></span> <span class='ocrx_word' id='word_1_38' title='bbox 495 585 538 619; x_wconf 88' lang='lat' dir='ltr'><strong>et</strong></span> <span class='ocrx_word' id='word_1_39' title='bbox 560 578 756 618; x_wconf 89' lang='lat' dir='ltr'><strong>dolorem</strong></span> <span class='ocrx_word' id='word_1_40' title='bbox 781 577 937 624; x_wconf 89' lang='lat' dir='ltr'><strong>inveni,</strong></span> <span class='ocrx_word' id='word_1_41' title='bbox 963 582 1005 616; x_wconf 92' lang='lat' dir='ltr'><strong>et</strong></span> <span class='ocrx_word' id='word_1_42' title='bbox 1028 589 1189 615; x_wconf 89' lang='lat' dir='ltr'><strong>nomen</strong></span> <span class='ocrx_word' id='word_1_43' title='bbox 1223 575 1403 615; x_wconf 85' lang='lat' dir='ltr'><strong>Domini</strong></span> <span class='ocrx_word' id='word_1_44' title='bbox 1428 577 1548 615; x_wconf 91' lang='lat' dir='ltr'><strong>invo-</strong></span> 
     </span>
     <span class='ocr_line' id='line_1_7' title="bbox 83 649 1545 707; baseline -0.006 -11"><span class='ocrx_word' id='word_1_45' title='bbox 83 656 177 696; x_wconf 83' lang='lat' dir='ltr'><strong>cavi</strong></span> <span class='ocrx_word' id='word_1_46' title='bbox 198 654 263 704; x_wconf 85' lang='lat' dir='ltr'><strong>;&#39;&#39;l</strong></span> <span class='ocrx_word' id='word_1_47' title='bbox 295 655 398 707; x_wconf 88' lang='lat' dir='ltr'><strong>quia</strong></span> <span class='ocrx_word' id='word_1_48' title='bbox 420 654 537 693; x_wconf 90' lang='lat' dir='ltr'><strong>enim</strong></span> <span class='ocrx_word' id='word_1_49' title='bbox 564 651 760 692; x_wconf 89' lang='lat' dir='ltr'><strong>dolorem</strong></span> <span class='ocrx_word' id='word_1_50' title='bbox 784 651 959 699; x_wconf 82' lang='lat' dir='ltr'><strong>invenit,</strong></span> <span class='ocrx_word' id='word_1_51' title='bbox 984 650 1143 690; x_wconf 90' lang='lat' dir='ltr'><strong>idcirco</strong></span> <span class='ocrx_word' id='word_1_52' title='bbox 1173 662 1333 689; x_wconf 91' lang='lat' dir='ltr'><strong>nomen</strong></span> <span class='ocrx_word' id='word_1_53' title='bbox 1365 649 1545 688; x_wconf 86' lang='lat' dir='ltr'><strong>Domini</strong></span> 
     </span>
     <span class='ocr_line' id='line_1_8' title="bbox 83 723 1546 779; baseline -0.006 -10"><span class='ocrx_word' id='word_1_54' title='bbox 83 729 310 769; x_wconf 90' lang='lat' dir='ltr'><strong>invocavit.</strong></span> <span class='ocrx_word' id='word_1_55' title='bbox 375 726 524 779; x_wconf 75' lang='lat' dir='ltr'><strong>Quare</strong></span> <span class='ocrx_word' id='word_1_56' title='bbox 557 726 820 778; x_wconf 77' lang='lat' dir='ltr'><strong>Gregorius:</strong></span> <span class='ocrx_word' id='word_1_57' title='bbox 870 724 983 763; x_wconf 89' lang='lat' dir='ltr'><strong>“Pia</strong></span> <span class='ocrx_word' id='word_1_58' title='bbox 1017 723 1175 771; x_wconf 83' lang='lat' dir='ltr'><strong>mens,&#39;&#39;</strong></span> <span class='ocrx_word' id='word_1_59' title='bbox 1215 723 1366 775; x_wconf 83' lang='lat' dir='ltr'><strong>inquit,</strong></span> <span class='ocrx_word' id='word_1_60' title='bbox 1408 725 1546 761; x_wconf 88' lang='lat' dir='ltr'><strong>“cum</strong></span> 
     </span>
     <span class='ocr_line' id='line_1_9' title="bbox 82 796 1548 852; baseline -0.005 -10"><span class='ocrx_word' id='word_1_61' title='bbox 82 816 128 842; x_wconf 92' lang='lat' dir='ltr'><strong>se</strong></span> <span class='ocrx_word' id='word_1_62' title='bbox 152 803 333 842; x_wconf 83' lang='lat' dir='ltr'><strong>adversa</strong></span> <span class='ocrx_word' id='word_1_63' title='bbox 355 801 410 840; x_wconf 91' lang='lat' dir='ltr'><strong>ab</strong></span> <span class='ocrx_word' id='word_1_64' title='bbox 433 800 684 840; x_wconf 88' lang='lat' dir='ltr'><strong>hominibus</strong></span> <span class='ocrx_word' id='word_1_65' title='bbox 707 798 875 852; x_wconf 82' lang='lat' dir='ltr'><strong>perpeti</strong></span> <span class='ocrx_word' id='word_1_66' title='bbox 898 797 1122 850; x_wconf 78' lang='lat' dir='ltr'><strong>conspicit,</strong></span> <span class='ocrx_word' id='word_1_67' title='bbox 1148 797 1190 836; x_wconf 92' lang='lat' dir='ltr'><strong>in</strong></span> <span class='ocrx_word' id='word_1_68' title='bbox 1213 797 1372 836; x_wconf 72' lang='lat' dir='ltr'><strong>divinae</strong></span> <span class='ocrx_word' id='word_1_69' title='bbox 1395 796 1548 848; x_wconf 72' lang='lat' dir='ltr'><strong>gratize</strong></span> 
     </span>
     <span class='ocr_line' id='line_1_10' title="bbox 82 868 1548 926; baseline -0.005 -10"><span class='ocrx_word' id='word_1_70' title='bbox 82 876 382 916; x_wconf 79' lang='lat' dir='ltr'><strong>consolatione</strong></span> <span class='ocrx_word' id='word_1_71' title='bbox 427 874 658 926; x_wconf 88' lang='lat' dir='ltr'><strong>requiescit</strong></span> <span class='ocrx_word' id='word_1_72' title='bbox 685 887 692 918; x_wconf 85' lang='grc'><strong>;</strong></span> <span class='ocrx_word' id='word_1_73' title='bbox 745 886 934 924; x_wconf 82' lang='lat' dir='ltr'><strong>cumque</strong></span> <span class='ocrx_word' id='word_1_74' title='bbox 985 872 1280 911; x_wconf 87' lang='lat' dir='ltr'><strong>tentationum</strong></span> <span class='ocrx_word' id='word_1_75' title='bbox 1334 868 1548 923; x_wconf 84' lang='lat' dir='ltr'><strong>procellas</strong></span> 
     </span>
     <span class='ocr_line' id='line_1_11' title="bbox 83 943 1549 997; baseline -0.005 -7"><span class='ocrx_word' id='word_1_76' title='bbox 83 951 321 990; x_wconf 86' lang='lat' dir='ltr'><strong>increscere</strong></span> <span class='ocrx_word' id='word_1_77' title='bbox 372 948 644 988; x_wconf 80' lang='lat' dir='ltr'><strong>extrinsecus</strong></span> <span class='ocrx_word' id='word_1_78' title='bbox 686 946 854 994; x_wconf 87' lang='lat' dir='ltr'><strong>viderit,</strong></span> <span class='ocrx_word' id='word_1_79' title='bbox 899 958 1117 985; x_wconf 88' lang='lat' dir='ltr'><strong>secessum</strong></span> <span class='ocrx_word' id='word_1_80' title='bbox 1160 944 1252 997; x_wconf 88' lang='lat' dir='ltr'><strong>spei</strong></span> <span class='ocrx_word' id='word_1_81' title='bbox 1303 943 1549 983; x_wconf 77' lang='lat' dir='ltr'><strong>Dominica:</strong></span> 
     </span>
     <span class='ocr_line' id='line_1_12' title="bbox 81 1017 1551 1076; baseline -0.005 -12"><span class='ocrx_word' id='word_1_82' title='bbox 81 1029 308 1076; x_wconf 76' lang='lat' dir='ltr'><strong>appetenS,</strong></span> <span class='ocrx_word' id='word_1_83' title='bbox 333 1023 446 1062; x_wconf 88' lang='lat' dir='ltr'><strong>intra</strong></span> <span class='ocrx_word' id='word_1_84' title='bbox 474 1021 751 1062; x_wconf 78' lang='lat' dir='ltr'><strong>conscientiae</strong></span> <span class='ocrx_word' id='word_1_85' title='bbox 783 1026 959 1072; x_wconf 87' lang='lat' dir='ltr'><strong>portum</strong></span> <span class='ocrx_word' id='word_1_86' title='bbox 984 1017 1155 1071; x_wconf 74' lang='lat' dir='ltr'><strong>fugit.’&#39;2</strong></span> <span class='ocrx_word' id='word_1_87' title='bbox 1217 1018 1276 1057; x_wconf 87' lang='lat' dir='ltr'><strong>Et</strong></span> <span class='ocrx_word' id='word_1_88' title='bbox 1310 1017 1351 1058; x_wconf 84' lang='lat' dir='ltr'><strong>S.</strong></span> <span class='ocrx_word' id='word_1_89' title='bbox 1373 1018 1551 1057; x_wconf 87' lang='lat' dir='ltr'><strong>Marcus</strong></span> 
     </span>
     <span class='ocr_line' id='line_1_13' title="bbox 84 1092 1547 1146; baseline -0.005 -9"><span class='ocrx_word' id='word_1_90' title='bbox 84 1097 307 1137; x_wconf 85' lang='lat' dir='ltr'><strong>Eremita:</strong></span> <span class='ocrx_word' id='word_1_91' title='bbox 347 1096 431 1137; x_wconf 85' lang='lat' dir='ltr'><strong>“Si</strong></span> <span class='ocrx_word' id='word_1_92' title='bbox 463 1094 686 1140; x_wconf 78' lang='lat' dir='ltr'><strong>volueris,&#39;&#39;</strong></span> <span class='ocrx_word' id='word_1_93' title='bbox 711 1095 866 1146; x_wconf 89' lang='lat' dir='ltr'><strong>inquit,</strong></span> <span class='ocrx_word' id='word_1_94' title='bbox 894 1093 1228 1132; x_wconf 78' lang='lat' dir='ltr'><strong>“indesinenter</strong></span> <span class='ocrx_word' id='word_1_95' title='bbox 1260 1092 1343 1132; x_wconf 91' lang='lat' dir='ltr'><strong>Dei</strong></span> <span class='ocrx_word' id='word_1_96' title='bbox 1378 1104 1547 1131; x_wconf 88' lang='lat' dir='ltr'><strong>memor</strong></span> 
     </span>
     <span class='ocr_line' id='line_1_14' title="bbox 83 1165 1549 1221; baseline -0.005 -10"><span class='ocrx_word' id='word_1_97' title='bbox 83 1184 187 1218; x_wconf 86' lang='lat' dir='ltr'><strong>esse,</strong></span> <span class='ocrx_word' id='word_1_98' title='bbox 225 1185 279 1210; x_wconf 89' lang='lat' dir='ltr'><strong>ne</strong></span> <span class='ocrx_word' id='word_1_99' title='bbox 313 1171 520 1210; x_wconf 86' lang='lat' dir='ltr'><strong>averseris</strong></span> <span class='ocrx_word' id='word_1_100' title='bbox 555 1169 648 1221; x_wconf 93' lang='lat' dir='ltr'><strong>ejus</strong></span> <span class='ocrx_word' id='word_1_101' title='bbox 682 1168 980 1220; x_wconf 86' lang='lat' dir='ltr'><strong>correptiones</strong></span> <span class='ocrx_word' id='word_1_102' title='bbox 1017 1173 1060 1206; x_wconf 91' lang='lat' dir='ltr'><strong>et</strong></span> <span class='ocrx_word' id='word_1_103' title='bbox 1103 1180 1270 1219; x_wconf 91' lang='lat' dir='ltr'><strong>poenas,</strong></span> <span class='ocrx_word' id='word_1_104' title='bbox 1315 1166 1392 1205; x_wconf 87' lang='lat' dir='ltr'><strong>sed</strong></span> <span class='ocrx_word' id='word_1_105' title='bbox 1429 1165 1549 1205; x_wconf 87' lang='lat' dir='ltr'><strong>velut</strong></span> 
     </span>
     <span class='ocr_line' id='line_1_15' title="bbox 77 1238 1548 1297; baseline -0.005 -13"><span class='ocrx_word' id='word_1_106' title='bbox 77 1245 196 1297; x_wconf 90' lang='lat' dir='ltr'><strong>juste</strong></span> <span class='ocrx_word' id='word_1_107' title='bbox 229 1244 463 1291; x_wconf 88' lang='lat' dir='ltr'><strong>venientes,</strong></span> <span class='ocrx_word' id='word_1_108' title='bbox 494 1242 640 1282; x_wconf 84' lang='lat' dir='ltr'><strong>tolera.</strong></span> <span class='ocrx_word' id='word_1_109' title='bbox 720 1241 766 1282; x_wconf 84' lang='lat' dir='ltr'><strong>Si</strong></span> <span class='ocrx_word' id='word_1_110' title='bbox 803 1240 982 1293; x_wconf 88' lang='lat' dir='ltr'><strong>quidem</strong></span> <span class='ocrx_word' id='word_1_111' title='bbox 1022 1240 1254 1280; x_wconf 84' lang='lat' dir='ltr'><strong>tolerantia</strong></span> <span class='ocrx_word' id='word_1_112' title='bbox 1289 1240 1331 1279; x_wconf 87' lang='lat' dir='ltr'><strong>in</strong></span> <span class='ocrx_word' id='word_1_113' title='bbox 1368 1238 1548 1291; x_wconf 80' lang='lat' dir='ltr'><strong>singulis</strong></span> 
     </span>
     <span class='ocr_line' id='line_1_16' title="bbox 83 1311 1459 1358; baseline -0.004 0"><span class='ocrx_word' id='word_1_114' title='bbox 83 1318 208 1358; x_wconf 85' lang='lat' dir='ltr'><strong>malis</strong></span> <span class='ocrx_word' id='word_1_115' title='bbox 231 1316 529 1358; x_wconf 87' lang='lat' dir='ltr'><strong>accidentibus</strong></span> <span class='ocrx_word' id='word_1_116' title='bbox 554 1316 636 1355; x_wconf 88' lang='lat' dir='ltr'><strong>Dei</strong></span> <span class='ocrx_word' id='word_1_117' title='bbox 663 1315 924 1355; x_wconf 87' lang='lat' dir='ltr'><strong>memoriam</strong></span> <span class='ocrx_word' id='word_1_118' title='bbox 949 1319 1132 1353; x_wconf 88' lang='lat' dir='ltr'><strong>renovat</strong></span> <span class='ocrx_word' id='word_1_119' title='bbox 1154 1327 1204 1353; x_wconf 92' lang='lat' dir='ltr'><strong>ac</strong></span> <span class='ocrx_word' id='word_1_120' title='bbox 1228 1311 1459 1353; x_wconf 83' lang='lat' dir='ltr'><strong>refricat.&#39;&#39;3</strong></span> 
     </span>
     <span class='ocr_line' id='line_1_17' title="bbox 173 1387 1551 1444; baseline -0.004 -13"><span class='ocrx_word' id='word_1_121' title='bbox 173 1390 367 1444; x_wconf 87' lang='lat' dir='ltr'><strong>Impellit</strong></span> <span class='ocrx_word' id='word_1_122' title='bbox 396 1390 528 1442; x_wconf 80' lang='lat' dir='ltr'><strong>igitur</strong></span> <span class='ocrx_word' id='word_1_123' title='bbox 549 1403 629 1429; x_wconf 86' lang='lat' dir='ltr'><strong>nos</strong></span> <span class='ocrx_word' id='word_1_124' title='bbox 661 1389 716 1428; x_wconf 81' lang='lat' dir='ltr'><strong>ad</strong></span> <span class='ocrx_word' id='word_1_125' title='bbox 750 1388 993 1428; x_wconf 85' lang='lat' dir='ltr'><strong>orationem</strong></span> <span class='ocrx_word' id='word_1_126' title='bbox 1029 1387 1238 1439; x_wconf 88' lang='lat' dir='ltr'><strong>imposita</strong></span> <span class='ocrx_word' id='word_1_127' title='bbox 1270 1400 1404 1439; x_wconf 85' lang='lat' dir='ltr'><strong>poena</strong></span> <span class='ocrx_word' id='word_1_128' title='bbox 1437 1400 1551 1439; x_wconf 55' lang='lat' dir='ltr'><strong>pra}-</strong></span> 
     </span>
     <span class='ocr_line' id='line_1_18' title="bbox 82 1460 1552 1516; baseline -0.003 -11"><span class='ocrx_word' id='word_1_129' title='bbox 82 1465 232 1506; x_wconf 89' lang='lat' dir='ltr'><strong>sertim</strong></span> <span class='ocrx_word' id='word_1_130' title='bbox 265 1478 364 1505; x_wconf 90' lang='lat' dir='ltr'><strong>cum</strong></span> <span class='ocrx_word' id='word_1_131' title='bbox 398 1469 463 1504; x_wconf 91' lang='lat' dir='ltr'><strong>est</strong></span> <span class='ocrx_word' id='word_1_132' title='bbox 484 1464 657 1516; x_wconf 80' lang='lat' dir='ltr'><strong>gravior</strong></span> <span class='ocrx_word' id='word_1_133' title='bbox 678 1468 721 1502; x_wconf 90' lang='lat' dir='ltr'><strong>et</strong></span> <span class='ocrx_word' id='word_1_134' title='bbox 745 1462 984 1514; x_wconf 86' lang='lat' dir='ltr'><strong>repentina.</strong></span> <span class='ocrx_word' id='word_1_135' title='bbox 1051 1461 1254 1500; x_wconf 79' lang='lat' dir='ltr'><strong>Maxima</strong></span> <span class='ocrx_word' id='word_1_136' title='bbox 1282 1460 1413 1512; x_wconf 80' lang='lat' dir='ltr'><strong>igitur</strong></span> <span class='ocrx_word' id='word_1_137' title='bbox 1436 1461 1478 1499; x_wconf 89' lang='lat' dir='ltr'><strong>in</strong></span> <span class='ocrx_word' id='word_1_138' title='bbox 1501 1473 1552 1500; x_wconf 85' lang='lat' dir='ltr'><strong>ea</strong></span> 
     </span>
     <span class='ocr_line' id='line_1_19' title="bbox 84 1534 1554 1590; baseline -0.005 -11"><span class='ocrx_word' id='word_1_139' title='bbox 84 1538 248 1579; x_wconf 87' lang='lat' dir='ltr'><strong>utilitas</strong></span> <span class='ocrx_word' id='word_1_140' title='bbox 290 1538 413 1587; x_wconf 90' lang='lat' dir='ltr'><strong>inest,</strong></span> <span class='ocrx_word' id='word_1_141' title='bbox 457 1538 490 1577; x_wconf 94' lang='lat' dir='ltr'><strong>si</strong></span> <span class='ocrx_word' id='word_1_142' title='bbox 534 1538 605 1590; x_wconf 89' lang='lat' dir='ltr'><strong>pie</strong></span> <span class='ocrx_word' id='word_1_143' title='bbox 648 1542 885 1588; x_wconf 85' lang='lat' dir='ltr'><strong>sancteque</strong></span> <span class='ocrx_word' id='word_1_144' title='bbox 937 1534 1156 1575; x_wconf 88' lang='lat' dir='ltr'><strong>toleretur.</strong></span> <span class='ocrx_word' id='word_1_145' title='bbox 1223 1534 1287 1574; x_wconf 93' lang='lat' dir='ltr'><strong>Ut</strong></span> <span class='ocrx_word' id='word_1_146' title='bbox 1330 1547 1417 1573; x_wconf 88' lang='lat' dir='ltr'><strong>non</strong></span> <span class='ocrx_word' id='word_1_147' title='bbox 1461 1534 1554 1573; x_wconf 90' lang='lat' dir='ltr'><strong>sine</strong></span> 
     </span>
     <span class='ocr_line' id='line_1_20' title="bbox 85 1608 1556 1664; baseline -0.005 -11"><span class='ocrx_word' id='word_1_148' title='bbox 85 1625 217 1653; x_wconf 86' lang='lat' dir='ltr'><strong>causa</strong></span> <span class='ocrx_word' id='word_1_149' title='bbox 237 1612 432 1664; x_wconf 87' lang='lat' dir='ltr'><strong>Joannes</strong></span> <span class='ocrx_word' id='word_1_150' title='bbox 464 1610 651 1659; x_wconf 58' lang='lat' dir='ltr'><strong>Abbas,4</strong></span> <span class='ocrx_word' id='word_1_151' title='bbox 681 1610 731 1659; x_wconf 88' lang='lat' dir='ltr'><strong>ei,</strong></span> <span class='ocrx_word' id='word_1_152' title='bbox 765 1609 838 1662; x_wconf 87' lang='lat' dir='ltr'><strong>qui</strong></span> <span class='ocrx_word' id='word_1_153' title='bbox 873 1623 918 1648; x_wconf 92' lang='lat' dir='ltr'><strong>se</strong></span> <span class='ocrx_word' id='word_1_154' title='bbox 950 1608 1005 1648; x_wconf 86' lang='lat' dir='ltr'><strong>ad</strong></span> <span class='ocrx_word' id='word_1_155' title='bbox 1041 1609 1125 1647; x_wconf 90' lang='lat' dir='ltr'><strong>Dei</strong></span> <span class='ocrx_word' id='word_1_156' title='bbox 1161 1608 1416 1647; x_wconf 87' lang='lat' dir='ltr'><strong>servitutem</strong></span> <span class='ocrx_word' id='word_1_157' title='bbox 1453 1620 1556 1648; x_wconf 86' lang='lat' dir='ltr'><strong>con-</strong></span> 
     </span>
     <span class='ocr_line' id='line_1_21' title="bbox 84 1682 1552 1735; baseline -0.003 -9"><span class='ocrx_word' id='word_1_158' title='bbox 84 1685 265 1734; x_wconf 85' lang='lat' dir='ltr'><strong>ferebat,</strong></span> <span class='ocrx_word' id='word_1_159' title='bbox 305 1686 347 1725; x_wconf 90' lang='lat' dir='ltr'><strong>id</strong></span> <span class='ocrx_word' id='word_1_160' title='bbox 390 1684 557 1725; x_wconf 87' lang='lat' dir='ltr'><strong>consilii</strong></span> <span class='ocrx_word' id='word_1_161' title='bbox 600 1684 782 1731; x_wconf 88' lang='lat' dir='ltr'><strong>dederit,</strong></span> <span class='ocrx_word' id='word_1_162' title='bbox 822 1689 869 1723; x_wconf 93' lang='lat' dir='ltr'><strong>ut</strong></span> <span class='ocrx_word' id='word_1_163' title='bbox 913 1688 1126 1735; x_wconf 84' lang='lat' dir='ltr'><strong>quaereret</strong></span> <span class='ocrx_word' id='word_1_164' title='bbox 1169 1682 1250 1722; x_wconf 89' lang='lat' dir='ltr'><strong>sibi</strong></span> <span class='ocrx_word' id='word_1_165' title='bbox 1294 1682 1552 1735; x_wconf 81' lang='lat' dir='ltr'><strong>magistrum</strong></span> 
     </span>
     <span class='ocr_line' id='line_1_22' title="bbox 87 1754 1556 1810; baseline -0.004 -10"><span class='ocrx_word' id='word_1_166' title='bbox 87 1773 221 1800; x_wconf 89' lang='lat' dir='ltr'><strong>unum</strong></span> <span class='ocrx_word' id='word_1_167' title='bbox 259 1759 456 1799; x_wconf 89' lang='lat' dir='ltr'><strong>omnium</strong></span> <span class='ocrx_word' id='word_1_168' title='bbox 494 1758 798 1810; x_wconf 87' lang='lat' dir='ltr'><strong>asperrimum,</strong></span> <span class='ocrx_word' id='word_1_169' title='bbox 836 1757 918 1796; x_wconf 88' lang='lat' dir='ltr'><strong>sub</strong></span> <span class='ocrx_word' id='word_1_170' title='bbox 962 1770 1051 1808; x_wconf 91' lang='lat' dir='ltr'><strong>quo</strong></span> <span class='ocrx_word' id='word_1_171' title='bbox 1093 1756 1368 1796; x_wconf 91' lang='lat' dir='ltr'><strong>continenter</strong></span> <span class='ocrx_word' id='word_1_172' title='bbox 1409 1754 1556 1806; x_wconf 89' lang='lat' dir='ltr'><strong>objur-</strong></span> 
     </span>
     <span class='ocr_line' id='line_1_23' title="bbox 86 1827 1556 1886; baseline -0.003 -13"><span class='ocrx_word' id='word_1_173' title='bbox 86 1834 287 1886; x_wconf 79' lang='lat' dir='ltr'><strong>gationes</strong></span> <span class='ocrx_word' id='word_1_174' title='bbox 324 1838 367 1872; x_wconf 91' lang='lat' dir='ltr'><strong>et</strong></span> <span class='ocrx_word' id='word_1_175' title='bbox 403 1831 708 1875; x_wconf 81' lang='lat' dir='ltr'><strong>contumelias,</strong></span> <span class='ocrx_word' id='word_1_176' title='bbox 748 1836 961 1882; x_wconf 79' lang='lat' dir='ltr'><strong>tanquam</strong></span> <span class='ocrx_word' id='word_1_177' title='bbox 1007 1829 1092 1869; x_wconf 88' lang='lat' dir='ltr'><strong>mel</strong></span> <span class='ocrx_word' id='word_1_178' title='bbox 1133 1835 1177 1868; x_wconf 91' lang='lat' dir='ltr'><strong>et</strong></span> <span class='ocrx_word' id='word_1_179' title='bbox 1218 1828 1297 1876; x_wconf 83' lang='lat' dir='ltr'><strong>lac,</strong></span> <span class='ocrx_word' id='word_1_180' title='bbox 1336 1827 1556 1877; x_wconf 86' lang='lat' dir='ltr'><strong>hauriret;</strong></span> 
     </span>
     <span class='ocr_line' id='line_1_24' title="bbox 87 1902 1557 1958; baseline -0.004 -11"><span class='ocrx_word' id='word_1_181' title='bbox 87 1907 200 1947; x_wconf 88' lang='lat' dir='ltr'><strong>tanti</strong></span> <span class='ocrx_word' id='word_1_182' title='bbox 237 1911 330 1946; x_wconf 89' lang='lat' dir='ltr'><strong>erat</strong></span> <span class='ocrx_word' id='word_1_183' title='bbox 363 1905 480 1958; x_wconf 89' lang='lat' dir='ltr'><strong>apud</strong></span> <span class='ocrx_word' id='word_1_184' title='bbox 526 1917 625 1944; x_wconf 89' lang='lat' dir='ltr'><strong>eum</strong></span> <span class='ocrx_word' id='word_1_185' title='bbox 664 1903 770 1951; x_wconf 81' lang='lat' dir='ltr'><strong>haec,</strong></span> <span class='ocrx_word' id='word_1_186' title='bbox 810 1904 865 1943; x_wconf 87' lang='lat' dir='ltr'><strong>de</strong></span> <span class='ocrx_word' id='word_1_187' title='bbox 902 1916 988 1955; x_wconf 89' lang='lat' dir='ltr'><strong>qua</strong></span> <span class='ocrx_word' id='word_1_188' title='bbox 1031 1903 1261 1954; x_wconf 85' lang='lat' dir='ltr'><strong>loquimur,</strong></span> <span class='ocrx_word' id='word_1_189' title='bbox 1298 1902 1557 1942; x_wconf 79' lang='lat' dir='ltr'><strong>exercitatio</strong></span> 
     </span>
     <span class='ocr_line' id='line_1_25' title="bbox 86 1976 1556 2028; baseline -0.003 -8"><span class='ocrx_word' id='word_1_190' title='bbox 86 1980 268 2020; x_wconf 88' lang='lat' dir='ltr'><strong>virtutis.</strong></span> <span class='ocrx_word' id='word_1_191' title='bbox 319 1979 378 2018; x_wconf 89' lang='lat' dir='ltr'><strong>Et</strong></span> <span class='ocrx_word' id='word_1_192' title='bbox 402 1980 445 2018; x_wconf 91' lang='lat' dir='ltr'><strong>in</strong></span> <span class='ocrx_word' id='word_1_193' title='bbox 466 1978 568 2018; x_wconf 90' lang='lat' dir='ltr'><strong>vitis</strong></span> <span class='ocrx_word' id='word_1_194' title='bbox 592 1978 774 2018; x_wconf 80' lang='lat' dir='ltr'><strong>fratrum</strong></span> <span class='ocrx_word' id='word_1_195' title='bbox 798 1976 978 2017; x_wconf 89' lang='lat' dir='ltr'><strong>Ordinis</strong></span> <span class='ocrx_word' id='word_1_196' title='bbox 1002 1977 1181 2017; x_wconf 89' lang='lat' dir='ltr'><strong>Eremit.</strong></span> <span class='ocrx_word' id='word_1_197' title='bbox 1207 1976 1430 2016; x_wconf 68' lang='lat' dir='ltr'><strong>memoriae</strong></span> <span class='ocrx_word' id='word_1_198' title='bbox 1457 1989 1556 2028; x_wconf 88' lang='lat' dir='ltr'><strong>pro·</strong></span> 
     </span>
     <span class='ocr_line' id='line_1_26' title="bbox 87 2049 1554 2105; baseline -0.003 -11"><span class='ocrx_word' id='word_1_199' title='bbox 87 2053 215 2102; x_wconf 81' lang='lat' dir='ltr'><strong>ditur,</strong></span> <span class='ocrx_word' id='word_1_200' title='bbox 239 2066 339 2093; x_wconf 90' lang='lat' dir='ltr'><strong>cum</strong></span> <span class='ocrx_word' id='word_1_201' title='bbox 362 2052 543 2105; x_wconf 86' lang='lat' dir='ltr'><strong>quidam</strong></span> <span class='ocrx_word' id='word_1_202' title='bbox 567 2052 701 2092; x_wconf 86' lang='lat' dir='ltr'><strong>frater</strong></span> <span class='ocrx_word' id='word_1_203' title='bbox 722 2065 780 2091; x_wconf 81' lang='lat' dir='ltr'><strong>ex</strong></span> <span class='ocrx_word' id='word_1_204' title='bbox 803 2050 1007 2090; x_wconf 87' lang='lat' dir='ltr'><strong>coenobio</strong></span> <span class='ocrx_word' id='word_1_205' title='bbox 1031 2051 1104 2090; x_wconf 87' lang='lat' dir='ltr'><strong>ubi</strong></span> <span class='ocrx_word' id='word_1_206' title='bbox 1134 2051 1323 2090; x_wconf 87' lang='lat' dir='ltr'><strong>severior</strong></span> <span class='ocrx_word' id='word_1_207' title='bbox 1345 2049 1554 2090; x_wconf 89' lang='lat' dir='ltr'><strong>adminis-</strong></span> 
     </span>
     <span class='ocr_line' id='line_1_27' title="bbox 85 2124 1553 2175; baseline -0.003 -7"><span class='ocrx_word' id='word_1_208' title='bbox 85 2127 233 2169; x_wconf 87' lang='lat' dir='ltr'><strong>trabat</strong></span> <span class='ocrx_word' id='word_1_209' title='bbox 251 2127 419 2175; x_wconf 87' lang='lat' dir='ltr'><strong>Abbas,</strong></span> <span class='ocrx_word' id='word_1_210' title='bbox 436 2126 492 2166; x_wconf 89' lang='lat' dir='ltr'><strong>ad</strong></span> <span class='ocrx_word' id='word_1_211' title='bbox 511 2125 628 2166; x_wconf 91' lang='lat' dir='ltr'><strong>aliud</strong></span> <span class='ocrx_word' id='word_1_212' title='bbox 649 2139 694 2165; x_wconf 88' lang='lat' dir='ltr'><strong>se</strong></span> <span class='ocrx_word' id='word_1_213' title='bbox 711 2124 944 2165; x_wconf 89' lang='lat' dir='ltr'><strong>transferre</strong></span> <span class='ocrx_word' id='word_1_214' title='bbox 962 2124 1258 2172; x_wconf 87' lang='lat' dir='ltr'><strong>meditaretur,</strong></span> <span class='ocrx_word' id='word_1_215' title='bbox 1276 2124 1553 2164; x_wconf 87' lang='lat' dir='ltr'><strong>admonitum</strong></span> 
     </span>
     <span class='ocr_line' id='line_1_28' title="bbox 89 2197 1558 2252; baseline -0.003 -10"><span class='ocrx_word' id='word_1_216' title='bbox 89 2215 184 2243; x_wconf 90' lang='lat' dir='ltr'><strong>esse</strong></span> <span class='ocrx_word' id='word_1_217' title='bbox 218 2215 243 2241; x_wconf 83' lang='lat' dir='ltr'><strong>a</strong></span> <span class='ocrx_word' id='word_1_218' title='bbox 281 2201 327 2241; x_wconf 86' lang='lat' dir='ltr'><strong>B.</strong></span> <span class='ocrx_word' id='word_1_219' title='bbox 347 2202 518 2252; x_wconf 87' lang='lat' dir='ltr'><strong>Joanne</strong></span> <span class='ocrx_word' id='word_1_220' title='bbox 561 2200 774 2252; x_wconf 83' lang='lat' dir='ltr'><strong>Baptista,</strong></span> <span class='ocrx_word' id='word_1_221' title='bbox 812 2199 879 2238; x_wconf 91' lang='lat' dir='ltr'><strong>cui</strong></span> <span class='ocrx_word' id='word_1_222' title='bbox 918 2198 1141 2251; x_wconf 63' lang='lat' dir='ltr'><strong>praecipuo</strong></span> <span class='ocrx_word' id='word_1_223' title='bbox 1178 2198 1373 2250; x_wconf 87' lang='lat' dir='ltr'><strong>quodam</strong></span> <span class='ocrx_word' id='word_1_224' title='bbox 1411 2197 1558 2238; x_wconf 90' lang='lat' dir='ltr'><strong>studio</strong></span> 
     </span>
     <span class='ocr_line' id='line_1_29' title="bbox 89 2270 1558 2324; baseline -0.003 -9"><span class='ocrx_word' id='word_1_225' title='bbox 89 2281 184 2316; x_wconf 88' lang='lat' dir='ltr'><strong>erat</strong></span> <span class='ocrx_word' id='word_1_226' title='bbox 215 2275 428 2324; x_wconf 89' lang='lat' dir='ltr'><strong>addictus,</strong></span> <span class='ocrx_word' id='word_1_227' title='bbox 459 2287 513 2314; x_wconf 90' lang='lat' dir='ltr'><strong>ne</strong></span> <span class='ocrx_word' id='word_1_228' title='bbox 543 2273 799 2321; x_wconf 89' lang='lat' dir='ltr'><strong>discederet,</strong></span> <span class='ocrx_word' id='word_1_229' title='bbox 823 2272 941 2324; x_wconf 88' lang='lat' dir='ltr'><strong>quod</strong></span> <span class='ocrx_word' id='word_1_230' title='bbox 975 2273 1012 2311; x_wconf 91' lang='lat' dir='ltr'><strong>ei</strong></span> <span class='ocrx_word' id='word_1_231' title='bbox 1045 2272 1234 2312; x_wconf 86' lang='lat' dir='ltr'><strong>salutare</strong></span> <span class='ocrx_word' id='word_1_232' title='bbox 1267 2271 1379 2312; x_wconf 87' lang='lat' dir='ltr'><strong>foret</strong></span> <span class='ocrx_word' id='word_1_233' title='bbox 1408 2272 1441 2312; x_wconf 91' lang='lat' dir='ltr'><strong>si</strong></span> <span class='ocrx_word' id='word_1_234' title='bbox 1477 2270 1558 2312; x_wconf 90' lang='lat' dir='ltr'><strong>sub</strong></span> 
     </span>
     <span class='ocr_line' id='line_1_30' title="bbox 90 2346 1390 2401; baseline -0.003 -12"><span class='ocrx_word' id='word_1_235' title='bbox 90 2349 184 2401; x_wconf 90' lang='lat' dir='ltr'><strong>ejus</strong></span> <span class='ocrx_word' id='word_1_236' title='bbox 206 2348 400 2388; x_wconf 88' lang='lat' dir='ltr'><strong>Abbatis</strong></span> <span class='ocrx_word' id='word_1_237' title='bbox 423 2346 654 2400; x_wconf 90' lang='lat' dir='ltr'><strong>disciplina</strong></span> <span class='ocrx_word' id='word_1_238' title='bbox 675 2347 732 2387; x_wconf 85' lang='lat' dir='ltr'><strong>ad</strong></span> <span class='ocrx_word' id='word_1_239' title='bbox 756 2352 944 2386; x_wconf 90' lang='lat' dir='ltr'><strong>mortem</strong></span> <span class='ocrx_word' id='word_1_240' title='bbox 968 2359 1106 2398; x_wconf 90' lang='lat' dir='ltr'><strong>usque</strong></span> <span class='ocrx_word' id='word_1_241' title='bbox 1128 2346 1390 2398; x_wconf 89' lang='lat' dir='ltr'><strong>persisteret.</strong></span> 
     </span>
     <span class='ocr_line' id='line_1_31' title="bbox 179 2419 1557 2475; baseline -0.001 -14"><span class='ocrx_word' id='word_1_242' title='bbox 179 2421 350 2475; x_wconf 77' lang='lat' dir='ltr'><strong>Quarta</strong></span> <span class='ocrx_word' id='word_1_243' title='bbox 382 2420 547 2461; x_wconf 89' lang='lat' dir='ltr'><strong>utilitas</strong></span> <span class='ocrx_word' id='word_1_244' title='bbox 590 2426 666 2468; x_wconf 92' lang='lat' dir='ltr'><strong>est,</strong></span> <span class='ocrx_word' id='word_1_245' title='bbox 703 2419 822 2472; x_wconf 89' lang='lat' dir='ltr'><strong>quod</strong></span> <span class='ocrx_word' id='word_1_246' title='bbox 858 2419 999 2471; x_wconf 80' lang='lat' dir='ltr'><strong>magis</strong></span> <span class='ocrx_word' id='word_1_247' title='bbox 1034 2419 1253 2472; x_wconf 85' lang='lat' dir='ltr'><strong>imposita,</strong></span> <span class='ocrx_word' id='word_1_248' title='bbox 1288 2433 1422 2472; x_wconf 87' lang='lat' dir='ltr'><strong>quam</strong></span> <span class='ocrx_word' id='word_1_249' title='bbox 1464 2433 1557 2460; x_wconf 85' lang='lat' dir='ltr'><strong>sus-</strong></span> 
     </span>
     <span class='ocr_line' id='line_1_32' title="bbox 92 2491 1553 2548; baseline -0.002 -12"><span class='ocrx_word' id='word_1_250' title='bbox 92 2501 220 2548; x_wconf 88' lang='lat' dir='ltr'><strong>cepta</strong></span> <span class='ocrx_word' id='word_1_251' title='bbox 238 2509 315 2535; x_wconf 91' lang='lat' dir='ltr'><strong>sua</strong></span> <span class='ocrx_word' id='word_1_252' title='bbox 332 2494 558 2535; x_wconf 86' lang='lat' dir='ltr'><strong>voluntate</strong></span> <span class='ocrx_word' id='word_1_253' title='bbox 581 2507 714 2546; x_wconf 88' lang='lat' dir='ltr'><strong>poena</strong></span> <span class='ocrx_word' id='word_1_254' title='bbox 732 2492 928 2533; x_wconf 91' lang='lat' dir='ltr'><strong>occultos</strong></span> <span class='ocrx_word' id='word_1_255' title='bbox 950 2491 1100 2532; x_wconf 92' lang='lat' dir='ltr'><strong>hostes</strong></span> <span class='ocrx_word' id='word_1_256' title='bbox 1122 2499 1309 2534; x_wconf 87' lang='lat' dir='ltr'><strong>enervat.</strong></span> <span class='ocrx_word' id='word_1_257' title='bbox 1346 2493 1553 2540; x_wconf 90' lang='lat' dir='ltr'><strong>Primum,</strong></span> 
     </span>
     <span class='ocr_line' id='line_1_33' title="bbox 93 2566 1554 2621; baseline -0.001 -13"><span class='ocrx_word' id='word_1_258' title='bbox 93 2569 197 2621; x_wconf 88' lang='lat' dir='ltr'><strong>quia</strong></span> <span class='ocrx_word' id='word_1_259' title='bbox 233 2567 422 2618; x_wconf 89' lang='lat' dir='ltr'><strong>diabolo,</strong></span> <span class='ocrx_word' id='word_1_260' title='bbox 455 2568 528 2620; x_wconf 89' lang='lat' dir='ltr'><strong>qui</strong></span> <span class='ocrx_word' id='word_1_261' title='bbox 571 2567 816 2607; x_wconf 83' lang='lat' dir='ltr'><strong>animarum</strong></span> <span class='ocrx_word' id='word_1_262' title='bbox 855 2567 1012 2619; x_wconf 83' lang='lat' dir='ltr'><strong>quaerit</strong></span> <span class='ocrx_word' id='word_1_263' title='bbox 1054 2567 1289 2616; x_wconf 89' lang='lat' dir='ltr'><strong>interitum,</strong></span> <span class='ocrx_word' id='word_1_264' title='bbox 1327 2581 1461 2620; x_wconf 85' lang='lat' dir='ltr'><strong>poena</strong></span> <span class='ocrx_word' id='word_1_265' title='bbox 1498 2566 1554 2607; x_wconf 89' lang='lat' dir='ltr'><strong>ad</strong></span> 
     </span>
     <span class='ocr_line' id='line_1_34' title="bbox 93 2639 1556 2693; baseline -0.002 -10"><span class='ocrx_word' id='word_1_266' title='bbox 93 2642 447 2683; x_wconf 87' lang='lat' dir='ltr'><strong>emendationem</strong></span> <span class='ocrx_word' id='word_1_267' title='bbox 500 2641 707 2693; x_wconf 89' lang='lat' dir='ltr'><strong>imposita</strong></span> <span class='ocrx_word' id='word_1_268' title='bbox 758 2654 845 2680; x_wconf 92' lang='lat' dir='ltr'><strong>non</strong></span> <span class='ocrx_word' id='word_1_269' title='bbox 896 2646 1043 2693; x_wconf 90' lang='lat' dir='ltr'><strong>potest</strong></span> <span class='ocrx_word' id='word_1_270' title='bbox 1085 2654 1171 2681; x_wconf 91' lang='lat' dir='ltr'><strong>non</strong></span> <span class='ocrx_word' id='word_1_271' title='bbox 1224 2655 1318 2681; x_wconf 92' lang='lat' dir='ltr'><strong>esse</strong></span> <span class='ocrx_word' id='word_1_272' title='bbox 1369 2639 1556 2680; x_wconf 84' lang='lat' dir='ltr'><strong>molesta</strong></span> 
     </span>
     <span class='ocr_line' id='line_1_35' title="bbox 91 2713 1556 2769; baseline -0.003 -12"><span class='ocrx_word' id='word_1_273' title='bbox 91 2721 226 2769; x_wconf 84' lang='lat' dir='ltr'><strong>atque</strong></span> <span class='ocrx_word' id='word_1_274' title='bbox 263 2716 433 2756; x_wconf 85' lang='lat' dir='ltr'><strong>invisa:</strong></span> <span class='ocrx_word' id='word_1_275' title='bbox 485 2715 645 2755; x_wconf 90' lang='lat' dir='ltr'><strong>deinde</strong></span> <span class='ocrx_word' id='word_1_276' title='bbox 686 2714 790 2767; x_wconf 88' lang='lat' dir='ltr'><strong>quia</strong></span> <span class='ocrx_word' id='word_1_277' title='bbox 831 2719 956 2754; x_wconf 85' lang='lat' dir='ltr'><strong>tanta</strong></span> <span class='ocrx_word' id='word_1_278' title='bbox 996 2714 1169 2755; x_wconf 86' lang='lat' dir='ltr'><strong>virtutis</strong></span> <span class='ocrx_word' id='word_1_279' title='bbox 1210 2720 1254 2754; x_wconf 91' lang='lat' dir='ltr'><strong>et</strong></span> <span class='ocrx_word' id='word_1_280' title='bbox 1295 2713 1556 2754; x_wconf 86' lang='lat' dir='ltr'><strong>humilitatis</strong></span> 
     </span>
    </p>
   </div>
   <div class='ocr_carea' id='block_1_3' title="bbox 337 2827 1309 2922">
    <p class='ocr_par' dir='ltr' id='par_1_3' title="bbox 337 2827 1309 2922">
     <span class='ocr_line' id='line_1_36' title="bbox 337 2827 1309 2869; baseline -0.003 -8"><span class='ocrx_word' id='word_1_281' title='bbox 337 2828 348 2847; x_wconf 81' lang='lat'>¹</span> <span class='ocrx_word' id='word_1_282' title='bbox 375 2830 425 2862; x_wconf 86' lang='lat' dir='ltr'><strong>Ps.</strong></span> <span class='ocrx_word' id='word_1_283' title='bbox 451 2837 519 2869; x_wconf 88' lang='lat'>114.</span> <span class='ocrx_word' id='word_1_284' title='bbox 657 2827 670 2847; x_wconf 76' lang='lat'>2</span> <span class='ocrx_word' id='word_1_285' title='bbox 695 2829 779 2861; x_wconf 89' lang='lat' dir='ltr'><strong>Mor.</strong></span> <span class='ocrx_word' id='word_1_286' title='bbox 802 2829 822 2861; x_wconf 83' lang='lat' dir='ltr'><strong>l.</strong></span> <span class='ocrx_word' id='word_1_287' title='bbox 844 2837 873 2860; x_wconf 91' lang='lat'><strong>2.</strong></span> <span class='ocrx_word' id='word_1_288' title='bbox 895 2839 922 2860; x_wconf 88' lang='lat' dir='ltr'><strong>c.</strong></span> <span class='ocrx_word' id='word_1_289' title='bbox 943 2837 990 2868; x_wconf 89' lang='lat'><strong>14.</strong></span> <span class='ocrx_word' id='word_1_290' title='bbox 1127 2827 1140 2846; x_wconf 69' lang='lat' dir='ltr'><strong>a</strong></span> <span class='ocrx_word' id='word_1_291' title='bbox 1165 2829 1259 2869; x_wconf 81' lang='lat' dir='ltr'><strong>Disp.</strong></span> <span class='ocrx_word' id='word_1_292' title='bbox 1282 2835 1309 2867; x_wconf 86' lang='lat'><strong>3.</strong></span> 
     </span>
     <span class='ocr_line' id='line_1_37' title="bbox 596 2879 1055 2922; baseline -0.004 -11"><span class='ocrx_word' id='word_1_293' title='bbox 596 2879 610 2898; x_wconf 83' lang='lat'><strong>⁴</strong></span> <span class='ocrx_word' id='word_1_294' title='bbox 635 2880 737 2922; x_wconf 84' lang='lat' dir='ltr'><strong>Apud</strong></span> <span class='ocrx_word' id='word_1_295' title='bbox 757 2880 894 2912; x_wconf 81' lang='lat' dir='ltr'><strong>Climac.</strong></span> <span class='ocrx_word' id='word_1_296' title='bbox 915 2879 1006 2920; x_wconf 83' lang='lat' dir='ltr'><strong>grad.</strong></span> <span class='ocrx_word' id='word_1_297' title='bbox 1025 2888 1055 2918; x_wconf 87' lang='lat'><strong>4.</strong></span> 
     </span>
    </p>
   </div>
  </div>
 </body>
</html>
