1903 3197
482 175 561 220 De
591 175 852 221 obedientia
887 176 1086 232 medicis,
1113 184 1186 223 etc.
1471 193 1495 237 5
1511 196 1560 226 11

102 306 170 346 his
210 305 392 358 aliisque
433 305 631 346 dicamus
668 306 869 358 antiquis
934 307 1065 347 Osius
1109 308 1385 358 Cardinalis,1
1416 311 1481 350 vir
1522 312 1565 351 in

96 378 248 430 primis
299 379 407 430 pius,
449 378 522 430 qui
574 379 725 430 paucis
771 378 897 418 annis
947 385 1050 419 ante
1102 381 1218 421 diem
1271 396 1398 422 suum
1441 384 1560 433 obiit,

97 464 322 503 nunquam
356 450 484 491 horas
518 451 748 491 canonicas
783 451 826 490 in
859 452 1118 503 gravissima
1151 456 1344 507 corporis
1381 456 1561 498 afflicta·

96 525 217 564 tione
269 526 553 577 maximaque
603 524 759 564 virium
812 523 1063 565 infirmitate
1120 526 1278 579 legitur
1322 531 1560 582 ,omisisse;

96 611 205 650 quas
227 598 405 650 quidem
429 598 484 638 ad
514 603 763 637 extremum
794 611 931 650 usque
953 599 1154 651 spiritum
1177 602 1265 640 suis
1288 605 1560 655 temporibus

96 671 302 710 recitavit.
366 670 569 722 Cumque
590 670 646 710 ad
668 670 821 710 horam
853 672 1062 711 orationis
1090 686 1253 713 nonam
1278 677 1561 727 pervenisset,

95 756 194 783 eam
228 743 342 783 dixit
379 743 469 783 fore
505 743 588 783 sibi
625 749 893 796 postremam
932 759 983 785 ac
1017 746 1327 796 novissimam;
1361 749 1483 801 quod
1517 756 1561 790 et

97 816 269 856 evenit:
302 816 414 855 inter
450 829 612 856 nonam
650 817 766 856 enim
804 822 847 857 et
874 831 1079 871 vesperas
1111 820 1338 873 expiravit.
1404 821 1563 874 Singu-

95 888 184 928 lare
225 888 422 941 profecto
463 890 641 942 pietatis
692 890 948 943 exemplum
1000 892 1125 932 nobis
1176 894 1453 946 propositum
1506 897 1561 936 ad

95 961 385 1013 imitandum;
429 968 472 1003 et
505 963 556 1003 iis
590 963 798 1013 maxime,
828 965 902 1016 qui
940 964 1159 1006 levissimo
1191 980 1370 1020 quoque
1406 969 1563 1009 morbo

97 1034 291 1075 horarias
342 1051 491 1089 preces
536 1043 613 1077 aut
660 1037 841 1077 usitatas
888 1052 988 1078 suas
1036 1040 1294 1080 devotiones
1341 1043 1563 1092 omittunt,

94 1108 341 1161 debitisque
371 1123 418 1149 se
451 1109 659 1150 Ecclesiae
692 1111 895 1151 oneribus
927 1112 1098 1153 liberari
1131 1114 1413 1155 contendunt.

180 1181 323 1222 Alteri
360 1197 473 1231 vero,
512 1184 720 1236 quoniam
758 1185 801 1223 in
843 1186 995 1238 spiritu
1034 1192 1077 1227 et
1108 1188 1269 1227 virtute
1312 1188 1561 1240 proficiunt,

94 1254 278 1295 nimium
329 1269 376 1295 se
427 1256 624 1296 difficiles
675 1258 885 1309 praebent,
938 1273 1037 1299 curn
1090 1261 1195 1312 quid
1255 1261 1468 1313 jubentur
1518 1264 1562 1303 in

96 1327 259 1366 morbis
285 1328 499 1377 omittere,
524 1329 643 1380 quod
667 1329 876 1370 Ecclesiae
909 1331 1019 1371 forte
1051 1332 1124 1372 lex
1156 1334 1381 1386 praecipit:
1414 1336 1563 1388 itaque

96 1413 211 1452 aegre
233 1400 392 1440 adduci
414 1407 610 1453 possunt,
634 1408 682 1441 ut
704 1403 856 1442 orandi
886 1404 1089 1454 officium,
1114 1406 1232 1457 quod
1264 1408 1563 1459 spiritualibus

96 1472 400 1525 Superioribus
439 1474 722 1524 interdicitur,
749 1475 817 1515 vel
851 1477 906 1516 ad
936 1476 1089 1517 horam
1123 1478 1317 1530 aliquam
1350 1480 1563 1521 intermit-

94 1551 201 1586 tant.
295 1546 384 1587 Sed
435 1547 479 1586 hi
532 1561 708 1600 quoque
759 1549 866 1589 vitio
917 1563 1004 1590 non
1057 1557 1217 1600 carent,
1272 1553 1378 1593 dum
1434 1568 1562 1594 suum

91 1618 305 1671 judicium
342 1620 707 1674 voluntatemque
742 1623 1036 1676 interponunt,
1069 1638 1147 1665 nec
1181 1639 1243 1674 ea,
1279 1640 1412 1679 quam
1449 1627 1564 1668 Con-

95 1693 265 1733 stitutio
317 1695 469 1748 exigit,
522 1696 713 1748 puritate
763 1697 854 1736 suis
911 1697 1217 1750 Superioribus
1271 1706 1435 1752 parent.
1498 1701 1565 1742 At

97 1766 305 1807 Ecclesiae
351 1768 669 1820 pertimescunt
711 1769 954 1821 imperium,
992 1784 1070 1811 nec
1107 1772 1217 1811 vires
1259 1773 1320 1812 ita
1370 1774 1564 1814 sentiunt

96 1839 300 1890 infirmas,
332 1847 380 1880 ut
414 1841 666 1881 satisfacere
702 1848 922 1894 praecepto
957 1856 1044 1883 non
1075 1844 1279 1895 valeant3
1317 1847 1563 1898 antiquiora

95 1918 244 1953 autem
276 1919 437 1966 putant
468 1914 552 1953 sibi
586 1928 680 1954 esse
715 1921 916 1967 oportere
947 1916 1155 1956 Ecclesia:
1190 1931 1324 1970 quam
1355 1919 1564 1972 praeposi-

97 1992 241 2027 torum
279 1987 638 2039 medicorumque
673 1995 920 2041 praecepta:
951 1989 1053 2029 hinc
1085 1989 1201 2029 enim
1236 1990 1279 2030 in
1312 1991 1394 2031 illis
1429 1992 1566 2033 oritur

96 2060 238 2099 omnis
275 2061 456 2112 parendi
494 2061 731 2111 cunctatio,
770 2062 999 2115 omnisque
1031 2062 1252 2103 haesitatio
1286 2064 1560 2104 obedientiae.

96 2132 261 2172 Verum
305 2133 556 2174 meminisse
607 2134 678 2173 isti
726 2134 890 2174 debent
937 2134 1103 2175 nullam
1147 2149 1240 2176 esse
1280 2136 1564 2177 violationem

95 2207 316 2259 praecepti,
352 2207 425 2247 ubi
458 2213 524 2248 est
559 2207 795 2247 necessitas
828 2208 995 2258 morbi3
1024 2215 1293 2262 praeceptum
1326 2216 1475 2250 autern
1506 2211 1563 2251 ad

97 2293 173 2321 eos
213 2281 430 2333 pertinere
473 2282 721 2331 dumtaxat,
765 2282 838 2333 qui
890 2287 1006 2322 recte
1046 2282 1219 2323 valent:
1272 2290 1315 2323 et
1363 2284 1563 2336 quamvis

96 2353 201 2393 satis
234 2354 390 2393 virium
429 2354 511 2394 sibi
548 2354 751 2394 videatur
785 2367 902 2407 aeger
941 2355 1113 2405 habere,
1149 2363 1197 2396 ut
1231 2356 1409 2410 explere
1445 2370 1563 2397 com-

97 2426 228 2466 mode
269 2433 540 2480 praeceptum
578 2429 728 2480 possit,
766 2434 915 2469 tamen
957 2429 1062 2469 dum
1101 2429 1206 2469 illud
1245 2430 1407 2483 explet,
1446 2444 1564 2483 saepe

97 2499 237 2538 morbi
259 2500 323 2539 vis
355 2507 551 2553 augetur,
576 2507 620 2541 et
649 2502 880 2542 diminutio
912 2502 962 2542 fit
992 2503 1139 2555 aliqua
1159 2503 1342 2553 vi1·ium;
1375 2504 1563 2556 ideoque

99 2584 187 2611 non
209 2585 288 2612 suo
310 2574 386 2613 sed
411 2573 657 2626 Superioris
690 2575 936 2628 medicique
963 2576 1129 2628 judicio
1151 2576 1195 2616 id
1217 2577 1428 2629 temporis
1450 2582 1565 2616 stare

96 2644 240 2694 debet,
280 2646 385 2686 nihil
427 2647 648 2698 haesitans,
682 2648 788 2688 nihil
821 2649 1061 2702 ambigens,
1096 2649 1202 2689 nihil
1235 2651 1560 2702 pertimescens,

98 2719 342 2770 praesertim
376 2734 475 2760 cum
507 2734 611 2761 suus
648 2722 741 2774 ipse
778 2735 866 2762 non
897 2723 963 2772 sit,
995 2723 1071 2763 sed
1109 2724 1152 2762 in
1187 2723 1280 2775 ejus
1321 2723 1377 2763 sit
1417 2728 1563 2775 potes-

99 2796 202 2842 tate,
246 2793 320 2846 qui
362 2807 441 2847 pro
484 2807 536 2835 eo
574 2795 819 2836 redditurus
861 2802 927 2836 est
968 2797 1195 2847 rationem,
1227 2796 1390 2848 quique
1427 2796 1561 2837 etiam

663 2883 676 2903 ²
701 2884 849 2917 Oleseius
872 2885 906 2917 in
921 2885 996 2918 vita.
