1903 3197
289 197 353 240 90
601 181 680 226 De
713 181 905 227 ratione
946 182 1140 229 vivendi
1175 183 1433 229 Societalzs.

373 313 577 366 Denique
612 313 698 353 fine
732 328 918 368 quoque,
942 324 990 358 ut
1023 316 1158 358 verbo
1193 315 1348 364 dicam,
1372 315 1619 355 communis
1655 315 1750 356 haec

283 388 373 427 vita
396 401 421 427 a
443 387 611 440 vulgari
644 393 688 428 et
720 389 901 429 seculari
935 392 1185 439 secernitur,
1209 391 1313 442 quia
1344 389 1604 441 plerumque
1630 402 1753 429 secu-

285 461 397 509 laris,
418 467 586 501 naturae
610 462 776 515 impetu
801 469 877 503 aut
896 465 1029 505 etiarn
1048 465 1187 513 famis
1207 464 1352 503 cibum
1377 463 1521 512 sumit,
1536 468 1749 515 tanquam

284 540 454 575 eaeterae
477 536 734 584 animantes
751 550 848 589 quae
864 551 964 577 cum
988 538 1154 578 homini
1173 537 1432 585 deserviant,
1453 535 1508 576 ad
1526 535 1751 576 hominem

283 615 434 649 tamen
470 623 617 649 curam
661 623 785 650 suam
828 617 1094 664 pastumque
1136 625 1224 651 non
1261 610 1463 658 referunt,
1497 610 1557 649 sic
1592 623 1646 649 ne
1680 609 1752 650 ille

286 683 465 735 quidem
492 684 548 723 ad
585 684 740 723 Deum.
804 683 870 725 At
904 699 984 726 nos
1022 686 1065 725 in
1099 686 1315 737 capiendo
1349 684 1447 724 cibo
1481 684 1627 723 Deum
1662 697 1753 736 prce

287 756 424 797 oculis
460 757 673 797 audemus
710 757 882 807 habere,
907 760 963 799 ad
998 759 1203 811 Eumque
1236 758 1384 798 cibum
1424 762 1621 797 nostrum
1654 770 1754 809 pas-

285 836 472 882 tumque
490 830 657 879 referre,
674 838 733 880 ut,
753 845 810 871 ex
829 831 1037 885 Apostoli
1061 838 1295 886 praecepto,
1315 832 1404 872 sive
1422 832 1753 879 manducamus,

288 899 381 944 sive¹
402 904 604 954 bibimus,
628 905 777 945 omnia
800 906 842 945 in
867 906 1052 958 gloriam
1079 907 1162 946 Dei
1186 905 1409 946 faciamus.

377 978 526 1018 Potuit
558 978 691 1030 igitur
722 978 816 1019 haec
839 985 1025 1020 externa
1046 980 1220 1019 vivendi
1252 979 1373 1027 ratio,
1396 991 1530 1030 quam
1555 977 1756 1018 Societas

286 1052 494 1104 sequitur,
514 1052 569 1091 ab
586 1052 753 1104 vulgari
776 1052 1007 1092 hominum
1026 1053 1116 1092 vita
1139 1052 1322 1104 sejungi,
1339 1051 1557 1104 longeque
1580 1052 1755 1100 distare,

287 1126 322 1165 si
345 1125 589 1178 disciplinae
620 1126 848 1166 accederet
870 1126 1144 1179 temperatio.
1209 1126 1318 1165 Ideo
1350 1125 1570 1177 sapienter
1600 1125 1757 1164 beatus

289 1205 437 1239 noster
480 1199 610 1239 Pater
651 1212 749 1238 eam
793 1213 926 1251 quam
970 1213 1173 1252 asperam
1211 1200 1333 1251 sequi
1377 1198 1543 1246 maluit,
1577 1199 1756 1250 quando

289 1272 469 1324 quidem
494 1279 619 1312 tanta
649 1286 743 1312 esse
777 1273 990 1325 religiosae
1014 1273 1256 1326 disciplinae
1278 1273 1342 1312 vis
1375 1278 1559 1324 poterat,
1584 1277 1632 1312 ut
1664 1272 1758 1312 haec

289 1346 386 1399 ipsa
423 1347 670 1386 communis
702 1347 803 1395 vita,
838 1352 881 1387 et
923 1348 978 1387 ab
1015 1347 1198 1387 seculari
1236 1346 1366 1398 longe
1403 1345 1691 1398 multumque,
1716 1351 1760 1385 et

289 1420 345 1460 ab
383 1427 557 1460 austera
599 1427 948 1473 caeterorumque
980 1422 1183 1461 ordinum
1217 1422 1306 1461 vita
1337 1434 1423 1460 non
1458 1421 1518 1460 ita
1556 1420 1758 1469 multum,

290 1493 494 1534 differret.

383 1568 494 1607 Haec
517 1573 619 1607 sunt
646 1568 777 1620 justae
801 1582 956 1617 causae,
982 1575 1058 1609 aut
1081 1582 1174 1608 esse
1206 1575 1402 1621 possunt,
1427 1581 1502 1607 cur
1526 1567 1760 1608 Societatis

291 1642 465 1682 vivendi
503 1643 614 1682 ratio
657 1642 699 1682 in
743 1643 1033 1683 exterioribus
1072 1644 1126 1683 sit
1163 1643 1419 1683 communis.
1497 1642 1638 1694 Atqui
1676 1641 1760 1682 hoc

293 1722 387 1755 erat
428 1716 620 1768 primum
668 1716 722 1755 de
765 1717 916 1766 tribus,
950 1730 1050 1769 quae
1100 1716 1181 1757 hac
1225 1716 1395 1769 Quarta
1438 1716 1764 1757 Constitutione

296 1790 508 1830 contineri
557 1790 824 1830 dicebamus.
910 1790 1164 1843 Sequuntur
1209 1790 1294 1830 alia
1337 1790 1451 1830 duo:
1504 1803 1662 1841 nempe
1711 1788 1767 1828 de

301 1864 576 1904 Poenitentiis
608 1878 685 1905 sua
708 1865 935 1905 voluntate
967 1866 1191 1918 susceptis,
1217 1871 1260 1905 et
1292 1866 1347 1904 de
1378 1864 1593 1917 impositis
1626 1863 1681 1903 ab
1714 1864 1765 1903 iis

303 1939 377 1990 qui
426 1945 647 1991 praesunt3
690 1939 745 1979 de
787 1939 948 1991 quibus
990 1953 1106 1979 nunc
1151 1938 1404 1992 singillatim
1447 1937 1682 1990 agendum,
1727 1942 1770 1977 et

298 2013 566 2066 explicanda
590 2012 928 2053 Constitutionis
950 2020 1051 2054 sunt
1072 2014 1214 2053 verba.
