1903 3197
222 185 316 231 294
541 173 623 218 De
653 172 844 218 ratione
877 171 1068 218 vivendi
1102 168 1362 216 Societatis.

308 305 378 345 De
412 305 634 345 Examine
673 304 871 344 universe
903 308 1081 356 sumpto
1118 302 1174 342 sit
1208 301 1353 340 Prima
1391 297 1685 350 interrogatio.

222 378 371 431 Siquis
396 392 474 431 per
504 383 647 418 totum
681 378 797 418 diem
830 377 1021 430 seipsum
1055 380 1273 416 scrutatus
1305 379 1382 421 est,
1406 379 1449 412 et
1481 372 1524 412 in
1556 370 1702 412 horas»

223 452 419 504 singulas
462 465 605 492 noxas
646 465 746 491 suas
787 451 1034 491 observavit
1080 463 1131 489 ac
1174 448 1295 488 flevit
1332 448 1414 499 <est
1448 446 1564 486 enim
1605 444 1689 485 hoc

221 525 384 565 sanctis
418 525 519 565 viris
556 525 766 564 usitatum
803 538 854 565 ac
890 523 1116 572 familiare,
1140 529 1187 562 ut
1225 535 1271 561 se
1309 520 1389 573 ipsi
1428 518 1702 560 creberrIme*

222 599 290 639 vel
338 612 424 639 non
467 598 705 638 sentientes
746 599 995 647 observent)
1039 596 1144 649 quid
1191 595 1262 635 hic
1307 599 1410 647 agat
1454 591 1688 632 Examinis

222 672 455 725 tempore?
529 671 686 712 Otiosa
728 672 891 724 quippe
932 671 1104 711 videtur
1145 683 1239 710 esse
1282 681 1397 708 nova
1440 667 1503 707 sui
1555 665 1705 718 ipsius.

223 747 502 787 observantia
534 752 667 798 atque
697 746 954 798 disquisitio.

312 820 583 872 Respondeo
633 820 836 871 primum,
870 819 972 858 viris
1016 818 1177 858 sanctis
1225 829 1452 868 nunquam
1501 814 1689 854 otiosam

224 899 267 934 et
299 906 667 946 supervacaneam
696 892 831 932 videri
865 893 930 932 sui
969 893 1161 944 ipsorum
1197 889 1561 941 disquisitionem,
1587 885 1707 937 quia.

222 980 395 1019 semper
424 965 543 1017 quod
577 972 820 1018 amputent,
850 978 1023 1017 semper
1054 964 1172 1016 quod
1206 961 1540 1014 reprehendant,
1571 959 1711 998 inve--

224 1041 358 1080 niunt.
411 1039 533 1078 Audi
558 1039 830 1078 Bernardum
854 1037 909 1077 de
930 1037 1160 1090 putatione
1187 1034 1530 1085 uniuscujusque
1551 1031 1710 1071 vinea:—

223 1112 471 1167 spiritualis,
507 1126 598 1152 suae
642 1113 819 1164 inquam
863 1112 1035 1159 animae,
1072 1111 1386 1162 disputantem.
1457 1102 1711 1152 “Parum‚”*

222 1188 376 1239 inquit,
400 1190 501 1226 “est
538 1186 673 1225 semel
712 1191 915 1238 putasse;
958 1199 1076 1238 saepe
1118 1182 1365 1237 putandum
1404 1186 1481 1229 est,
1521 1179 1620 1227 imo,
1656 1178 1691 1218 si

222 1261 314 1301 fieri
348 1260 496 1313 possit,
520 1273 719 1312 semper;
752 1260 854 1311 quia
883 1272 1056 1311 semper
1085 1258 1203 1310 quod
1237 1255 1382 1309 putari
1415 1258 1628 1306 oporteat,
1656 1252 1690 1291 si

225 1349 312 1375 non
337 1334 598 1382 dissimulas,
622 1331 844 1373 invenis.''¹
910 1334 968 1372 Et
991 1338 1192 1372 extremo
1225 1330 1394 1382 capite:
1426 1327 1581 1366 “Tunc
1611 1323 1690 1374 te,''

224 1409 378 1460 inquit,
415 1411 538 1447 “non
591 1406 750 1446 frustra
792 1412 1010 1447 scrutatus
1052 1419 1108 1451 es,
1147 1405 1180 1444 si
1234 1416 1403 1444 rursum
1446 1414 1555 1453 opus
1598 1412 1692 1439 esse

225 1483 435 1523 scrutinio
467 1481 705 1529 advertisti,
729 1486 772 1520 et
804 1480 933 1520 toties
968 1493 1054 1519 non
1088 1484 1131 1518 te
1165 1477 1318 1518 fefellit
1351 1475 1574 1527 inquisitio
1606 1478 1715 1518 tua„

227 1555 399 1608 quoties
432 1553 676 1594 iterandam
708 1551 990 1605 putaveris.’'2

316 1627 585 1681 Respondeo
618 1627 821 1667 secundo.
885 1626 931 1667 Si
962 1627 1059 1678 quis
1090 1625 1309 1665 examinis
1339 1630 1538 1675 tempore
1568 1620 1712 1660 mini-⁷

228 1717 348 1744 mum
392 1702 554 1741 babeat
587 1701 705 1753 quod
748 1700 938 1752 inquirat
974 1705 1017 1739 et
1051 1699 1223 1747 defleat,
1257 1698 1358 1749 quia
1396 1703 1539 1736 totum
1576 1694 1707 1734 die1n⁴

225 1791 320 1817 sese
354 1776 549 1827 inspexit
581 1781 625 1814 et
656 1773 786 1819 flevit,
818 1774 852 1812 is
884 1778 959 1812 aut
992 1773 1148 1812 iterum
1182 1771 1344 1811 defleta
1376 1769 1547 1817 defleat,
1572 1767 1692 1820 quod

228 1850 392 1890 faciunt
429 1848 580 1896 sancti,
617 1853 693 1887 aut
730 1847 785 1886 ad
829 1846 1061 1886 recolenda
1099 1845 1245 1885 divina
1282 1843 1506 1890 beneficia,
1541 1842 1609 1882 vel
1648 1848 1694 1881 ut

229 1936 361 1976 supra
394 1922 601 1969 diximus,
636 1921 692 1960 ad
731 1919 1024 1972 expendenda
1062 1919 1179 1959 bona
1217 1932 1295 1958 sua
1332 1923 1474 1957 totum
1512 1930 1558 1956 se
1595 1928 1698 1955 con—

228 2003 371 2037 vertat
405 2010 453 2035 ac
486 1994 642 2035 tradat.

318 2071 478 2109 Dices:
531 2069 584 2108 In
634 2069 761 2108 bonis
813 2068 903 2107 suis
955 2066 1260 2119 expendendis
1314 2062 1712 2114 numerandisun.

230 2144 472 2197 praesertim
525 2143 558 2182 si
613 2141 752 2181 multa
798 2148 841 2181 et
882 2140 1019 2193 proba
1067 2139 1349 2191 reperiantur,
1388 2135 1611 2176 humilitas
1654 2140 1696 2174 et

230 2216 510 2257 coenodoxia:
552 2215 773 2267 praebetur
814 2214 996 2253 occasio.
1082 2213 1238 2252 Monet
1275 2217 1422 2250 autem
1463 2208 1714 2261 Gregorius-

229 2296 277 2330 ut
314 2290 461 2342 potius
498 2288 555 2328 ab
591 2287 728 2327 oculis
765 2287 938 2334 nostris,
971 2286 1013 2325 id
1052 2286 1169 2337 quod
1209 2284 1333 2323 electi
1373 2283 1548 2329 faciunt,
1581 2281 1708 2320 bona

233 2369 380 2404 nostra
418 2374 732 2409 removeamus,
763 2373 896 2412 quam
936 2365 983 2399 ut
1020 2373 1070 2398 ea
1106 2358 1162 2398 ad
1201 2358 1396 2396 animum
1431 2367 1697 2394 revocemus.

232 2436 535 2487 “Plerumque
588 2435 704 2474 enim
756 2433 840 2473 hoc
882 2431 1024 2480 vitio,”
1062 2431 1215 2483 inquit,
1251 2433 1516 2469 “tentantur
1567 2427 1700 2467 etiam

233 2510 370 2558 electi,
407 2509 666 2561 plerumque
708 2520 858 2547 eorum
898 2505 1017 2546 cordi
1059 2504 1307 2557 suggeritur
1343 2508 1391 2542 ut
1427 2502 1545 2541 bona
1583 2514 1724 2552 quae--

233 2598 318 2636 que
349 2596 448 2635 quae
479 2581 674 2621 fecerunt
704 2580 760 2620 ad
793 2581 989 2620 animum
1023 2582 1238 2626 revocent,
1262 2582 1307 2616 et
1335 2574 1580 2616 securitatis
1607 2573 1704 2626 jam>

232 2657 388 2697 laetitia
420 2655 631 2695 exultent.
716 2654 805 2695 Sed
842 2654 877 2692 si
911 2666 1009 2692 vere
1047 2651 1173 2692 electi
1210 2654 1323 2697 sunt,
1353 2649 1410 2689 ab
1442 2661 1494 2688 eo
1531 2647 1575 2686 in
1613 2659 1716 2698 quo

235 2730 317 2770 sibi
369 2730 544 2783 placent
586 2727 746 2767 mentis
788 2726 938 2766 oculos
979 2726 1212 2773 divertunt,
1253 2736 1429 2764 omnem
1473 2722 1516 2761 in
1559 2734 1605 2760 se
1646 2719 1704 2760 de

233 2803 424 2857 peractis
469 2802 596 2843 bonis
642 2800 842 2841 laetitiam
890 2800 1154 2852 deprimunt,
1199 2803 1242 2837 et
1289 2797 1344 2836 de
1390 2795 1457 2835 his
1508 2806 1607 2846 quae
1655 2805 1717 2832 se*

589 2888 600 2908 ²
629 2891 696 2922 Ser.
718 2888 768 2929 58.
790 2889 823 2920 in
848 2888 943 2920 Cant.
1123 2885 1136 2904 ²
1160 2886 1299 2917 Ibidem.
