1903 3197
262 196 356 253 326
585 195 668 240 De
698 196 890 242 ratione
923 196 1116 243 vivendi
1155 197 1413 245 Socz‘elatz‘s.

262 326 436 367 virtutis
478 327 761 368 tribuendum
802 328 1022 380 Jordanus
1060 335 1218 371 censet.
1295 330 1393 371 Imo
1429 330 1600 384 aliquos
1635 331 1730 385 jam

262 401 482 453 spirantes
518 407 562 442 et
592 402 789 442 animam
823 409 1015 455 agentes,
1046 417 1145 444 cum
1178 403 1272 456 jam
1306 417 1407 444 caro
1442 419 1581 458 prope
1617 411 1733 448 esset

263 480 475 525 emortua,
527 476 778 529 accepimus
830 478 1027 517 nondum
1079 491 1126 518 se
1180 478 1237 518 ab
1287 477 1371 518 hoc
1422 479 1523 531 igne
1573 479 1732 522 liberos

262 548 589 601 proclamasse;
629 555 676 590 ut
707 550 939 603 presbyter
970 550 1041 592 ille
1074 552 1274 601 moriens,
1305 551 1424 605 apud
1458 551 1730 606 Gregorium,

263 622 339 675 qui
380 623 651 664 accendente
693 624 867 675 femina,
903 639 1001 678 quae
1044 625 1209 678 conjux
1250 626 1310 666 illi
1353 627 1578 679 quondam
1621 628 1731 671 fuit:

264 697 513 748 “Recede,''
538 698 691 751 inquit,
715 701 737 718 “
752 700 917 749 mulier,
942 701 1074 741 etiam
1108 714 1214 741 num
1243 701 1361 750 vivit,
1385 701 1490 742 tolle
1521 702 1731 755 paleam.''

262 770 359 812 Nec
400 785 502 812 vero
549 778 729 813 aetatem
777 787 955 814 omnem
999 775 1145 825 modo,
1177 788 1327 816 verum
1375 776 1508 817 etiam
1550 790 1730 818 omnem

260 844 492 886 hominum
525 846 826 887 conditionem
858 847 929 887 hic
961 847 1099 888 hostis
1130 850 1392 902 aggreditur,
1419 850 1502 891 hoc
1534 856 1611 900 est,
1641 865 1731 893 non

264 920 399 960 modo
433 934 570 960 novos
603 927 737 973 atque
774 928 964 974 tyrones,
987 936 1138 963 verum
1171 924 1305 963 etiam
1336 930 1566 965 veteranos
1597 931 1732 979 atque

261 993 490 1047 perfectos.
566 994 714 1034 Testis
752 1000 819 1034 est
853 995 1018 1035 eximia
1055 997 1289 1037 sanctitate
1321 998 1397 1047 vir,
1428 999 1474 1038 B.
1500 999 1732 1051 Macarius,

261 1067 386 1120 cujus
426 1067 523 1108 haec
564 1073 667 1107 sunt
702 1069 865 1109 verba:
910 1069 1038 1122 “Qui
1090 1070 1324 1123 prudentia
1374 1084 1425 1111 ac
1471 1072 1733 1115 discretione

259 1140 440 1194 pollent,
494 1155 688 1182 asserere
740 1156 830 1182 non
884 1143 1061 1192 audent,
1113 1157 1203 1193 nos,
1254 1145 1328 1197 qui
1379 1145 1522 1197 gratia
1570 1147 1734 1189 Divina

258 1214 434 1267 praediti
479 1229 643 1264 sumus,
682 1216 883 1268 turpibus
926 1223 971 1257 et
1007 1217 1228 1258 obscoenis
1261 1219 1603 1271 cogitationibus
1643 1234 1732 1262 non

260 1287 435 1330 affici.’'1
497 1290 720 1330 Climacus
755 1291 888 1331 etiam
932 1292 1154 1332 neminem
1192 1294 1388 1346 excipit;
1435 1294 1496 1334 sic
1533 1295 1650 1336 enim
1687 1296 1732 1337 in

261 1362 413 1403 Gradu
460 1363 515 1404 de
564 1364 811 1406 Castitate:
865 1368 885 1384 “
906 1365 1028 1418 Quis,
1072 1380 1159 1417 oro,
1202 1367 1337 1408 homo
1384 1374 1451 1409 est
1490 1369 1565 1422 qui
1600 1370 1732 1422 vivat,

258 1444 303 1478 et
357 1452 444 1478 non
486 1439 654 1479 videbit
707 1445 895 1480 mortem
951 1440 1265 1493 inquinationis
1319 1442 1482 1482 suae?’'
1554 1443 1626 1484 Ac
1675 1458 1732 1485 ne

260 1510 499 1564 Gregorius
541 1513 720 1565 quidem
774 1514 1030 1566 quempiam
1087 1515 1265 1568 excipit,
1309 1517 1383 1568 qui
1440 1517 1484 1556 in
1542 1529 1572 1558 Ι.
1607 1519 1732 1572 Reg:

260 1584 446 1638 “Quis‚''
486 1587 639 1639 inquit,
672 1587 770 1627 “ita
806 1588 888 1627 sibi
932 1588 1146 1640 subjicere
1183 1603 1370 1640 carnem,
1400 1591 1497 1643 quis
1535 1605 1730 1644 unquam

258 1659 341 1700 sibi
364 1661 626 1713 restringere
650 1667 844 1701 mentem
867 1662 1044 1714 potuit?
1108 1661 1218 1715 Quis
1241 1663 1302 1702 sic
1324 1677 1501 1704 manere
1524 1665 1568 1704 in
1590 1678 1730 1715 carne,

260 1739 308 1774 ut
342 1734 399 1774 de
433 1748 562 1774 carne
597 1740 748 1788 turpes
781 1741 927 1775 motus
964 1736 1106 1776 nullos
1141 1737 1440 1777 sustineret?''

348 1807 437 1848 Sed
504 1808 610 1860 quid
682 1809 981 1860 conquirimus
1049 1810 1304 1850 testimonia
1364 1824 1463 1852 cum
1532 1818 1733 1853 sanctum

260 1880 531 1933 Prophetam
555 1882 836 1922 “secundum
864 1896 938 1923 cor
967 1883 1087 1922 Dei''
1111 1883 1284 1936 lapsum
1311 1898 1405 1924 esse
1431 1885 1617 1938 turpiter
1644 1899 1733 1927 non

259 1955 546 2007 ignoremus?
609 1956 708 1995 Imo
742 1970 898 2008 graves
935 1957 1086 1997 Patres
1118 1964 1299 1998 censent
1331 1958 1557 1998 stimulum
1592 1960 1734 2001 carnis

259 2028 305 2068 in
367 2028 554 2069 Paulum
615 2029 845 2070 stimulum
909 2031 1042 2071 fuisse
1102 2031 1306 2081 libidinis,
1360 2038 1408 2072 ut
1458 2032 1735 2075 Anselmus:

259 2101 553 2152 “Sti1nulus,”
598 2104 751 2155 inquit,
791 2104 911 2144 “iste
965 2104 1146 2145 forsitan
1199 2106 1552 2159 concupiscentia
1593 2108 1735 2148 carnis

258 2175 447 2227 erat;”2
496 2183 540 2217 et
589 2176 826 2229 Gregorius
879 2179 996 2218 idern
1048 2178 1293 2232 significat:
1345 2179 1536 2229 “Ecce‚''
1579 2180 1733 2234 inquit,

258 2250 371 2302 “qui
403 2250 459 2290 ad
489 2250 606 2290 tertii
639 2250 738 2290 coeli
769 2265 815 2290 se
842 2257 1010 2291 secreta
1041 2252 1289 2302 sustulerat,
1312 2253 1564 2293 resistentes
1592 2255 1733 2295 carnis

258 2328 406 2363 motus
429 2322 677 2363 habebat.’'3
710 2325 771 2364 Et
796 2324 1100 2376 Hieronymus
1122 2326 1178 2365 ad
1204 2325 1493 2366 Eustochium
1511 2327 1567 2368 de
1588 2334 1733 2370 custo-

259 2396 333 2436 dia
346 2397 620 2449 virginitatis,
646 2397 770 2450 cujus
793 2397 866 2437 illa
888 2404 989 2438 sunt
1011 2398 1163 2438 verba:
1202 2402 1225 2419 “
1240 2398 1287 2439 Si
1311 2399 1471 2440 Paulus
1493 2401 1733 2454 apostolus,

258 2483 337 2510 vas
369 2470 607 2520 electionis,
634 2477 863 2524 separatus
901 2472 944 2511 in
983 2472 1260 2525 evangelium
1300 2472 1474 2524 Christi,
1504 2474 1562 2515 ob
1593 2476 1734 2516 carnis

259 2544 435 2585 aculeos
478 2551 521 2584 et
565 2545 784 2586 incentiva
825 2546 1029 2586 vitiorum
1075 2547 1271 2599 reprimit
1312 2561 1470 2601 corpus
1511 2562 1651 2598 suum,
1690 2555 1735 2591 et

258 2618 457 2658 servituti
501 2619 690 2671 subjicit,
724 2633 778 2659 ne
820 2619 932 2659 forte
974 2619 1068 2659 aliis
1110 2620 1356 2673 praedicans
1393 2622 1487 2674 ipse
1522 2623 1733 2676 reprobus

260 2692 521 2743 inveniatur,
565 2699 608 2733 et
655 2706 755 2733 cum
797 2693 918 2733 videt
959 2694 1091 2733 aliam
1138 2694 1281 2747 legem
1323 2696 1368 2735 in
1409 2696 1618 2737 membris
1669 2711 1734 2738 re-

259 2773 533 2819 pugnantem
581 2766 667 2820 legi
709 2767 868 2807 mentis
913 2781 1014 2817 suae,
1046 2774 1090 2808 et
1127 2769 1425 2821 captivantem
1462 2784 1509 2810 se
1550 2771 1594 2810 in
1635 2770 1733 2824 lege

259 2841 462 2893 peccati;
510 2841 545 2880 si
588 2846 689 2894 post
726 2841 986 2890 nuditatem,
1017 2841 1197 2894 jejunia,
1230 2842 1405 2892 famem,
1451 2857 1653 2894 carceres,
1689 2849 1733 2886 et

390 2927 402 2947 ¹
428 2930 531 2961 Hom.
556 2929 604 2962 16.
742 2929 755 2948 ²
780 2930 821 2961 In
837 2938 866 2962 2.
889 2930 964 2962 Cor.
991 2938 1038 2962 12.
1177 2929 1191 2949 3
1215 2932 1257 2962 In
1277 2940 1303 2964 Ι.
1325 2933 1410 2973 Reg.
1430 2932 1452 2964 l.
1473 2932 1503 2964 6.
1520 2942 1547 2965 c.
1571 2941 1597 2964 1.
