1903 3197
642 167 722 213 De
755 167 804 213 V
798 167 1050 213 aleludz'ne.
1483 181 1539 224 41
1555 177 1579 226 7

119 302 291 344 Deinde
322 300 584 355 praeparatio
616 299 820 352 quaedam
853 299 986 338 animi
1021 298 1077 338 ad
1111 298 1415 351 accipiendum
1451 312 1578 352 aequo

116 378 262 417 animo
296 374 414 428 quod
450 375 604 414 datum
640 372 778 422 fuerit,
813 373 903 412 sive
936 373 1114 420 abnuat,
1151 373 1241 412 sive
1277 379 1442 413 annuat
1475 387 1576 426 pos-

115 449 402 490 tulationibus
443 449 602 488 nostris
643 448 678 487 is
719 447 792 500 qui
834 453 1003 499 praeest.
1080 446 1188 486 Ideo
1235 453 1326 487 tam
1372 448 1578 487 diuturna

117 523 210 563 haec
237 523 369 562 debet
394 535 488 561 esse
518 520 723 574 precatio,
747 520 957 572 quamdiu
984 533 1031 558 se
1057 519 1275 572 quispiam
1309 520 1351 558 in
1384 521 1576 571 quadam

118 597 250 637 animi
283 597 491 648 aequitate
522 609 573 634 ac
604 593 920 646 tranquillitate
951 593 1201 633 constituat.

204 671 354 710 Tertia
386 668 579 709 conditio
612 673 688 717 est,
726 674 773 707 ut
814 681 914 707 cum
951 667 1213 720 spoliatione
1255 668 1447 719 quadam
1490 681 1578 708 suae

117 743 364 791 voluntatis,
400 741 577 781 easdem
612 742 895 782 necessitates
937 746 1175 793 exponant.
1245 741 1356 793 Quae
1399 742 1578 794 quidem

117 831 206 858 suae
238 816 476 856 voluntatis
508 815 713 868 spoliatio
747 829 821 855 seu
861 815 1099 867 resignatio
1136 829 1193 854 ex
1231 815 1368 855 tribus
1406 817 1580 869 potissi-

118 904 238 930 mum
280 890 407 929 rebus
454 889 717 942 intelligitur.
787 895 838 930 10.
874 889 920 930 Si
963 902 1008 928 re
1045 888 1137 941 jam
1181 890 1395 942 exposita,
1439 892 1580 932 omnis

116 963 362 1004 sollicitudo
400 968 443 1002 et
479 976 581 1003 cura
616 968 817 1015 ponatur,
856 969 899 1003 et
940 963 983 1002 in
1027 963 1307 1016 Superiorem
1350 965 1578 1017 rejiciatur.

121 1037 221 1077 Hoc
263 1035 530 1088 significatur
571 1036 622 1075 iis
662 1036 834 1076 verbis:
886 1035 1039 1077 “Cum
1084 1036 1306 1089 Superiori
1359 1052 1449 1079 rem
1502 1052 1581 1080 ex-

119 1110 321 1164 posuerit,
345 1111 382 1149 ei
405 1115 545 1150 totam
575 1123 722 1150 curam
755 1110 814 1150 rei
847 1111 1064 1163 expositae
1096 1111 1380 1163 relinquant.”
1443 1118 1498 1153 20.
1532 1112 1579 1154 Si

118 1184 236 1237 quod
288 1184 490 1224 statuerit
542 1183 760 1236 Superior,
815 1184 858 1222 id
917 1184 1135 1236 optimum
1189 1184 1419 1236 judicetur,
1482 1187 1581 1228 ideo

118 1257 396 1309 subjiciatur:
430 1259 451 1275 “
470 1256 529 1295 Et
558 1256 772 1309 quidquid
805 1256 876 1296 ille
905 1258 1117 1306 statuerit,
1141 1258 1359 1311 optimum
1383 1260 1581 1301 ducant.'’

123 1337 178 1382 30.
209 1330 256 1370 Si
289 1343 375 1369 non
406 1336 613 1382 urgeatur
645 1329 854 1382 Superior
875 1336 923 1370 ut
944 1330 1228 1383 postulationi
1252 1347 1420 1373 moram
1449 1341 1583 1387 gerat,

120 1402 249 1443 nullis
299 1402 507 1442 adhibitis
558 1403 924 1442 interventoribus
976 1417 1026 1443 ac
1074 1404 1439 1457 deprecatoribus.
1524 1408 1584 1448 Et

118 1484 350 1531 propterea
386 1477 588 1517 additur:
634 1477 769 1516 “Nec
806 1477 1082 1527 contendere,
1120 1485 1196 1519 aut
1230 1493 1383 1532 urgere
1416 1494 1494 1533 per
1527 1496 1584 1530 se,

118 1552 186 1592 vel
228 1565 304 1604 per
343 1551 491 1599 alium,
533 1551 623 1591 sive
666 1550 945 1598 concedatur,
983 1551 1101 1604 quod
1139 1552 1312 1605 petitur,
1352 1554 1442 1594 sive
1484 1568 1584 1603 non,

119 1624 338 1678 pergant.''
424 1624 537 1664 Haec
589 1623 704 1664 enim
759 1624 842 1664 tria
888 1623 1019 1677 plane
1070 1631 1261 1677 arguunt
1310 1626 1584 1669 voluntatem

119 1699 307 1751 petentis
338 1698 534 1737 funditus
565 1698 762 1738 deditam
787 1703 920 1750 atque
953 1698 1176 1739 addictam
1207 1713 1301 1739 esse
1332 1699 1586 1753 Superiori;

119 1778 162 1812 et
212 1771 474 1811 valetudinis
516 1784 615 1822 quae
668 1772 904 1823 suscipitur
950 1785 1097 1811 curam
1151 1773 1426 1813 moderatam
1479 1788 1585 1823 esse,

119 1858 205 1885 non
236 1845 428 1884 nimiam.
493 1843 659 1885 Contra
689 1858 791 1884 vero
822 1845 864 1883 in
892 1845 1097 1897 opposita
1128 1846 1234 1886 vitia
1266 1846 1475 1896 incidunt,
1509 1849 1585 1902 qui

120 1933 206 1959 non
241 1918 371 1971 plane
407 1931 453 1957 se
484 1917 747 1958 dediderunt
781 1916 1026 1970 Superioris
1063 1919 1242 1959 arbitrio
1275 1934 1324 1959 ac
1355 1920 1584 1971 voluntati,

119 1993 280 2044 quique
327 1992 370 2030 in
411 1990 605 2030 curando
656 2004 735 2030 suo
784 2004 966 2043 corpore
1017 1992 1139 2031 nimii
1194 1999 1305 2033 sunt.
1389 1994 1582 2035 Primum

117 2065 231 2105 enim
262 2065 417 2104 vitium
461 2070 526 2104 est
564 2077 726 2112 eorum,
760 2064 833 2116 qui
869 2077 1043 2118 semper
1085 2066 1128 2105 in
1164 2079 1214 2106 ea
1257 2073 1359 2107 sunt
1397 2081 1500 2109 cura
1534 2082 1585 2109 ac

117 2139 384 2191 cogitatione
426 2137 574 2187 defixi,
608 2144 754 2178 utrum
789 2138 999 2191 Superior
1031 2153 1317 2180 concessurus
1352 2141 1408 2181 sit
1449 2156 1587 2183 necne

118 2213 236 2265 quod
259 2212 530 2265 postulatum
558 2217 634 2260 est,
659 2218 703 2252 et
724 2213 817 2252 sine
839 2226 971 2253 causa
993 2215 1242 2254 cruciantur
1273 2215 1420 2255 animo
1452 2222 1586 2269 atque

117 2292 385 2339 torquentur.
447 2286 513 2326 At
552 2285 820 2327 Constitutio
852 2286 980 2339 jubet
1011 2301 1188 2327 omnem
1227 2288 1340 2329 hanc
1378 2288 1587 2331 sollicitu-

119 2362 265 2401 dinem
299 2366 342 2400 et
374 2373 521 2401 curam
546 2360 588 2399 in
613 2359 893 2413 Superiorem
919 2374 997 2400 nos
1023 2361 1212 2414 rejicere,
1236 2363 1341 2402 dum
1366 2363 1453 2404 ait:
1486 2364 1586 2405 “Et

118 2435 155 2473 ei
178 2439 319 2474 totam
342 2447 491 2473 curam
514 2434 573 2473 rei
598 2434 814 2486 expositae
837 2433 1123 2487 relinquant.’'
1157 2434 1412 2476 Secundum
1431 2437 1586 2478 vitium

119 2513 184 2546 est
216 2520 365 2547 eorum
401 2507 474 2560 qui
512 2507 793 2560 Superiorem
830 2522 971 2558 suum,
1007 2509 1088 2549 nisi
1131 2516 1298 2550 annuat
1340 2511 1584 2564 postulatis,

119 2587 346 2632 tamquam
385 2580 672 2621 inhumanum
716 2587 759 2622 et
801 2581 958 2622 durum
1007 2583 1293 2624 criminantur
1334 2590 1378 2624 et
1421 2585 1585 2637 impru-

119 2654 280 2694 dentiae
342 2661 510 2704 notant,
563 2655 637 2707 qui
690 2669 756 2695 res
803 2662 895 2696 tam
948 2657 1161 2698 salutares
1214 2672 1264 2699 ac
1318 2659 1585 2700 necessarias

120 2728 401 2767 nihilominus
443 2728 645 2780 deneget,
687 2729 806 2781 quod
849 2743 936 2770 non
989 2731 1123 2772 modo
1165 2738 1317 2772 contra
1361 2732 1584 2772 Constitu-

119 2802 298 2852 tionem,
337 2816 436 2854 quae
469 2802 597 2853 jubet
634 2803 677 2842 id
723 2804 941 2856 optimum
987 2805 1172 2857 judicari
1205 2806 1324 2858 quod
1378 2805 1587 2859 Superior

120 2876 331 2925 statuerit,
375 2889 525 2916 verum
570 2876 702 2917 etiam
745 2883 897 2918 contra
939 2878 982 2918 id
1027 2879 1145 2930 quod
1199 2879 1346 2919 scribit
1399 2879 1587 2920 Basilius

294 2952 350 2983 BB
