1903 3197
378 183 473 241 385
706 179 786 225 De
818 179 1009 225 ratione
1041 178 1234 225 vivendi
1267 178 1526 225 Socz'etatz's.

376 313 553 367 hymnis
575 312 883 352 communibus
906 312 1151 364 divinisque
1174 311 1376 352 laudibus
1395 311 1706 361 conticescunt,
1724 312 1843 364 quod

377 388 411 428 si
454 401 608 427 omnes
651 386 785 426 divini
829 387 1021 426 muneris
1061 386 1296 439 participes
1338 391 1451 433 sunt,
1491 399 1568 425 cur
1609 398 1695 425 non
1738 386 1843 426 item

378 475 531 501 omnes
554 462 598 501 in
624 460 840 513 largitoris
875 461 958 500 Dei
991 460 1166 500 laudem
1199 459 1505 513 hymnumque
1527 458 1844 511 conspirent?'’

465 535 641 574 Tertius
679 540 745 574 est
781 548 943 582 eorum,
980 535 1053 586 qui
1086 547 1187 574 cum
1225 539 1352 573 extra
1389 532 1665 573 coenaculum
1697 533 1844 572 cibum

378 614 568 657 sumunt,
613 609 704 648 sive
755 609 958 661 privatim
1021 609 1064 647 in
1116 607 1316 648 cubiculo
1377 621 1477 647 cum
1539 607 1683 646 minus
1723 596 1844 646 ¹recte

376 683 535 731 valent,
578 683 668 722 sive
709 688 836 721 extra
884 682 1066 722 domum
1119 695 1219 722 cum
1272 682 1328 721 ab
1382 681 1546 720 exteris
1594 681 1844 729 invitantur,

376 757 697 798 benedictionis
732 756 903 796 usitatce
941 758 1270 809 gratiarumque
1304 756 1489 796 actionis
1519 755 1843 795 obliviscuntur.

380 831 651 872 Constitutio
684 836 844 877 autem,
869 844 968 869 cum
996 831 1102 869 dicit
1133 836 1337 882 oportere
1369 831 1534 882 gratias
1565 829 1647 882 agi,
1673 829 1842 868 nullum

377 907 523 945 locum
554 904 730 956 excipit,
754 905 830 943 sed
862 904 1109 956 ubicunque
1139 910 1182 943 te
1215 905 1308 956 ipse
1338 903 1506 943 reficias
1535 917 1608 943 eas
1640 903 1846 955 intelligit

316 990 319 992 ·
377 978 679 1025 adhibendas3
732 977 837 1016 dicit
880 978 995 1016 enim
1032 976 1234 1017 absolute
1277 977 1319 1015 in
1362 976 1599 1016 refectione
1636 977 1842 1028 corporis,

376 1053 572 1092 locorum
601 1050 856 1091 definitione
888 1051 1073 1091 sublata.
1139 1051 1204 1091 Ut
1236 1057 1279 1090 et
1313 1050 1523 1103 Ephraim
1555 1049 1612 1089 ad
1645 1050 1842 1090 novitios.

378 1123 685 1173 “Canonem‚”
721 1125 874 1176 inquit,
911 1127 1024 1164 “seu
1067 1124 1275 1177 regulam,
1310 1138 1410 1164 cum
1448 1124 1567 1164 omni
1606 1123 1846 1163 reverentia

378 1206 421 1240 et
463 1200 620 1239 timore
663 1212 855 1251 sequere,
896 1199 1085 1251 licetque
1122 1199 1188 1239 bis
1231 1199 1274 1238 in
1317 1199 1387 1238 die
1424 1199 1480 1238 ad
1523 1198 1846 1238 comedendum

378 1274 588 1322 tradatur,
627 1287 801 1326 semper
832 1274 980 1314 cibum
1014 1288 1114 1313 cum
1151 1274 1393 1327 gratiarum
1436 1274 1608 1313 actione
1650 1271 1845 1312 sumite.'’

380 1348 591 1401 Quisquis
633 1355 782 1388 autem
825 1348 971 1388 cibum
1014 1354 1281 1400 sumpturus,
1323 1347 1406 1387 hoc
1448 1353 1513 1387 est
1563 1347 1647 1386 Dei
1689 1360 1848 1387 munus

379 1428 645 1475 gustaturus,
673 1423 913 1474 gratiarum
948 1422 1228 1470 obliviscitur,
1260 1423 1295 1461 is
1325 1421 1432 1461 nihil
1462 1421 1607 1461 differt
1636 1435 1661 1460 a
1692 1421 1848 1473 porcis,

379 1501 427 1536 ut
442 1496 496 1535 de
511 1495 776 1547 quibusdam
792 1494 1046 1535 temulentis
1065 1495 1410 1548 Chrysostomus
1429 1495 1488 1534 ait
1506 1495 1549 1534 in
1569 1493 1846 1541 Matthceum,

379 1569 454 1609 ubi
480 1568 678 1608 Christus
701 1573 745 1607 et
771 1569 912 1620 egisse
943 1569 1106 1621 gratias
1139 1575 1183 1609 et
1212 1569 1429 1622 hymnum
1464 1568 1629 1608 dixisse
1662 1568 1848 1608 dicitur:

383 1641 660 1690 “Audiant,''
694 1642 837 1695 inquit
869 1642 953 1692 ille,
987 1645 1174 1683 “omnes
1207 1644 1281 1695 qui
1314 1643 1437 1695 quasi
1470 1642 1600 1695 porci,
1628 1655 1726 1682 cum
1756 1641 1848 1694 jam

383 1716 666 1764 comederint,
697 1716 752 1755 de
785 1730 937 1755 mensa
968 1716 1198 1756 temulenti
1232 1723 1513 1769 consurgunt,
1545 1729 1643 1755 cum
1677 1716 1851 1756 deceret

382 1803 457 1830 eos
479 1789 643 1841 gratias
665 1802 805 1841 agere,
831 1795 874 1828 et
896 1790 939 1828 in
962 1789 1178 1842 hymnum
1202 1803 1400 1829 mensam
1425 1787 1682 1829 desinere.'’1

472 1862 666 1915 Quartus
710 1869 775 1902 est
822 1877 983 1912 eorum,
1027 1864 1100 1916 qui
1143 1863 1262 1904 nullo
1304 1864 1480 1916 pietatis
1521 1863 1694 1911 affectu,
1733 1862 1852 1903 nulla

382 1937 495 1990 grati
552 1937 686 1976 animi
756 1936 1087 1988 significatione,
1145 1937 1223 1977 sed
1281 1943 1357 1977 aut
1419 1950 1475 1976 ex
1535 1936 1853 1976 consuetudine

383 2012 440 2051 ad
500 2023 675 2050 carmen
735 2024 970 2050 commune
1030 2011 1310 2064 respondent,
1361 2017 1438 2050 aut
1501 2010 1759 2050 festinanter
1809 2016 1853 2050 et

380 2085 551 2134 cursim,
586 2097 685 2123 cum
728 2097 801 2124 eas
838 2084 1013 2124 silentio
1055 2092 1099 2125 et
1139 2085 1344 2138 privatim
1387 2083 1610 2124 adhibent.
1676 2083 1849 2124 Consti—

385 2159 497 2199 tutio
539 2171 643 2198 vero
690 2157 819 2210 jubet
871 2159 1035 2210 gratias
1087 2158 1198 2207 Deo,
1242 2172 1329 2210 qua
1379 2171 1458 2210 par
1499 2163 1565 2197 est
1608 2158 1853 2206 devotione,

386 2232 609 2285 persolvi;
663 2237 707 2271 et
748 2232 804 2271 ad
855 2232 899 2271 id
943 2245 1022 2271 nos
1063 2232 1263 2272 hortatur
1305 2232 1349 2271 B.
1378 2231 1648 2279 Vincentius,
1685 2231 1770 2283 qui,
1812 2231 1855 2270 in

387 2305 570 2358 agendis
601 2305 763 2357 gratiis,
786 2304 871 2345 hoc
903 2319 1004 2345 cum
1037 2305 1194 2345 animis
1227 2306 1385 2345 nostris
1417 2310 1620 2357 reputare
1649 2318 1729 2344 nos
1750 2304 1855 2352 vult,

386 2385 551 2432 quanta
594 2380 649 2418 sit
692 2393 795 2432 erga
839 2392 919 2418 nos
962 2379 1210 2432 benignitas
1260 2393 1311 2419 ac
1360 2379 1599 2418 liberalitas
1641 2378 1737 2427 Dei,
1781 2379 1854 2430 qui

388 2460 480 2493 tarn
531 2453 669 2492 multa
717 2453 844 2492 nobis
885 2458 1066 2505 tamque
1108 2453 1227 2492 varia
1268 2453 1324 2492 ad
1377 2452 1658 2492 reficiendum
1700 2466 1857 2505 corpus

390 2527 523 2575 dedit,
548 2527 621 2566 ubi
651 2527 770 2566 haud
794 2527 928 2566 dubie
959 2526 1206 2579 complures
1235 2526 1406 2566 aridum
1436 2527 1675 2566 dumtaxat
1696 2539 1855 2578 panem

389 2601 573 2641 summis
610 2601 653 2640 in
690 2600 855 2640 deliciis
892 2600 1132 2650 haberent;
1171 2601 1359 2654 ideoque
1394 2606 1596 2653 oportere
1630 2613 1720 2649 nos,
1753 2613 1853 2639 cum

390 2689 415 2714 a
439 2688 591 2714 mensa
623 2675 939 2727 consurgimus,
967 2675 1139 2715 debitas
1162 2675 1261 2715 Deo
1292 2675 1456 2727 gratias
1488 2673 1728 2726 laudesque
1759 2686 1855 2726 per-

391 2747 588 2788 solvere.2
650 2748 751 2800 Quo
780 2749 956 2801 pietatis
979 2754 1022 2788 et
1045 2749 1291 2791 devotionis
1314 2749 1473 2788 affectu
1495 2748 1697 2788 videntur
1725 2746 1856 2787 fuisse

392 2822 498 2863 olim
541 2822 744 2864 monachi
788 2822 860 2871 illi,
904 2822 959 2862 de
1001 2823 1158 2876 quibus
1201 2822 1544 2875 Chrysostomus
1586 2827 1743 2869 narrat,
1783 2820 1855 2873 qui

698 2911 709 2930 ¹
736 2913 776 2943 In
795 2912 914 2944 Maith.
933 2912 982 2944 26.
1129 2911 1141 2930 ²
1166 2912 1353 2944 Tract.Vit.
1373 2912 1456 2953 Spir.
1476 2923 1502 2943 c.
1522 2918 1550 2952 7.
