1903 3197
467 167 547 213 De
579 167 837 214 obedientia
873 169 1073 226 medicis,
1100 175 1174 216 etc.
1467 185 1557 230 505

96 299 300 340 incidant.
382 298 449 339 At
487 312 602 348 vero,
642 298 866 351 “Siquis‚''
909 300 1061 353 inquit,
1101 302 1275 342 “vitam
1323 302 1380 342 ab
1426 302 1561 344 oculis

96 370 326 411 hominum
377 376 590 411 remotam
652 371 763 410 inter
818 371 928 412 duos
981 379 1057 413 aut
1109 379 1198 413 tres
1249 375 1375 414 unius
1429 376 1561 415 moris

99 444 253 485 fratres
319 445 462 497 degat,
516 444 864 496 quibuscumque
930 445 1001 486 ille
1055 447 1218 487 morbis
1273 448 1560 496 conflictetur,

98 517 290 570 applicet
336 531 383 557 se
433 518 476 558 in
527 517 615 557 fide
666 517 722 557 ad
776 517 1031 567 Dominum,
1083 521 1156 571 qui
1209 528 1335 561 sanat
1385 534 1561 562 omnem

99 591 302 631 morbum
349 596 393 631 et
443 603 621 630 omnem
674 590 966 643 languorem.''
1048 592 1166 632 Nam
1228 594 1323 645 ipsa
1373 595 1563 635 solitudo

99 664 205 703 satis
241 668 336 704 tum
378 663 689 703 consolationis
730 663 867 713 affert,
909 677 1009 703 cum
1051 664 1275 705 hominem
1318 680 1370 706 eo
1411 668 1563 719 magis,

101 742 149 778 ut
191 737 289 777 Deo
330 736 534 786 confidat,
578 737 788 789 impellat,
837 738 1072 790 quominus
1114 739 1329 779 auxilium
1381 740 1564 780 medicae

98 809 203 850 artis
239 815 456 862 expectat.
536 810 685 863 Quare
715 811 749 851 si
783 811 883 864 plus
918 812 1020 852 fidei
1057 826 1108 853 ac
1144 814 1235 866 spei
1272 827 1489 866 ponamus
1522 815 1565 854 in

99 882 210 932 Deo,
253 896 387 936 quam
439 884 482 924 in
535 884 716 924 medicis
765 885 833 925 vel
876 886 1115 935 medicinis,
1159 900 1245 927 non
1293 894 1385 928 tam
1437 888 1565 928 amici

100 957 417 998 medicinarum
467 957 639 1007 erimus,
683 972 763 999 nec
811 965 902 999 tam
953 961 1105 1000 crebro
1156 961 1458 1013 confugiemus
1509 962 1565 1002 ad

101 1030 324 1081 medicos;
370 1032 613 1084 praesertim
654 1033 690 1071 si
736 1032 793 1072 ab
833 1032 963 1085 hujus
1005 1034 1139 1074 etiam
1190 1036 1383 1088 corporis
1424 1035 1566 1076 indul-

101 1104 250 1156 gentia
290 1103 580 1145 discedamus.
666 1105 787 1146 Hinc
839 1106 955 1146 enim
1006 1108 1321 1149 medicinarum
1362 1108 1567 1150 videlicet

101 1182 250 1217 tantus
289 1191 423 1227 amor,
458 1177 560 1218 hinc
596 1178 777 1219 curandi
811 1178 1018 1220 levissimi
1052 1181 1265 1234 cujusque
1299 1183 1439 1222 morbi
1474 1188 1565 1223 tam

104 1250 260 1289 ardens
282 1251 488 1290 studium.
552 1250 641 1291 Sed
673 1251 729 1291 de
759 1253 903 1304 priore
934 1253 1008 1293 illa
1039 1255 1199 1307 regula,
1224 1269 1357 1307 quam
1389 1261 1568 1309 propter

103 1323 315 1373 subditos,
349 1329 392 1363 et
426 1336 512 1374 eos,
545 1325 619 1377 qui
653 1332 882 1377 aegrotant,
915 1326 1112 1367 diximus
1143 1341 1237 1368 esse
1267 1329 1565 1382 perscriptam,

102 1396 219 1436 satis.
303 1395 512 1449 Sequitur
548 1397 641 1450 jam
683 1399 906 1451 posterior,
938 1413 1038 1452 quae
1074 1406 1141 1441 est
1176 1402 1287 1442 inter
1329 1402 1566 1443 Summarii

102 1468 274 1522 regulas
294 1481 362 1521 49.

106 1757 181 1794 DE
258 1758 613 1795 OBEDIENTIA
685 1759 924 1797 MEDICIS
990 1759 1422 1798 SPIRITUALIBUS
1495 1761 1567 1798 ET

212 1827 646 1866 CORPORALIBUS
695 1828 1034 1866 EXHIBENDA
1079 1830 1264 1878 JUXTA
1310 1830 1563 1868 CONSTIT.

212 1909 274 1945 49.
319 1897 625 1935 SUMMARII.

104 1992 125 2010 “
145 1990 505 2031 AEGRITUDINIS
555 1996 755 2044 tempore
814 2005 902 2032 non
957 1992 1099 2033 solum
1156 1994 1385 2034 observare
1436 2007 1566 2036 unus-

104 2064 290 2117 quisque
340 2063 638 2104 obedientiam
680 2078 844 2118 magna
889 2079 989 2106 cum
1039 2067 1231 2119 puritate
1281 2068 1414 2108 debet
1463 2081 1567 2122 erga

104 2138 349 2190 superiores
380 2136 655 2190 spirituales,1
678 2144 726 2178 ut
756 2138 891 2191 ipsius
920 2139 1114 2179 animam
1147 2147 1326 2193 regant:
1358 2141 1435 2181 sed
1466 2155 1566 2182 cum

102 2210 262 2250 eadem
299 2210 547 2251 humilitate
581 2224 685 2264 erga
716 2212 910 2253 medicos
943 2213 1190 2266 corporales
1221 2220 1265 2255 et
1296 2215 1568 2264 infirmarios,

104 2289 152 2325 ut
183 2296 341 2336 corpus
373 2284 466 2336 ejus
498 2283 712 2337 regant.’'2

190 2357 294 2397 Duo
331 2356 414 2398 hac
449 2358 778 2398 Constitutione
813 2360 1150 2413 praecipiuntur:
1196 2361 1398 2414 primum,
1434 2368 1483 2403 ut
1524 2363 1567 2403 in

103 2430 265 2470 morbis
307 2430 572 2471 exhibeatur
612 2433 906 2485 superioribus
954 2434 1252 2486 spiritualibus
1303 2435 1566 2485 obedientia,

103 2503 177 2555 qui
210 2504 403 2544 animam
436 2510 618 2557 regunt:
651 2506 821 2557 deinde,
844 2512 893 2547 ut
926 2507 1188 2548 exhibeatur
1221 2509 1354 2549 etiam
1387 2509 1569 2549 medicis

101 2581 145 2617 et
178 2576 437 2626 infirmariis,
461 2578 534 2630 qui
566 2592 724 2631 corpus
755 2587 921 2633 regunt.

190 2650 384 2690 Priorem
421 2651 722 2693 obedientiam
756 2654 851 2707 ipso
894 2655 1101 2708 loquendi
1140 2656 1273 2696 modo
1307 2655 1349 2696 S.
1371 2655 1570 2708 Ignatius

103 2723 229 2764 nobis
271 2724 332 2764 ita
373 2726 670 2777 commendat,
713 2732 762 2767 ut
805 2741 902 2768 eam
947 2742 1193 2782 supponere
1239 2728 1571 2780 quodammodo

101 2797 313 2848 videatur,
336 2803 549 2851 tanquam
581 2813 669 2840 non
701 2803 944 2843 necessario
977 2802 1268 2843 revocandam
1300 2802 1344 2842 in
1377 2808 1569 2843 mentem

346 2886 358 2905 ²
385 2888 425 2919 In
448 2898 554 2920 exam.
575 2899 602 2921 c.
622 2898 654 2929 4.
675 2891 690 2929 ἓ
714 2897 765 2930 32.
903 2890 917 2909 ²
940 2899 969 2932 3.
991 2902 1023 2933 p.
1044 2902 1072 2923 c.
1092 2900 1121 2923 2.
1144 2893 1159 2930 ἓ
1183 2891 1212 2923 6.
1233 2891 1254 2923 1.
1276 2891 1316 2923 G.
