1903 3197
389 159 469 206 De
499 159 677 206 studiis
710 159 882 206 mentis
917 159 1337 224 interrumpendis.
1493 174 1591 224 437

125 292 360 343 monachis,
432 292 506 345 qui
578 291 712 332 tantis
792 291 1038 333 studiorum
1116 293 1339 335 laboribus
1410 300 1591 349 tamque

124 366 310 407 assiduis
352 379 398 406 se
448 365 628 406 omnino
679 378 766 405 non
825 371 1082 408 conterunt:
1135 373 1382 408 nostrorum
1437 374 1585 410 autem

124 445 304 489 mentes,
342 453 399 479 ex
446 453 534 491 quo
571 438 839 478 surrexerint
877 452 1015 492 usque
1052 439 1109 480 ad
1151 447 1338 492 noctem,
1378 447 1591 495 perpetua

124 515 167 553 in
200 513 440 566 agitatione
471 517 709 552 versantur.

209 586 390 639 Quaeret
416 586 584 626 adhuc:
616 585 722 634 haec,
750 599 882 638 quam
910 587 1084 639 proprie
1109 601 1318 627 vocamus
1343 589 1588 637 Recreatio‚

123 675 148 701 a
199 660 584 701 constitutionibus
635 673 722 699 non
769 659 942 716 videtur
990 660 1194 711 indueta;
1262 661 1407 701 nullus
1469 663 1585 702 enim

123 734 244 774 locus
281 735 323 773 in
361 734 412 773 iis
449 739 525 781 est,
565 733 638 773 ubi
677 738 828 786 aperte
869 733 995 783 hanc,
1034 748 1167 787 quam
1205 740 1419 785 tenemus,
1458 737 1591 776 animi

124 807 350 848 relaxandi
389 807 603 846 rationem
648 807 836 847 tradant.
916 807 1212 860 Respondeo:
1262 809 1400 859 Esto;
1448 809 1591 850 nullus

123 881 179 921 sit
211 895 262 921 ea
294 880 349 920 de
381 894 425 920 re
459 880 579 920 locus
614 881 830 934 apertior:
878 887 994 922 certe
1032 883 1066 922 si
1103 882 1173 922 hic
1211 897 1342 936 quem
1380 884 1593 925 habemus

123 969 212 1008 prae
250 954 452 994 manibus
497 954 552 994 ad
591 969 716 994 usum
756 956 1026 996 revocandus
1071 957 1137 1005 sit,
1176 971 1275 997 cum
1322 958 1592 1000 Constitutio

122 1029 323 1081 graviora
372 1029 582 1068 exercitia
629 1043 708 1068 nec
756 1029 915 1069 mentis
963 1043 1042 1070 nec
1085 1032 1277 1083 corporis
1331 1046 1356 1072 a
1407 1034 1592 1086 prandio

124 1104 360 1155 permittat,
399 1116 576 1142 necesse
618 1103 698 1142 erit
731 1104 1085 1155 pomeridianum
1121 1111 1297 1158 tempus
1340 1120 1365 1146 a
1407 1107 1592 1159 prandio

124 1183 167 1217 et
204 1177 501 1229 vespertinum
541 1183 642 1229 post
680 1190 865 1225 coenam,
903 1192 967 1227 eo,
999 1192 1087 1230 quo
1130 1180 1332 1229 solemus,
1366 1181 1595 1221 relaxandi

125 1251 259 1290 modo
295 1250 546 1301 transigere.
625 1250 743 1302 Quid
788 1251 902 1290 enim
946 1257 1117 1304 spectat
1154 1253 1272 1293 aliud
1313 1254 1595 1304 Constitutio,

126 1325 206 1363 nisi
242 1329 289 1363 ut
323 1324 456 1363 animi
495 1323 779 1364 relaxentur?
842 1324 907 1365 At
944 1339 1150 1377 quaenam
1190 1327 1351 1367 leviora
1384 1330 1595 1369 exercitia

125 1398 366 1450 excogitari
420 1398 591 1450 possint
638 1404 732 1437 rata
785 1404 828 1437 et
880 1398 983 1446 fixa,
1028 1405 1075 1438 ut
1118 1400 1386 1453 defatigatus
1439 1403 1594 1442 studiis

123 1471 394 1524 gravioribus
461 1472 636 1510 animus
708 1471 962 1511 relaxetur?
1069 1472 1164 1512 Nisi
1238 1474 1348 1514 forte
1420 1476 1597 1516 musicis

125 1559 304 1598 operam
343 1546 509 1593 demus,
545 1559 643 1598 quae
683 1546 763 1585 etsi
796 1559 896 1585 vere
943 1545 1175 1596 delectent,
1214 1553 1257 1587 et
1299 1549 1496 1588 animum
1540 1550 1596 1589 ab

126 1620 369 1660 intentione
407 1633 607 1659 curarum
646 1633 733 1659 non
771 1633 926 1672 parum
970 1627 1184 1670 avocent;
1233 1627 1382 1662 tamen
1430 1637 1509 1663 nec
1547 1637 1598 1664 ea

127 1694 322 1746 usurpari
375 1693 572 1745 quotidie
614 1694 679 1733 fas
729 1699 805 1742 est,
859 1707 938 1733 nec
990 1708 1144 1734 omnes
1187 1709 1313 1747 aeque
1365 1696 1595 1738 delectant.

126 1767 230 1807 Alia
273 1768 481 1807 exercitia
524 1767 697 1815 leviora,
738 1768 981 1819 praesertim
1029 1769 1200 1818 mentis,
1244 1783 1449 1821 qucenam
1503 1785 1597 1812 esse

126 1847 300 1893 queant,
340 1847 386 1881 ut
424 1855 510 1880 non
560 1855 708 1880 secum
746 1840 905 1881 laboris
953 1842 1119 1894 aliquid
1167 1843 1362 1893 afferant,
1401 1859 1488 1884 non
1532 1852 1598 1886 est

125 1915 250 1955 facile
287 1916 500 1968 reperire:
554 1915 748 1968 corporis
790 1920 939 1954 autem
978 1929 1096 1968 saepe
1140 1917 1326 1957 molesta
1369 1924 1500 1969 sunt;
1552 1927 1596 1960 et

125 1990 226 2030 licet
283 1990 406 2030 initio
455 1990 652 2041 jucunda
698 1990 940 2038 videantur,
993 1990 1080 2029 cito
1133 1997 1281 2031 tamen
1337 1992 1592 2046 defatigant.

130 2065 231 2104 Huc
269 2064 448 2113 accedit,
488 2064 606 2116 quod
649 2063 917 2104 Constitutio
954 2064 1048 2117 ipsa
1086 2078 1172 2105 non
1210 2066 1271 2106 ita
1314 2067 1453 2107 multo
1495 2075 1596 2121 post

127 2139 231 2178 satis
269 2144 419 2191 aperte
456 2139 630 2178 videtur
667 2138 728 2187 iis,
767 2139 840 2190 qui
885 2144 1090 2191 praesunt,
1128 2139 1364 2192 imponere
1404 2148 1451 2181 ut
1494 2156 1595 2182 con-

126 2212 304 2252 veniens
368 2212 546 2264 aliquod
613 2212 891 2252 ree1eationis
958 2226 1096 2265 genus
1159 2214 1220 2262 iis,
1273 2215 1346 2266 qui
1410 2216 1595 2256 assiduis

125 2286 346 2326 laboribus
381 2286 539 2326 detine
534 2291 642 2335 ntur,
675 2286 926 2326 exhibeant.
1003 2286 1075 2327 Sic
1108 2288 1222 2327 enim
1258 2288 1420 2330 habet:
1468 2290 1593 2332 “Sed

128 2374 207 2400 nec
229 2367 357 2400 extra
390 2360 644 2413 hujusmodi
677 2360 806 2400 horas
840 2361 1023 2400 nimium
1057 2362 1300 2402 continuari
1333 2364 1426 2404 sine
1448 2364 1595 2417 aliqua

129 2435 413 2485 relaxatione,
447 2435 516 2474 vel
551 2435 828 2474 convenienti
864 2435 1130 2475 recreatione
1164 2436 1426 2477 debebunt.''
1493 2438 1593 2490 Jam

129 2509 389 2548 conveniens
440 2509 522 2549 ista
574 2510 782 2548 recreatio
832 2509 973 2561 qualis
1021 2523 1113 2549 esse
1156 2510 1326 2559 debeat,
1371 2512 1452 2551 nisi
1496 2512 1596 2552 talis

129 2582 194 2629 sit,
247 2582 389 2634 qualis
440 2589 541 2635 post
595 2582 748 2636 epulas
807 2584 947 2633 datur,
1008 2597 1094 2623 non
1162 2585 1267 2624 satis
1328 2585 1593 2637 intelligitur.

131 2654 344 2707 Quamvis
387 2663 535 2696 autem
581 2656 851 2696 Constitutio
895 2658 1228 2697 convenientem
1273 2658 1387 2698 hanc
1430 2672 1596 2698 recrea-

130 2728 294 2768 tionem
342 2730 454 2769 inter
494 2730 589 2782 ipsa
636 2731 781 2770 studia
817 2744 894 2783 per
930 2732 1046 2771 diem
1091 2733 1329 2771 concedere
1370 2732 1595 2772 videatur:

131 2809 281 2843 tamen
315 2804 456 2843 visum
495 2810 560 2844 est
599 2817 696 2844 eam
735 2805 1084 2844 moderatoribus
1126 2806 1167 2844 in
1203 2806 1246 2844 id
1284 2811 1468 2858 tempus,
1508 2820 1595 2859 quo

133 2877 374 2917 secundum
420 2877 569 2917 cibum
614 2879 889 2930 quiescimus,
928 2879 1083 2918 melius
1131 2885 1263 2931 atque
1310 2880 1599 2933 opportunius
