1903 3197
293 209 321 252 6
327 208 391 267 36
612 207 693 254 De
725 209 916 256 ratione
948 210 1144 257 vivendi
1177 213 1438 262 Socz‘etatz's.

289 340 534 381 orationem
557 340 673 382 facta
694 342 872 383 hilarior
893 344 1134 387 exclamat:
1154 350 1176 367 “
1192 347 1484 390 Benedictum
1508 358 1574 392 est
1595 366 1758 394 nomen

289 419 429 464 tuum,
461 415 582 455 Deus
613 422 789 469 patrum
821 424 1083 470 nostrorum,
1107 427 1198 471 etc.,
1221 423 1296 475 qui
1327 438 1428 464 cum
1460 425 1595 467 iratus
1627 427 1758 469 fueris

289 489 633 530 misericordiam
666 491 834 532 facies.’'

378 562 526 615 Quare
563 564 702 604 Isaias
738 565 906 616 AbbaS,
946 567 1018 609 Or.
1057 579 1137 621 17:
1177 569 1301 623 “Qui
1339 573 1565 626 suppleX,'’
1602 575 1754 629 inquit,

288 636 381 676 “ad
420 637 565 677 Deum
598 639 807 693 confugit,
838 641 881 680 in
919 656 971 682 eo
1008 644 1201 695 quietem
1240 646 1468 687 inveniet.''
1532 649 1591 689 Et
1621 650 1755 702 Justi-

288 711 456 759 nianus,
482 711 536 752 de
560 712 772 754 Oratione
794 729 826 754 c.
852 726 886 755 2.
910 730 949 769 p.
977 718 1028 768 83
1049 731 1057 757 :
1086 717 1345 771 “Quoties’'
1368 721 1521 775 inquit,
1547 723 1755 778 “impug-

287 785 539 826 nationibus
597 793 674 827 aut
719 788 942 830 laboribus
987 791 1177 843 agitaris,
1211 808 1238 833 o
1280 794 1426 846 homo,
1468 811 1655 850 propera
1698 799 1754 839 ad

286 860 497 900 orationis
549 862 818 913 suffragium,
865 864 980 904 insta
1030 867 1243 918 precibus,
1291 883 1367 909 ora
1417 872 1665 922 gemitibus,
1710 879 1754 913 et

285 932 492 987 lacrymis
533 935 776 988 deprecare.
861 937 978 990 Quia
1019 939 1053 978 si
1097 954 1259 993 magno
1304 943 1348 982 in
1392 946 1662 987 orationibus
1709 953 1755 987 te

285 1008 538 1049 exhibueris
590 1011 747 1060 studio,
790 1013 997 1052 amissam
1050 1016 1326 1067 recuperabis
1376 1019 1577 1070 gratiam,
1620 1027 1754 1074 atque

286 1084 548 1125 exuberanti
590 1086 909 1138 tranquillitate
950 1102 1007 1128 ex
1042 1089 1116 1129 illa
1149 1090 1276 1131 laetus
1317 1092 1486 1133 abibis:
1529 1108 1609 1135 nec
1650 1096 1753 1137 alibi

286 1171 420 1210 quam
462 1160 505 1199 in
547 1160 745 1201 oratione
781 1175 952 1214 quaeras
994 1177 1104 1212 eam,
1140 1165 1246 1217 quin
1288 1167 1436 1218 potius
1473 1169 1650 1220 quando
1691 1171 1756 1210 ira

285 1234 483 1273 animum
526 1240 651 1274 tuum
689 1237 923 1277 conturbat
954 1271 961 1277 .
995 1271 1003 1278 .
1036 1271 1043 1278 .
1078 1240 1267 1280 ascende
1309 1241 1352 1280 in
1392 1242 1658 1294 praesidium,
1697 1244 1754 1284 ad

286 1307 567 1348 altitudinem
611 1310 820 1350 orationis
864 1311 1063 1365 confuge,
1106 1313 1255 1366 ibique
1297 1315 1354 1355 ab
1400 1316 1754 1358 infestationibus

286 1395 462 1422 securus
499 1382 588 1423 lata
620 1384 938 1437 tranquillitate
974 1386 1161 1427 frueris.”
1226 1388 1340 1428 Haec
1375 1389 1507 1442 igitur
1542 1392 1597 1431 ad
1635 1406 1753 1432 com-

284 1458 528 1509 parandam
572 1459 937 1511 tranquillitatem
986 1462 1121 1501 animi
1168 1461 1344 1514 faciunt,
1386 1478 1444 1504 ex
1486 1479 1573 1517 qua
1618 1467 1753 1507 oritur

283 1533 493 1572 serenitas
524 1533 618 1573 oris.

698 1734 759 1769 IN
800 1734 1081 1771 REGULAM
1121 1736 1340 1773 NONAM.

288 1819 512 1860 “MANUS
545 1820 579 1859 si
612 1834 700 1860 non
733 1821 776 1860 in
809 1822 1066 1862 sustinenda
1096 1829 1217 1862 veste
1248 1824 1552 1877 occupantur.''

376 1894 488 1935 Haec
526 1909 703 1948 quoque
744 1896 904 1948 regula,
943 1903 986 1936 et
1023 1910 1074 1937 ea
1110 1911 1209 1949 quae
1251 1898 1532 1952 subsequitur
1572 1901 1627 1941 ad
1668 1901 1752 1942 hoc

284 1969 428 2022 ipsum
481 1970 536 2010 de
589 1971 888 2011 membrorum
947 1979 1236 2026 motuumque
1287 1976 1480 2028 corporis
1536 1977 1753 2018 modestia

281 2051 415 2097 caput
447 2045 685 2086 referendae
716 2053 827 2087 sunt.

430 2203 496 2233 DE
529 2204 754 2235 MANIBUS
787 2205 1146 2236 GUBERNANDIS
1177 2207 1238 2237 AC
1271 2207 1610 2241 MODERANDIS.

372 2283 505 2337 Quod
528 2286 584 2325 ad
607 2286 958 2327 moderationem
988 2300 1199 2328 manuum
1229 2290 1429 2341 pertinet,
1453 2291 1540 2331 duo
1571 2292 1749 2345 praecipi

280 2366 477 2411 possunt.
561 2360 768 2409 Primum,
807 2375 1013 2413 quaenam
1055 2363 1278 2415 praecipua
1317 2364 1422 2404 vitia
1463 2365 1506 2404 in
1549 2366 1749 2417 regendis

283 2433 489 2473 manibus
521 2434 607 2474 sint
639 2436 845 2475 cavenda.
916 2435 1101 2485 Deinde,
1125 2437 1283 2488 quibus
1314 2439 1511 2478 maxime
1542 2441 1751 2492 tempori-

280 2507 373 2556 bus,
398 2522 452 2548 ne
481 2509 525 2548 in
546 2509 702 2548 vitium
732 2510 913 2562 aliquod
945 2510 1150 2559 incidant,
1175 2512 1469 2554 moderandae.
1532 2514 1748 2555 Manuum

282 2588 431 2623 autem
465 2583 642 2623 nomine
675 2585 808 2623 etiam
841 2584 1020 2624 brachia
1057 2584 1341 2639 lacertosque,
1372 2587 1488 2628 unde
1524 2588 1609 2628 illae
1643 2603 1748 2642 pen-

279 2657 395 2706 dent,
420 2657 842 2710 comprehendimus.

367 2730 527 2784 Quoad
560 2732 761 2785 primum.
826 2733 1054 2787 Praecipua
1085 2749 1296 2775 manuum
1328 2737 1433 2776 vitia
1469 2737 1525 2777 ad
1560 2744 1748 2790 quatuor

279 2807 425 2859 capita
448 2807 636 2847 revocari
668 2814 862 2860 possunt.
931 2815 986 2847 1m
1009 2816 1084 2858 est,
1109 2823 1208 2849 cum
1232 2811 1275 2849 in
1298 2811 1544 2851 membrum
1566 2812 1745 2865 aliquod

279 2882 344 2921 sui
377 2883 570 2934 corporis
601 2888 767 2922 temere
798 2882 1062 2935 injiciuntur,
1086 2890 1135 2924 ut
1165 2898 1265 2924 cum
1292 2885 1361 2925 vel
1391 2886 1434 2925 in
1467 2886 1745 2939 expoliendis

280 2957 498 2997 subtiliter
530 2958 718 3006 naribus,
748 2963 824 2998 aut
856 2958 1061 2998 dentibus
1094 2959 1257 2999 diutius
1289 2973 1422 3012 quam
1456 2961 1566 3001 ferat
1597 2975 1744 3002 neces-
