1903 3197
288 164 313 210 5
323 164 346 210 5
359 165 382 196 2
611 149 692 194 Dc
727 150 920 196 ratione
951 149 1145 196 vivendi
1177 150 1441 198 Socz'elatz's.

287 281 391 323 fecit
411 295 419 321 :
452 294 630 334 prorsus
653 281 708 321 ad
733 281 880 321 Deum
914 281 1023 322 refer
1046 281 1269 336 flagellum
1292 287 1430 332 tuum,
1454 283 1556 335 quia
1579 297 1659 324 nec
1681 278 1760 325 tibi

286 355 452 409 aliquid
476 355 677 395 diabolus
700 354 815 405 facit,
839 355 921 395 nisi
951 356 1021 396 ille
1051 357 1288 409 permittat,
1312 357 1385 409 qui
1413 357 1601 410 desuper
1621 357 1761 400 habet

285 435 555 484 potestatem
579 436 655 470 aut
681 429 736 469 ad
770 443 949 483 poenam
982 437 1059 471 aut
1090 430 1147 471 ad
1180 430 1469 484 disciplinam,
1494 432 1549 472 ad
1576 446 1756 485 poenam

288 504 445 558 impiis,
468 504 524 544 ad
548 503 825 556 disciplinam
849 503 983 544 filiis.''

373 577 578 618 Eandem
603 577 816 618 referendi
838 579 896 618 ad
920 578 1068 619 Deum
1091 579 1240 619 omnia
1257 580 1565 633 praecipueque
1583 581 1760 621 morbos

286 657 460 693 nostros
502 652 716 705 pietatem
759 652 916 693 edocet
958 666 1038 693 nos
1075 652 1328 694 Dorotheus
1366 667 1443 694 ser.
1487 665 1560 702 12.,
1600 654 1673 695 ubi
1718 661 1762 695 et

286 726 480 780 seipsum
502 726 632 779 hujus
654 727 830 780 pietatis
861 727 1122 780 exemplum
1152 728 1317 777 statuit,
1341 728 1415 781 qui
1439 742 1539 768 cum
1562 728 1762 782 podagra

286 801 517 850 laboraret,
540 807 778 853 possetque
799 800 856 840 ad
880 800 1103 840 naturales
1128 814 1281 841 causas
1304 802 1548 855 confugere,
1568 802 1761 843 malebat

287 880 437 916 tamen
471 875 526 914 ad
561 874 707 914 Deum
741 874 945 914 morbum
976 888 1103 914 suum
1138 875 1323 925 referre;
1353 881 1397 916 et
1426 877 1482 917 ad
1510 883 1760 917 extremum

287 948 349 989 ita
391 947 641 988 concludit:
689 947 847 988 “Nihil
891 948 1022 1001 igitur
1065 962 1176 1001 opus
1219 955 1297 997 est,
1337 955 1384 989 ut
1426 950 1621 990 animum
1665 952 1762 1002 quis

287 1021 565 1075 despondeat
598 1028 732 1075 atque
768 1021 945 1074 dejiciat
982 1022 1025 1062 in
1067 1021 1146 1072 his,
1183 1036 1282 1075 quae
1318 1023 1573 1076 contingere
1607 1024 1762 1073 solent,

287 1097 365 1137 sed
403 1097 563 1145 omnia,
597 1103 645 1137 ut
687 1097 822 1137 modo
865 1096 971 1145 dixi,
1005 1097 1061 1137 ad
1107 1097 1190 1137 Dei
1224 1097 1499 1138 voluntatem
1539 1104 1583 1138 et
1618 1099 1762 1151 provi-

286 1170 484 1211 dentiam
522 1170 715 1211 refe1·at.’'
792 1170 873 1211 Est
911 1171 1043 1224 igitur
1079 1171 1221 1224 pietas
1254 1170 1443 1212 filiorum
1481 1171 1537 1212 de
1573 1172 1764 1213 clemen-

285 1244 456 1285 tissimo
491 1244 565 1284 illo
601 1251 725 1298 patre
760 1245 820 1286 sic
857 1245 1124 1294 existimare,
1148 1245 1280 1298 plecti
1314 1259 1360 1286 se
1392 1246 1449 1286 ad
1482 1245 1759 1299 disciplinam

287 1331 385 1360 cum
410 1325 639 1372 aegrotant.
707 1319 808 1360 Hoc
830 1326 979 1359 autem
1004 1320 1110 1372 quid
1133 1320 1217 1360 nisi
1240 1319 1408 1360 donum
1431 1333 1526 1360 esse
1548 1321 1757 1369 dicamus,

287 1398 332 1434 et
353 1393 408 1433 de
431 1406 564 1433 manu
589 1393 772 1433 Domini
803 1392 993 1434 libenter
1014 1394 1332 1447 accipiendum,
1357 1400 1404 1434 ut
1427 1393 1538 1435 infra
1564 1394 1762 1447 pluribus

285 1467 602 1508 ostendemus?

373 1540 489 1581 Sunt
512 1541 645 1581 etiam
667 1541 741 1593 pia
765 1541 909 1590 verba,
929 1546 972 1581 et
995 1541 1050 1581 ad
1070 1531 1441 1583 exaedificandum
1459 1543 1761 1590 accomodata,

286 1628 384 1668 quae
427 1621 503 1655 aut
541 1615 598 1655 de
639 1615 738 1655 Deo
775 1622 852 1655 aut
890 1629 989 1656 cum
1029 1616 1127 1656 Deo
1160 1615 1326 1657 faciunt
1356 1617 1522 1670 aegroti,
1557 1623 1605 1657 ut
1640 1617 1761 1657 vide-

288 1702 386 1729 mus
409 1689 514 1729 item
538 1690 581 1728 in
605 1688 706 1742 Job,
731 1689 856 1741 cujus
885 1690 1029 1729 omnis
1059 1695 1151 1730 erat
1179 1703 1323 1730 sermo
1352 1696 1428 1730 aut
1450 1690 1505 1730 de
1539 1690 1637 1730 Deo
1659 1703 1758 1730 cum

287 1762 425 1803 tribus
463 1762 717 1816 disceptans
750 1763 932 1813 amicis;
965 1769 1041 1804 aut
1073 1777 1173 1803 cum
1206 1763 1316 1813 Deo,
1340 1763 1462 1804 illum
1492 1763 1763 1805 familiariter

289 1835 519 1888 alloquens
561 1842 777 1890 tanquam
819 1838 987 1877 amicus
1038 1838 1242 1878 amicum.
1325 1837 1453 1878 “Hic
1494 1839 1623 1887 enim,
1662 1851 1761 1878 cum

290 1923 448 1963 corpus
479 1910 573 1963 ejus
602 1917 949 1964 concerperetur‚
973 1900 1228 1952 th'esaurum
1260 1911 1473 1965 pietatiS,’'
1496 1917 1545 1953 ut
1576 1912 1764 1952 Basilius

291 1984 365 2034 ait,
391 1986 640 2037 “tanquam
674 1984 846 2038 asylum
880 1985 924 2025 in
957 1986 1117 2026 mentis
1148 1985 1387 2026 recessibus
1419 1985 1690 2026 custodivit.”
1710 1985 1722 2007 ¹

379 2058 592 2111 Ejusdem
617 2059 841 2112 specimen
863 2059 1040 2113 pietatis
1062 2060 1105 2100 in
1127 2060 1270 2100 verbis
1290 2060 1521 2113 praebebat
1542 2060 1585 2099 in
1608 2060 1763 2101 morbo

293 2144 430 2172 senex
455 2131 527 2173 ille
550 2133 670 2186 apud
701 2132 1010 2183 Dorotheum‚2
1032 2133 1105 2186 qui
1134 2133 1364 2174 Dorotheo
1393 2134 1475 2186 ipsi
1498 2134 1762 2174 ministranti

294 2213 509 2259 tanquam
543 2221 623 2260 pro
656 2208 857 2247 mercede
885 2207 1068 2260 singulis
1097 2208 1251 2248 diebus
1282 2207 1340 2248 ad
1365 2221 1592 2261 vesperam
1625 2208 1762 2250 dabat

293 2280 460 2332 aliquid
484 2281 653 2331 moniti,
676 2281 876 2321 salutaris
899 2281 1064 2322 scilicet
1085 2287 1130 2321 et
1158 2282 1304 2331 divini,
1327 2288 1374 2322 ut
1396 2281 1557 2335 legenti
1579 2282 1759 2335 planum

286 2359 362 2394 est.

377 2428 467 2469 Sed
503 2442 557 2468 ne
595 2429 889 2470 domesticum
929 2435 1243 2482 praetereamus
1277 2430 1546 2484 exemplum,
1582 2431 1762 2484 insignis

291 2503 334 2543 in
371 2502 456 2543 hoc
493 2515 652 2555 genere
690 2503 848 2544 dicitur
884 2503 1015 2544 fuisse
1049 2502 1297 2554 xaverius?
1328 2505 1402 2557 qui
1440 2505 1519 2545 “in
1556 2518 1762 2558 supremo

290 2590 371 2618 suo
406 2577 572 2626 morbo,
607 2590 721 2617 nunc
755 2577 905 2618 defixo
938 2578 981 2618 in
1014 2577 1174 2618 coelum
1207 2578 1433 2619 oculorum
1466 2579 1636 2627 obtutu,
1660 2578 1761 2620 laeta

289 2651 433 2691 fronte
486 2665 536 2692 ac
588 2651 711 2692 vultu
766 2665 865 2692 cum
920 2652 1097 2693 Christo
1148 2652 1357 2703 Domino,
1399 2654 1523 2706 quasi
1575 2653 1760 2702 adesset,

293 2725 547 2779 colloquens
559 2739 568 2776 ς
597 2739 712 2767 nunc
735 2726 1004 2779 psalmorum
1023 2740 1171 2767 versus
1188 2727 1259 2780 pie
1277 2727 1519 2768 admodum
1538 2740 1762 2780 usurpans,

502 2840 514 2860 ¹
543 2842 609 2883 Ap.
632 2842 772 2883 Olymp.
798 2842 869 2873 Cat.
891 2852 939 2882 gr.
1257 2840 1270 2860 ²
1294 2842 1363 2874 Ser.
1384 2851 1416 2882 4.
1436 2852 1467 2883 p.
1488 2850 1540 2882 40.

857 2892 871 2911 ³
901 2893 941 2923 In
960 2893 1016 2924 vit.
1037 2893 1058 2925 l.
1079 2902 1109 2933 9.
1130 2903 1157 2925 c.
1178 2901 1209 2933 9.
