1903 3197
301 162 402 219 480
627 160 707 206 De
739 161 928 207 ratione
961 160 1154 207 vivendi
1187 161 1448 208 Socz‘etatzlc.

299 294 484 347 prandia
525 293 737 343 tenuiora,
776 300 820 334 et
858 293 993 334 veluti
1031 295 1250 335 matutina
1291 294 1497 347 quaedam
1535 295 1770 348 jentacula,

300 367 462 407 idcirco
504 367 616 407 forte
656 373 812 420 potum
855 368 898 408 in
941 368 1136 421 prandiis
1177 374 1327 418 vetat3
1376 374 1424 409 ut
1460 374 1504 409 et
1542 369 1771 411 Cornelius

296 441 480 482 Celsus:
514 444 535 460 “
554 440 601 482 Si
625 442 722 494 quis
743 443 943 495 prandet,
968 443 1111 495 ipsum
1135 443 1191 483 sit
1213 444 1376 483 siccum
1400 448 1444 483 et
1465 444 1559 483 sine
1579 443 1724 497 potu.'’

394 515 630 556 Cornarius
662 521 811 556 autem
853 516 1032 569 quidem
1064 516 1174 557 libro
1206 517 1261 557 de
1293 517 1424 569 longa
1459 518 1562 566 vita,
1596 523 1770 558 tantum

299 589 452 629 tribuit
483 603 615 642 parco
651 590 786 642 potui,
820 591 931 630 sicut
962 591 1113 631 scribit
1145 591 1262 631 idern
1297 590 1514 641 Clemens
1539 597 1587 631 ut
1618 592 1771 632 existi-

300 669 441 704 maret
479 678 530 704 eo
568 678 707 717 usque
742 665 999 718 potandum,
1034 666 1175 706 donec
1211 665 1520 706 humectentur
1551 666 1646 715 cibi,
1679 680 1768 719 quo

298 732 432 779 nobis*
462 739 599 779 vitam
642 752 846 792 paremus
888 739 1141 791 longiorem.
1221 739 1353 792 Quod
1395 741 1429 780 si
1471 740 1566 780 haec
1599 746 1769 794 tempe-

299 812 451 861 rantia,
485 818 533 852 ut
564 812 669 860 dixi,
704 813 936 865 requiritur
967 813 1010 852 in
1044 813 1216 862 mensis,
1241 813 1419 866 quando
1452 814 1593 867 magis
1626 815 1770 867 requi·

297 886 436 926 renda
458 892 524 925 est
547 892 674 926 extra
697 886 903 926 mensas?

389 959 479 1000 Sed
521 960 555 998 si
599 959 777 1011 quando
821 973 900 1000 nos
942 959 1105 1013 decipit
1146 961 1250 1009 sitis,
1290 967 1338 1002 ut
1373 961 1636 1002 valetudinis
1680 977 1768 1004 non

294 1046 590 1085 agnoscamus
633 1034 975 1083 incommodum,
1015 1035 1172 1075 saltem
1216 1035 1272 1076 ab
1314 1036 1396 1076 hac
1433 1037 1769 1077 extraordinarii

297 1111 430 1159 potus
462 1107 800 1160 intemperantia
830 1109 942 1149 adeo
974 1110 1228 1162 corporibus
1258 1110 1392 1150 noxia
1417 1110 1589 1163 (loquor
1619 1117 1769 1151 autem

295 1181 356 1221 de
384 1181 535 1221 crebra
567 1187 610 1222 et
642 1181 876 1235 frequenti)
900 1183 1094 1224 retrahat
1123 1197 1201 1224 nos
1230 1184 1299 1225 vel
1331 1185 1574 1225 honestatis
1601 1185 1676 1234 vis,
1699 1185 1770 1225 vel

299 1253 515 1308 religiosze
557 1255 659 1295 vitae
702 1256 924 1308 professio.
990 1257 1227 1298 Honestati
1271 1259 1434 1312 quippe
1485 1259 1767 1308 adversatur3

300 1328 403 1382 quia
434 1328 548 1381 gulae
571 1329 727 1370 vitium
751 1336 827 1380 est,
851 1331 1036 1372 simulac
1057 1332 1151 1372 sitis
1172 1333 1414 1381 accesserit,
1439 1347 1536 1373 earn
1569 1333 1768 1386 protinus

297 1403 479 1456 explere
510 1403 633 1452 velle,
667 1404 768 1445 licet
799 1419 915 1458 aqua
947 1406 1186 1447 dumtaxat
1216 1407 1486 1447 adhibeatur.
1550 1406 1671 1460 Quid
1703 1414 1771 1449 est

300 1477 416 1517 enim
448 1477 567 1518 aliud
599 1478 702 1530 gula
734 1479 816 1519 nisi
847 1480 1120 1520 inordinatus
1149 1482 1331 1534 quidam
1363 1482 1586 1534 appetitus
1609 1481 1695 1521 cibi
1725 1487 1770 1523 et

300 1551 463 1604 potus?
492 1557 540 1591 ut
563 1565 660 1592 eam
684 1551 838 1593 definit
860 1552 1137 1595 S.Thomas:
1162 1555 1300 1594 “Non
1331 1555 1462 1607 igitur
1482 1555 1570 1595 vini
1594 1561 1767 1596 tantum

297 1630 441 1678 potus,
495 1625 571 1665 sed
623 1626 949 1680 cujuscumque,
1003 1628 1038 1668 si
1089 1629 1146 1668 sit
1196 1629 1493 1681 intemperans
1545 1635 1589 1669 et
1639 1636 1769 1670 extra

296 1698 506 1748 ordinem,
528 1699 645 1751 gulae
667 1700 822 1740 vitium
845 1708 922 1751 est,
945 1701 1253 1754 honestatique
1275 1701 1601 1742 contrarium.’'l
1654 1702 1763 1744 Ideo

301 1771 524 1825 Ephraem,
549 1776 570 1791 “
589 1773 640 1812 In
664 1774 809 1826 potu,’'
833 1775 985 1827 inquit,
1011 1776 1340 1828 “temperantia
1372 1781 1449 1825 est,
1473 1789 1572 1816 cum
1605 1776 1768 1817 sobrie-

297 1851 437 1886 tatem
475 1847 582 1887 colis
631 1861 710 1888 nec
747 1850 1151 1902 compotationibus
1192 1849 1385 1903 gaudes:
1418 1863 1497 1890 nec
1539 1850 1637 1903 plus
1679 1864 1766 1891 non

292 1919 438 1960 solum
471 1922 558 1960 vini
596 1921 673 1962 sed
711 1935 766 1962 ne
802 1937 928 1976 aquae
962 1924 1140 1976 quidem
1178 1925 1325 1974 sumis,
1359 1937 1493 1977 quam
1529 1925 1766 1966 necessitas

293 1993 549 2046 postulat.’'2

384 2067 531 2120 Quam
561 2075 709 2110 autem
739 2070 972 2112 honestum
1002 2071 1215 2113 dedeceat
1243 2072 1468 2113 hominem
1492 2078 1619 2113 extra
1640 2087 1763 2114 men·

299 2155 405 2192 sam,
445 2143 518 2182 ubi
556 2144 691 2183 semel
729 2158 775 2185 se
812 2145 1019 2195 refecerit,
1057 2146 1113 2186 ad
1151 2152 1306 2199 potum
1343 2147 1492 2197 redire,
1532 2147 1662 2187 docet
1697 2147 1765 2188 his

295 2217 438 2256 verbis
482 2217 791 2258 Bonaventura
828 2219 870 2258 in
909 2219 1099 2272 Speculo
1137 2221 1424 2274 Disciplinae:
1468 2220 1627 2262 “Sane
1662 2227 1764 2275 post

298 2288 579 2330 refectionem
617 2292 673 2331 ad
711 2297 866 2344 potum
904 2293 1053 2342 redire,
1089 2300 1166 2334 aut
1199 2308 1277 2347 per
1309 2295 1426 2335 diem
1461 2295 1504 2334 in
1538 2295 1672 2335 domo
1707 2309 1764 2336 ex

295 2362 454 2403 vitiosa
488 2365 815 2413 consuetudine,
851 2372 927 2407 aut
963 2368 1082 2419 quod
1117 2368 1287 2420 turpius
1324 2374 1400 2418 est,
1434 2374 1536 2421 post
1571 2369 1765 2422 comple-

297 2437 459 2477 torium
489 2437 650 2488 bibere,
673 2452 760 2479 non
790 2440 1021 2481 mediocris
1043 2441 1135 2481 vitii
1165 2448 1314 2482 notam
1341 2442 1505 2494 habet;
1537 2442 1765 2484 honestius

296 2511 353 2552 ad
376 2525 574 2552 mensam
598 2519 811 2565 quantum
835 2514 1004 2567 indiges
1026 2516 1149 2565 bibis,
1173 2530 1307 2569 quam
1328 2517 1523 2558 bibendo
1544 2531 1623 2570 per
1644 2518 1763 2558 diem

296 2585 544 2626 meribibuli
568 2599 734 2627 morem
757 2587 905 2639 geris.’'
971 2589 1070 2629 Hac
1096 2590 1151 2630 de
1179 2604 1312 2631 causa
1341 2591 1491 2632 scribit
1519 2591 1566 2631 B.
1585 2591 1765 2644 Augus-

295 2659 424 2710 tinus,
459 2660 653 2700 vetulam
695 2660 814 2701 illam
851 2663 987 2715 patris
1029 2665 1255 2715 nutricem,
1293 2678 1319 2705 a
1360 2679 1448 2718 qua
1489 2671 1629 2706 mater
1669 2665 1764 2717 ejus

298 2732 478 2774 Monica
510 2748 608 2774 cum
642 2735 863 2776 sororibus
895 2738 1175 2789 educabatur,
1203 2753 1258 2779 ne
1289 2753 1451 2793 aquam
1481 2740 1659 2792 quidem
1689 2752 1763 2780 eas

296 2807 445 2849 bibere
477 2815 606 2850 extra
641 2800 874 2863 parentum
913 2825 1123 2862 mensam,
1157 2813 1358 2866 quamvis
1394 2814 1465 2854 siti
1503 2814 1761 2855 exardesce·

468 2905 479 2926 ¹
506 2916 536 2940 2.
558 2916 588 2941 2,
610 2919 640 2951 q.
666 2908 734 2950 148.
756 2920 783 2942 a.
810 2918 836 2942 Ι.
1083 2909 1096 2929 ²
1122 2912 1226 2945 Serm.
1246 2912 1288 2944 de
1305 2912 1422 2955 Temp.
1438 2916 1470 2945 et
1487 2912 1584 2945 Cont.
