1903 3197
332 201 434 256 604
659 197 740 244 De
771 198 962 245 ratione
993 198 1186 246 vivendi
1224 199 1484 247 Socz'etatz‘s.

336 335 513 383 geratur
553 336 758 380 erectum,
802 332 846 372 in
887 331 1088 385 scapulas
1138 333 1285 386 potius
1326 333 1503 382 abeunt,
1546 339 1590 374 et
1640 334 1683 374 in
1725 348 1798 376 eas

335 410 483 458 partes
516 405 719 458 corporis,
747 405 821 445 ubi
855 405 1033 459 periculi
1068 406 1211 447 minus
1245 412 1320 447 est.

426 479 624 519 Tertium
658 480 919 533 praecipitur,
952 487 1000 521 ut
1033 482 1232 534 quamvis
1269 487 1434 521 rectum
1469 482 1708 535 gerendum
1743 484 1799 524 sit

335 559 480 606 caput,
505 567 591 594 non
614 559 762 594 tamen
785 560 951 595 rectum
974 560 1018 595 et
1039 555 1227 595 sublime
1255 555 1520 608 simpliciter,
1543 557 1619 597 sed
1649 557 1798 597 mode-

336 634 432 668 rata
454 629 601 681 potius
631 642 731 668 cum
761 629 1008 670 inflexione.
1054 629 1169 670 Sunt
1200 629 1316 669 enim
1347 630 1479 682 aliqui
1510 631 1584 682 qui
1613 633 1800 673 cervices

336 708 381 743 et
415 708 547 756 caput
584 703 755 757 erigunt
791 709 950 757 praeter
985 703 1200 752 decorem,
1236 709 1280 744 et
1315 705 1582 757 prominenti
1623 712 1798 758 pectore

336 790 425 817 non
448 778 540 818 sine
562 783 667 818 nota
694 778 831 818 fastus
863 778 1079 818 incedunt.
1137 778 1190 818 Id
1213 778 1344 831 igitur
1363 779 1518 819 vitium
1542 780 1585 819 in
1608 781 1799 833 regendo

336 852 481 905 capite
523 853 719 892 maxime
760 853 1005 892 cavendum
1048 852 1261 905 religiosis
1302 859 1379 903 est,
1416 855 1519 906 quia
1558 855 1795 908 superbum

335 927 532 967 animum
565 931 765 979 arguunt.
839 927 986 979 Prosp.
1012 926 1209 967 “Erecta
1241 928 1400 976 cerVIX,
1432 934 1476 969 et
1508 935 1652 969 truces
1684 930 1796 970 oculi

333 1001 499 1040 nudam
543 1001 791 1054 superbiam
834 1000 1062 1041 clamant.''
1124 1002 1444 1052 Bonaventura,
1477 1002 1521 1043 in
1558 1002 1683 1057 Spec.
1720 1005 1797 1045 dis.

331 1089 368 1115 c.
399 1075 436 1115 6.
502 1074 803 1123 “H011estus‚’‘
833 1075 986 1128 inquit,
1009 1075 1203 1115 “modus
1241 1076 1431 1128 requirit,
1462 1083 1510 1117 ut
1543 1090 1622 1118 nec
1655 1085 1800 1120 erecta

335 1150 511 1199 cervice,
550 1162 629 1190 nec
671 1150 936 1202 prominenti
978 1156 1154 1203 pectore
1195 1150 1359 1190 scilicet
1401 1151 1662 1193 ambulent.'’
1740 1153 1800 1195 Et

335 1223 391 1264 de
427 1223 556 1263 Infor.
581 1237 676 1264 nov.
702 1237 734 1265 c.
764 1235 824 1276 19.
875 1224 1004 1264 “Nec
1034 1238 1191 1277 corpus
1221 1224 1409 1265 multum
1440 1232 1632 1267 erectum
1660 1239 1797 1279 geras,

332 1298 411 1339 sed
445 1298 723 1339 mediocriter
755 1298 1046 1352 depressum.''

423 1372 642 1426 Quartum
672 1373 934 1427 praecipitur,
966 1379 1015 1414 ut
1048 1373 1229 1414 inflexio
1264 1374 1491 1416 moderata
1519 1376 1674 1429 capitis
1707 1391 1794 1418 non

334 1448 517 1501 quidem
551 1462 682 1501 super
714 1448 930 1497 humeros,
960 1449 1037 1489 sed
1074 1449 1118 1488 in
1151 1455 1321 1502 partem
1355 1451 1502 1503 potius
1534 1452 1796 1493 anteriorem

335 1521 423 1562 fiat.
490 1522 638 1575 Hujus
672 1528 738 1562 est
770 1524 881 1563 ratio
910 1523 1014 1575 quia
1045 1522 1298 1576 hujusmodi
1329 1525 1494 1577 capitiS,
1517 1531 1561 1565 et
1582 1526 1797 1567 cervicum

337 1596 519 1636 inflexio
554 1597 597 1637 in
627 1596 814 1637 alterum
847 1596 1077 1637 humerum
1113 1612 1294 1651 arguere
1315 1598 1487 1639 videtur
1519 1600 1798 1654 hypocrisim,

334 1670 404 1712 vel
446 1672 748 1711 remissionem
785 1671 932 1721 animi,
966 1672 1040 1724 qui
1078 1686 1124 1712 se
1165 1673 1308 1725 ipsum
1346 1674 1515 1713 deserit.
1595 1675 1800 1715 Imitatur

335 1745 451 1785 enim
494 1745 565 1786 hic
605 1751 755 1798 gestus
797 1759 947 1785 eorum
990 1752 1160 1786 motum
1198 1747 1271 1799 qui
1315 1747 1514 1800 precibus
1550 1755 1721 1799 vacant,
1755 1749 1797 1790 in

334 1820 494 1872 quibus
527 1820 596 1860 vel
634 1833 721 1859 non
755 1821 993 1860 sentientes
1030 1821 1218 1861 cervices
1252 1827 1484 1874 torquent;
1524 1822 1656 1875 juxta
1693 1824 1799 1865 illud

337 1894 476 1935 Isaiae.
517 1895 580 1945 58.
643 1894 895 1947 “Nunquid
932 1901 1222 1947 contorquere
1258 1896 1383 1948 quasi
1424 1897 1632 1938 circulum
1668 1905 1802 1953 caput

334 1982 464 2009 suum
481 1969 496 2008 ?
511 1968 531 1983 ’'
566 1969 802 2022 Propterea
825 1969 1135 2009 Bonaventura
1156 1983 1256 2009 cum
1282 1969 1479 2020 dixisset,
1501 1971 1632 2012 “Nec
1657 1979 1799 2014 erecta

335 2044 501 2084 cervice
523 2043 764 2093 ambulent,
785 2056 864 2083 nec
887 2044 1154 2096 prominenti
1173 2049 1351 2096 pectore
1368 2044 1401 2095 ;’'
1425 2045 1574 2085 statim
1598 2046 1800 2099 subjicit:

331 2121 449 2158 “seu
483 2119 616 2159 etiam
645 2118 852 2158 inclinato
882 2132 1012 2171 super
1032 2118 1262 2158 humerum
1293 2120 1462 2172 capite;
1495 2134 1593 2172 quae
1614 2121 1798 2172 omnia,’'

335 2194 486 2246 inquit,
528 2193 631 2233 “vel
679 2193 913 2243 levitatem,
955 2192 1023 2233 vel
1071 2193 1333 2246 superbiam,
1377 2194 1444 2234 vel
1485 2195 1797 2244 remissionem,

331 2269 400 2308 vel
433 2268 700 2322 hypocrisim
733 2266 944 2320 sapiunt.''

422 2342 508 2381 His
558 2348 706 2382 autem
758 2342 980 2394 praecipue
1027 2342 1298 2394 temporibus
1348 2343 1682 2395 gubernandum
1735 2352 1801 2386 est

329 2423 475 2470 caput,
508 2430 561 2456 ne
598 2417 805 2456 decorum
843 2415 1006 2466 violes;
1050 2422 1113 2455 Im.
1149 2430 1248 2456 cum
1290 2417 1483 2458 incedis:
1521 2418 1659 2459 facilis
1681 2421 1797 2460 enim

329 2498 398 2532 est
439 2492 482 2531 in
525 2493 693 2531 incessu
738 2491 1026 2543 ingressuque
1070 2491 1225 2544 capitis
1267 2498 1413 2532 motus
1446 2499 1625 2546 propter
1665 2496 1799 2535 socie-

330 2572 482 2616 tatem,
525 2571 568 2606 et
609 2565 963 2618 conjunctionem
1016 2566 1153 2605 totius
1195 2567 1386 2619 corporis
1427 2568 1545 2619 quod
1588 2576 1796 2609 movetur.

330 2646 399 2680 2¹¹¹.
434 2654 533 2680 cum
576 2639 695 2692 loqui
739 2640 951 2692 coeperis;
987 2645 1089 2679 sunt
1118 2640 1235 2680 enim
1272 2640 1398 2681 multi
1432 2642 1506 2694 qui
1543 2655 1642 2682 cum
1679 2643 1798 2696 loqui

329 2715 554 2768 incipiunt,
593 2715 764 2767 agitant
806 2720 951 2767 caput,
990 2715 1235 2767 praesertim
1273 2715 1385 2755 inter
1419 2717 1797 2768 pronunciandum

330 2790 643 2842 agendumque
679 2788 865 2842 publice,
891 2788 960 2828 vel
998 2802 1097 2829 cum
1135 2788 1322 2829 habetur
1356 2790 1496 2830 oratio
1531 2790 1599 2832 vel
1635 2793 1797 2832 concio.

330 2864 402 2904 De
438 2877 526 2916 quo
565 2863 885 2912 Bonaventura,
920 2876 1076 2916 supra:
1109 2866 1129 2882 ‘¹
1148 2863 1195 2905 Si
1227 2877 1278 2904 os
1307 2863 1510 2917 loquitur,
1544 2871 1676 2918 caput
1711 2879 1799 2906 non

327 2937 555 2991 agitetur.''
617 2944 685 2989 3¹1¹.
710 2951 810 2978 cum
834 2937 1046 2991 quopiam
1071 2944 1258 2991 spectas,
1271 2944 1349 2979 aut
1370 2940 1561 2980 intendis
1581 2941 1800 2991 animum;
