1903 3197
296 120 395 165 686
620 118 702 165 De
731 120 924 166 ratione
955 121 1151 168 vivendi
1180 121 1442 170 Socz'etatzlc.

296 265 475 304 prorsus
494 251 668 292 videtur
688 265 801 302 eum,
824 267 956 307 quern
988 255 1172 305 mordet,
1193 255 1348 297 facere.
1411 257 1608 311 Ideoque
1637 260 1762 301 omni

285 326 430 367 ‚animi
467 326 716 379 provisione
750 327 1008 381 fugiendum
1038 328 1124 370 hoc
1149 331 1309 371 vitium
1344 336 1439 382 est;
1473 346 1576 373 cum
1605 334 1762 386 jubeat

290 400 553 454 Apostolus,
577 404 600 421 “
615 401 798 443 Honore
818 403 1005 443 invicem
1025 405 1381 458 praevenientes.''
1442 407 1504 448 Et
1518 407 1759 462 Chrysost.‚

292 475 432 515 Hom.
460 486 521 527 17.
544 475 600 515 in.
624 489 716 529 cap.
742 485 775 527 5.
800 477 857 516 ad
880 477 1071 530 Ephes.:
1101 482 1123 498 “
1138 479 1379 530 Mordere,’'
1401 481 1556 534 inquit,
1580 485 1760 524 “scom-

284 551 426 590 matis
457 550 609 603 procul
638 557 706 591 est
728 564 755 591 a
777 550 1028 592 Christiano
1045 553 1080 603 ;’'
1101 559 1147 594 et
1168 567 1276 594 mox
1295 571 1303 595 :
1325 556 1348 574 “
1363 555 1585 608 Linguam
1606 556 1757 608 habes,

284 638 381 665 non
402 631 452 665 ut
472 625 582 665 alios
603 624 768 666 salibus
788 626 876 666 tuis
898 627 1110 676 mordeas,
1134 629 1212 668 sed
1233 635 1283 669 ut
1305 629 1405 670 Deo
1427 630 1593 683 gratias
1613 632 1758 685 agas.”

288 699 512 752 Repetere
539 700 675 739 etiam
696 700 972 740 mordentem
998 702 1178 754 pessimi
1200 703 1335 743 moris
1356 710 1433 744 est.
1495 705 1756 757 Bernardus,

291 773 382 816 Ser.
406 774 451 813 in
482 773 608 814 Cant.
634 784 715 826 29:
739 774 843 814 “Tu
873 781 1057 827 accepta
1084 774 1196 815 forte
1224 776 1393 829 injuria,
1416 791 1505 818 non
1533 780 1755 831 continuo,

279 861 412 889 ⁴more
430 848 647 898 secularis,
664 848 843 901 oblique
858 848 1032 889 referire
1048 848 1227 890 fratrem
1244 852 1530 904 responsione
1547 853 1727 896 festines
1742 868 1755 906 ;

287 922 367 963 sed
408 936 552 976 neque
593 923 674 963 sub
716 923 862 975 specie
903 923 1027 975 quasi
1070 923 1332 977 corripiendi
1372 926 1507 967 verbo
1543 934 1674 969 acuto
1709 935 1755 970 et

279 1004 442 1037 ‘urente
492 996 749 1050 transfigere
799 997 964 1037 audeas
1014 997 1234 1038 ullatenus
1285 999 1493 1050 animam,
1535 1015 1616 1055 pro
1665 1016 1755 1055 qua

289 1070 490 1112 Christus
526 1070 646 1124 affigi
685 1070 813 1112 Cruci
850 1071 1058 1124 dignatus
1096 1071 1198 1112 est.''
1279 1072 1402 1127 Lege
1443 1074 1619 1128 reliqua,
1658 1084 1751 1127 355.

279 1144 468 1193 Seneca,
488 1145 511 1185 1.
538 1156 571 1184 2.
592 1145 648 1185 de
666 1146 761 1185 Fra„
782 1162 790 1186 :
817 1145 1002 1185 “Pusilli
1024 1145 1214 1186 hominis
1236 1152 1281 1187 et
1302 1148 1447 1188 miseri
1469 1155 1536 1189 est
1557 1156 1754 1202 repetere

286 1219 565 1260 mordentem
587 1235 595 1270 ;
639 1226 687 1260 ut
730 1233 883 1268 mureS,
919 1227 963 1260 et
1000 1219 1204 1270 formicae,
1243 1221 1299 1261 ad
1340 1235 1451 1275 quas
1491 1223 1528 1263 si
1570 1237 1752 1264 manum

277 1294 548 1343 admoveris,
575 1308 652 1334 ora
683 1294 978 1334 convertunt?
1039 1294 1305 1336 Aristoteles
1336 1302 1497 1346 autem,
1528 1307 1564 1337 2.
1595 1297 1755 1339 Rhet.:

284 1367 399 1408 inter
445 1382 520 1408 eos
565 1368 640 1421 qui
681 1374 888 1408 amantur
936 1376 1148 1418 numerat,
1187 1369 1262 1422 qui
1304 1369 1490 1410 aliorum
1536 1370 1665 1420 dicta,
1707 1378 1754 1413 et

274 1442 460 1483 aculeos
494 1443 604 1483 ferre
634 1450 828 1495 possunt.
903 1443 963 1483 Et
997 1457 1036 1496 p.
1070 1456 1109 1494 4.
1144 1457 1178 1484 c.
1211 1455 1250 1496 9.
1281 1444 1409 1497 jubet
1442 1445 1753 1487 Bonaventura

274 1517 476 1570 aliquem
509 1518 784 1565 verecundia,
820 1531 872 1558 ac
903 1519 1073 1571 pudore
1106 1518 1311 1567 suffundi,
1345 1532 1448 1559 cum
1480 1521 1647 1560 socium
1680 1522 1752 1562 vel

282 1604 363 1644 per
384 1591 713 1645 subreptionem
740 1591 1002 1642 offenderit3
1034 1599 1078 1632 et
1103 1593 1139 1632 si
1165 1606 1298 1645 quem
1327 1593 1562 1633 adversum
1589 1607 1636 1634 se
1664 1593 1750 1635 fra-

273 1670 395 1705 trem
426 1672 701 1706 commotum
732 1666 800 1706 vel
831 1666 985 1706 leviter
1016 1667 1211 1714 senserit,
1245 1680 1334 1707 non
1365 1667 1485 1720 prius
1513 1667 1747 1720 quiescere,

273 1752 415 1792 -quam
444 1753 547 1780 eum
574 1739 751 1793 placare
773 1740 999 1789 studuerit,
1021 1754 1061 1793 p.
1089 1749 1151 1792 59.
1195 1739 1349 1793 “Quia
1369 1740 1747 1794 gloriosissimum,

279 1819 324 1853 et
356 1813 678 1866 potissimum,”
713 1814 865 1867 inquit,
909 1814 1138 1854 “liberalis
1174 1815 1347 1863 animae,
1385 1822 1430 1855 et
1465 1815 1746 1857 conscientiae

277 1886 408 1927 bonae
438 1886 655 1940 judicium
691 1895 758 1928 est
791 1902 946 1941 pacem
980 1889 1173 1941 proximi
1207 1889 1463 1930 custodire.”
1525 1890 1654 1930 Nihil¹
1678 1896 1748 1931 est

268 1968 424 2002 autem
468 1969 561 2002 tam
603 1963 916 2013 adversarium,
959 1970 1002 2003 et
1042 1964 1269 2004 inimicum
1310 1964 1568 2013 concordiae,
1611 1977 1746 2018 quam

276 2035 390 2076 inter
413 2036 686 2089 loquendum
709 2037 885 2078 aculeos
906 2037 975 2078 vel
997 2039 1298 2091 imprudenter
1328 2046 1546 2080 excutere.
1609 2040 1745 2093 Prop-

274 2116 397 2151 terea
429 2111 546 2151 idem
581 2110 784 2162 Sanctus,
817 2126 855 2165 p.
893 2123 926 2163 3.
960 2127 993 2153 c.
1028 2124 1080 2164 3:
1113 2113 1441 2163 “Perversum,''
1464 2114 1618 2167 inquit,
1640 2118 1745 2155 “est

275 2186 473 2226 maxime
495 2187 530 2226 si
554 2200 661 2227 ausu
685 2187 930 2228 damnabili
951 2189 1006 2228 ad
1030 2188 1248 2240 injuriosa,
1270 2189 1340 2229 vel
1362 2189 1579 2230 maledica
1596 2190 1741 2240 verba,

274 2272 374 2312 quae
406 2261 650 2301 secundum
681 2262 953 2315 Apostolum
980 2277 1006 2302 a
1029 2263 1113 2303 Dei
1137 2276 1272 2316 regno
1293 2264 1549 2313 excludunt,
1574 2277 1622 2304 os
1643 2265 1742 2305 reli-

271 2334 384 2386 giosi
418 2334 655 2385 laxetur;''
689 2343 732 2376 et
763 2350 871 2376 mox
904 2337 959 2377 de
991 2337 1052 2385 iis,
1087 2337 1161 2390 qui
1193 2338 1424 2386 comitatis,
1447 2344 1525 2378 aut
1554 2338 1740 2379 affabili-

272 2408 377 2448 tatis
400 2410 578 2450 nomine
599 2418 782 2450 caeteros
803 2418 1014 2463 pungunt.

360 2483 500 2533 Nilus,
519 2484 562 2524 in
582 2484 820 2526 Parzenesi:
837 2486 934 2526 “Ne
952 2486 1116 2526 cavillis
1134 2493 1259 2540 petas
1281 2487 1517 2535 hominem,
1533 2494 1577 2528 et
1594 2501 1737 2541 repre-

268 2556 526 2598 hensionem
551 2573 638 2599 non
662 2560 852 2600 incurres
875 2561 916 2600 in
940 2562 1059 2601 omni
1082 2561 1206 2602 ¹.'ita.”

358 2631 473 2672 Nam
506 2635 548 2673 in
578 2635 780 2682 dicteriis,
804 2642 847 2674 et
874 2635 1037 2675 salibus
1070 2650 1187 2688 sfepe
1219 2637 1455 2676 concordia
1486 2637 1733 2690 dissipatur.

269 2705 506 2759 Propterea
525 2709 743 2749 Martinus
763 2710 894 2749 Dum.
913 2710 1056 2763 Episc.
1074 2711 1144 2750 lib.
1160 2711 1215 2750 de
1239 2711 1443 2764 Quatuor
1458 2712 1735 2752 ⁷Virtutibus:

270 2782 290 2797 “
306 2780 431 2821 {Sales
454 2783 515 2822 tui
540 2784 627 2823 sint
656 2785 748 2823 sine
771 2785 904 2824 dente
921 2785 959 2833 ;”
983 2792 1026 2825 et
1049 2784 1153 2824 olim
1177 2792 1269 2825 erat
1289 2786 1496 2838 adagium
1517 2799 1524 2825 :
1558 2785 1735 2825 Malunt

266 2855 456 2896 amicum
495 2871 627 2909 quam
663 2859 829 2899 dictum
865 2860 1054 2912 perdere.
1120 2860 1164 2900 B.
1187 2859 1438 2900 Dorotheus
1473 2861 1527 2900 de
1561 2874 1606 2900 sc
1637 2861 1732 2912 ipse
