1903 3197
459 177 538 223 De
569 175 859 222 Necessitate
896 175 940 222 C
937 176 1321 222 0725t2'lut2‘0722cm.
1598 183 1620 229 5

160 310 478 363 superscribam
511 323 595 359 eas,
629 314 673 349 et
704 322 777 348 ero
810 308 870 348 eis
900 308 944 347 in
976 307 1136 355 Deum,
1171 312 1215 347 et
1244 307 1325 359 ipsi
1356 311 1482 346 erunt
1518 303 1623 344 mihi

161 386 205 425 in
237 384 476 438 populuin3
510 390 553 424 et
581 397 668 423 non
700 382 877 422 docebit
900 382 1199 434 unusquisque
1221 381 1474 433 proximum
1498 392 1623 419 suum

162 464 206 499 et
228 458 526 511 unusquisque
547 457 725 497 fratrem
749 470 887 504 suum,
911 456 1080 496 dicens:
1116 455 1346 507 Cognosce
1370 454 1624 501 Dominum,

163 533 370 585 quoniam
404 545 558 571 omnes
590 531 727 570 scient
766 544 836 569 me
871 544 896 569 a
933 529 1100 569 minore
1134 541 1271 580 usque
1305 528 1360 567 ad
1400 527 1624 578 majorem,

163 607 264 659 quia
313 606 527 658 propitius
580 619 653 644 ero
694 604 997 656 iniquitatibus
1043 616 1205 651 eorum,
1250 607 1293 641 et
1344 607 1624 654 peccatorum

163 693 312 720 eorum
331 679 424 731 jam
455 693 542 719 non
575 677 890 718 memorabor.”
954 677 1066 730 Quae
1088 677 1222 716 verba
1255 676 1310 715 de
1332 682 1448 715 statu
1473 676 1625 727 gratiae

162 753 291 803 dicta,
310 754 352 792 in
370 767 457 806 quo
475 767 711 801 versamur,
731 753 1043 805 interpretatur
1058 749 1316 804 Apostolus,
1335 756 1377 790 et
1402 749 1626 789 referenda

162 828 382 880 praecipue
413 834 515 867 sunt
546 827 602 867 ad
635 827 777 880 prisca
812 826 883 865 illa
918 825 1136 866 nascentis
1170 824 1380 864 Ecclesiae
1411 830 1623 875 tempora.

163 915 262 942 cum
287 901 521 942 Christiani
544 908 727 954 accepto
752 900 928 953 Spiritu,
953 898 1071 939 nullo
1094 898 1253 946 labore,
1278 912 1376 950 quae
1407 898 1462 937 ad
1493 896 1625 936 fidem

164 977 393 1030 pertinent,
431 976 730 1024 docebantur;
775 975 848 1014 lex
882 974 998 1013 enim
1031 972 1282 1024 evangelica
1315 971 1547 1024 Apostolis
1584 977 1627 1011 et

164 1050 387 1102 discipulis
422 1063 508 1089 non
543 1055 609 1088 est
643 1049 804 1101 scripto
838 1048 1010 1096 tradita,
1046 1060 1125 1087 nec
1160 1053 1208 1086 ut
1242 1046 1348 1086 olim
1382 1046 1548 1098 Judceis
1586 1045 1628 1084 in

165 1123 327 1163 tabulis
349 1123 566 1175 descripta
589 1122 784 1175 lapideis,
810 1122 884 1162 sed
919 1135 996 1175 per
1020 1122 1233 1174 Spiritum
1259 1120 1484 1167 Sanctum,
1508 1118 1630 1170 cujus

168 1204 233 1237 est
265 1197 337 1237 lex
370 1198 530 1237 amoris
554 1202 597 1236 et
620 1196 854 1236 charitatis.
919 1195 978 1235 Et
1010 1195 1144 1235 talem
1178 1194 1304 1234 nobis
1335 1193 1479 1246 legem
1512 1206 1630 1233 com-

169 1271 348 1311 mendat
372 1271 415 1310 B.
438 1271 567 1310 Pater
589 1276 745 1310 noster.

252 1344 462 1391 Tertium,
497 1344 614 1396 quod
659 1357 716 1383 ex
754 1349 879 1396 parte
922 1343 1141 1395 religionis
1176 1342 1231 1382 ad
1269 1341 1630 1393 consequendum

168 1418 401 1459 Societatis
434 1418 565 1457 finem
598 1417 726 1466 valet,
761 1423 826 1457 est
856 1417 1107 1469 cooperatiO
1131 1416 1336 1468 quaedam
1369 1429 1446 1467 per
1475 1415 1632 1454 idonea

166 1493 369 1545 przesidia
401 1493 457 1532 ad
490 1492 705 1531 auxilium
730 1491 1062 1544 Omnipotentis
1096 1490 1179 1530 Dei
1200 1504 1207 1540 ;
1252 1496 1295 1529 et
1317 1489 1401 1529 hoc
1425 1495 1490 1528 est
1513 1488 1631 1541 quod

169 1567 439 1608 Constitutio
491 1567 607 1615 dicit,
651 1570 866 1605 “suarum
917 1571 1214 1605 creaturarum
1277 1563 1631 1615 cooperationem

167 1642 332 1695 exigit,
366 1641 440 1681 ubi
472 1641 885 1681 conscribendarum
919 1638 1285 1679 constitutionum
1313 1637 1453 1690 prima
1482 1638 1634 1676 nititur

166 1717 287 1757 ratio.
351 1716 477 1755 Licet
508 1715 624 1754 enim
658 1714 808 1767 religio
842 1714 935 1766 ipsa
970 1713 1053 1752 Dei
1088 1712 1304 1752 auxilium
1336 1698 1633 1751 conservantis

167 1796 210 1830 et
244 1791 542 1843 promoventis
581 1789 815 1829 Societatis
852 1789 1018 1827 bonum
1051 1787 1291 1826 certissime
1324 1792 1479 1838 speret,
1514 1785 1634 1837 quod

168 1877 303 1903 unum
326 1864 381 1903 ad
404 1876 500 1902 eam
524 1876 615 1901 rem
643 1863 748 1901 satis
772 1876 828 1901 ex
852 1875 898 1901 se
920 1866 1046 1907 esset,
1070 1861 1203 1900 debet
1226 1866 1389 1907 tamen,
1415 1866 1631 1911 quantum

167 1939 212 1977 in
253 1951 298 1977 se
335 1942 411 1985 est,
446 1950 496 1976 ea
533 1949 708 1988 quoque
745 1935 954 1974 adhibere
987 1934 1203 1987 przesidia,
1234 1947 1331 1985 quae
1362 1934 1421 1972 >ad
1461 1946 1634 1972 conser-

167 2011 359 2052 vandum
394 2010 736 2063 augendumque
780 2009 1014 2049 Societatis
1056 2008 1221 2048 bonum
1264 2008 1481 2060 pertinere
1515 2008 1633 2047 vidc-

168 2091 305 2135 antur,
329 2085 571 2136 studiisque
593 2083 795 2122 humanis
819 2083 976 2122 divinis
998 2082 1131 2122 etiam
1157 2082 1379 2134 cooperari
1408 2081 1630 2134 praesidiis.

168 2160 296 2207 Nam,
331 2165 379 2198 ut
414 2159 457 2197 in
496 2157 767 2197 naturalibus
805 2156 1050 2196 actionibus
1089 2169 1265 2196 necesse
1303 2162 1368 2195 est
1405 2157 1493 2194 duo
1531 2169 1632 2194 con-

167 2240 341 2274 currant
400 2231 586 2284 agentia,
639 2231 1018 2283 quemadmodum
1075 2231 1314 2282 loquuntur
1370 2229 1631 2282 philosophi,

167 2307 354 2348 alterum
396 2305 626 2357 singulare,
663 2305 782 2357 quod
825 2311 890 2344 est
937 2310 1103 2353 natura,
1149 2303 1333 2344 alterum
1378 2304 1631 2351 universale,

167 2381 241 2434 qui
264 2381 386 2421 Deus
410 2385 501 2428 est;
535 2380 626 2418 sine
649 2392 735 2431 quo
759 2385 945 2431 utroque
978 2378 1096 2418 nulla
1126 2378 1215 2418 fere
1247 2378 1297 2418 fit
1323 2380 1438 2418 actio
1461 2392 1467 2418 :
1506 2379 1566 2417 sic
1589 2378 1631 2418 in

165 2455 409 2496 actionibus
461 2453 758 2506 spiritualibus
811 2459 854 2493 et
897 2453 947 2493 iis
989 2467 1088 2506 quze
1132 2453 1188 2492 ad
1231 2459 1444 2493 {eternam
1493 2454 1629 2492 vitam

167 2535 369 2583 spectant
411 2528 498 2567 duo
541 2529 646 2567 item
694 2533 955 2567 concurrant
1006 2541 1184 2567 necesse
1227 2533 1319 2576 est;
1365 2527 1449 2566 Dei
1491 2527 1632 2580 gratia

167 2610 396 2656 tamquam
419 2615 553 2654 agens
576 2601 831 2651 universale,
850 2607 893 2641 et
915 2601 1104 2640 hominis
1128 2601 1379 2653 cooperatio
1402 2607 1631 2653 tamquam

166 2677 438 2731 particularis
479 2676 659 2729 agentis.
743 2674 813 2715 Ac
857 2675 941 2715 Dei
988 2675 1166 2727 quidem
1218 2676 1361 2728 gratia
1403 2676 1507 2715 satis
1558 2674 1631 2714 illa

169 2752 347 2804 quidem
389 2764 447 2790 ex
488 2764 534 2790 se
576 2755 642 2789 est
683 2749 739 2789 ad
782 2749 1019 2797 ferendam,
1064 2749 1097 2788 si
1139 2749 1243 2797 vult,
1287 2748 1502 2798 salutem;
1554 2747 1632 2788 sed

170 2826 273 2878 quia
304 2825 493 2864 suaviter
515 2823 709 2876 disponit
730 2824 877 2863 omnia
909 2823 1042 2871 Deus,
1066 2823 1246 2875 requirit
1276 2823 1409 2862 etiam
1439 2821 1632 2861 studium

172 2905 306 2951 atque
338 2912 448 2950 opus
477 2897 748 2950 particularis
778 2897 976 2949 agentis3
1011 2897 1113 2948 quia
1145 2896 1218 2948 qui
1251 2895 1353 2935 fecit
1381 2901 1424 2934 te
1459 2896 1551 2935 sine
1579 2901 1634 2946 te,
