1903 3197
320 196 415 253 384
644 191 724 236 De
755 189 944 236 ratione
978 186 1171 234 vivendi
1204 185 1464 233 Socz‘etatz's.

316 324 550 367 adhibetur
590 323 734 371 initiis,
769 321 1017 362 benedictio
1053 320 1216 373 gratias
1258 318 1479 367 continet;
1523 331 1638 367 nam,
1681 331 1782 359 cum

317 399 528 440 dicimus:
562 396 790 436 “Benedic
832 395 1024 435 Domine
1066 407 1157 443 nos,
1193 399 1236 433 et
1272 392 1367 432 haec
1403 397 1479 432 tua
1516 391 1644 440 dona,
1683 405 1782 444 quae

319 472 375 512 de
400 477 477 512 tua
506 470 710 523 largitate
736 483 886 509 sumus
915 466 1167 520 sumpturi,”
1193 472 1236 506 et
1260 465 1426 507 “Oculi
1456 465 1653 505 omnium
1676 465 1720 504 in
1741 470 1785 505 te

320 551 497 600 sperant
543 544 746 593 Domine,
789 549 832 583 et
873 548 920 582 tu
966 542 1045 582 das
1098 554 1242 581 escam
1286 539 1459 580 illorum
1501 539 1545 578 in
1587 544 1787 591 tempore

319 617 606 673 opportuno,”
641 624 684 658 et
722 616 906 667 similia;
940 629 1096 664 nonne,
1131 628 1230 667 quae
1263 613 1320 654 ad
1352 613 1516 665 gratias
1554 618 1596 652 et
1634 611 1786 651 laudes

322 695 406 734 Dei
449 693 681 746 pertinent,
719 689 1048 731 admiscentur?
1112 688 1249 741 Cujus
1290 687 1623 739 benignitatem,
1659 685 1787 738 largi-

322 773 472 815 tatem,
497 772 540 806 et
571 765 894 819 providentiam
926 776 1165 816 agnoscere
1197 775 1335 815 genus
1368 760 1594 813 quoddam
1628 759 1789 811 gratia-

322 855 419 881 rum
449 846 525 880 est.

412 913 597 953 Duobus
649 925 752 963 ergo
803 909 1076 961 temporibus
1124 908 1376 948 adhibenda
1429 914 1495 947 est
1547 906 1788 959 gratiarum

321 989 450 1037 actio,
492 993 535 1027 et
582 985 706 1025 initio
755 997 919 1023 mensae
966 996 1066 1022 cum
1119 982 1429 1029 accumbimus,
1474 993 1608 1032 quam
1658 980 1790 1019 bene-

325 1062 562 1102 dictionem
604 1057 906 1111 appellamus;
950 1061 993 1096 et
1032 1056 1075 1095 in
1126 1054 1222 1104 fine,
1265 1068 1364 1094 cum
1398 1068 1424 1094 a
1459 1067 1612 1093 mensa
1653 1053 1791 1093 disce-

327 1137 482 1177 dimus.
548 1133 660 1172 Haec
693 1131 774 1171 fuit
807 1131 960 1184 priscae
993 1129 1106 1169 illius
1136 1127 1330 1169 ecclesiae
1361 1127 1591 1180 disciplina
1622 1126 1675 1166 de
1705 1140 1794 1178 qua

324 1208 648 1250 Tertullianus:
697 1205 836 1245 “Non
879 1202 1034 1257 prius,’'
1079 1203 1231 1255 inquit,
1277 1201 1615 1249 “discumbitur,
1658 1213 1791 1252 quam

324 1283 464 1324 oratio
502 1280 557 1320 ad
602 1280 748 1319 Deum
793 1276 1120 1331 praegustetur.‘'
1191 1275 1249 1315 Et
1282 1289 1401 1323 mOX,
1427 1274 1616 1326 “Atque
1653 1273 1792 1313 oratio

326 1355 576 1397 convivium
614 1350 837 1393 dirimit.''1
904 1350 1171 1403 Quanquam
1210 1363 1298 1389 non
1333 1349 1492 1388 desunt
1524 1361 1547 1387 e
1572 1347 1793 1387 veteribus

328 1429 541 1477 Patribus,
577 1427 651 1480 qui
694 1427 806 1466 inter
848 1427 965 1478 ipsas
1002 1438 1178 1477 quoque
1216 1422 1366 1475 epulas
1399 1422 1535 1462 velint
1577 1435 1656 1462 nos
1694 1421 1794 1461 Deo

327 1503 525 1557 psallere,
558 1508 601 1541 et
635 1500 799 1553 gratias
835 1513 974 1550 agere,
1008 1504 1056 1537 ut
1088 1497 1465 1550 quemadmodum
1509 1510 1582 1536 eas
1625 1495 1795 1548 egimus

329 1583 431 1618 ante
454 1576 612 1623 cibum,
636 1574 696 1614 sic
719 1579 761 1613 et
784 1579 885 1613 ante
908 1578 1062 1625 potum
1086 1571 1346 1610 nominatim
1368 1583 1562 1622 agamus.

418 1649 624 1690 Clemens
654 1648 834 1700 quidem
867 1647 926 1686 ita
959 1645 1182 1698 praecipit:
1218 1642 1646 1695 “Quemadmodum
1673 1646 1794 1682 ante-

331 1737 464 1777 quam
489 1735 715 1763 sumamus
745 1721 1003 1760 alimentum
1033 1718 1213 1758 laudare
1242 1731 1320 1757 nos
1350 1717 1555 1756 convenit
1584 1715 1794 1755 factorem

332 1798 662 1843 universorum;
716 1795 776 1834 ita
819 1794 952 1833 etiam
995 1793 1037 1831 in
1079 1798 1186 1845 potu
1230 1804 1309 1830 nos
1352 1791 1389 1829 ei
1433 1789 1559 1829 decet
1599 1788 1796 1842 psallere,

331 1885 431 1913 cum
455 1870 548 1922 ejus
571 1875 867 1910 creaturarum
891 1866 1101 1906 efficimur
1122 1862 1416 1918 participes.''²
1478 1862 1567 1905 Sed
1591 1863 1795 1903 nimirum

331 1945 388 1986 ad
441 1943 661 1984 tollendos
715 1941 987 1981 ethnicorum
1040 1940 1083 1978 in
1136 1938 1343 1978 conviviis
1394 1938 1512 1986 ritus,
1565 1937 1638 1989 qui
1688 1936 1799 1977 inter

332 2024 528 2058 recentes
566 2015 826 2056 christianos
864 2014 996 2053 etiam
1032 2019 1127 2052 tum
1165 2011 1512 2064 perseverabant,
1542 2009 1648 2049 illud
1680 2009 1799 2049 vide-

331 2098 403 2133 tur
424 2090 684 2145 praecepisse
704 2103 712 2139 ;
743 2087 836 2128 vult
859 2087 974 2127 enim
1002 2085 1293 2139 psalmodiam
1319 2098 1413 2124 esse
1435 2083 1531 2123 loco
1553 2082 1797 2123 fistularum

334 2172 377 2207 et
414 2165 634 2212 tibiarum,
659 2175 844 2215 quarum
883 2161 925 2200 in
959 2159 1166 2200 conviviis
1200 2164 1331 2198 cantu
1366 2157 1470 2197 olim
1509 2155 1669 2196 ethnici
1707 2162 1800 2196 ute-

332 2241 504 2288 bantur,
535 2238 616 2277 nisi
653 2237 764 2276 forte
801 2235 844 2274 id
879 2235 934 2274 ab
969 2248 1020 2273 eo
1055 2239 1325 2286 praeceptum
1360 2237 1565 2284 putemus
1600 2228 1800 2269 imitandi

337 2313 498 2354 Christi
541 2324 684 2359 causa,
714 2309 787 2362 qui
825 2322 912 2348 non
956 2307 1089 2347 modo
1126 2320 1225 2346 cum
1268 2319 1439 2358 panem,
1469 2318 1621 2344 verum
1665 2304 1799 2344 etiam

334 2400 435 2428 cum
473 2385 652 2426 calicem
691 2383 941 2435 accepisset,
965 2381 1128 2433 gratias
1165 2380 1270 2419 item
1304 2380 1445 2431 egisse
1477 2376 1665 2431 legitur.3
1726 2377 1800 2416 Ex

335 2452 424 2513 quo
467 2458 647 2499 forsitan
690 2470 784 2496 mos
826 2455 1103 2508 quorundam
1146 2454 1318 2506 irrepsit
1358 2452 1645 2493 benedicendi
1689 2452 1802 2491 inter

338 2533 489 2588 epulas
511 2538 652 2586 potus,
676 2530 795 2583 quod
829 2529 947 2569 haud
983 2529 1073 2569 scio
1108 2541 1162 2568 an
1197 2528 1361 2581 passim
1397 2527 1453 2567 sit
1487 2525 1801 2579 usurpandum,

338 2607 582 2662 praesertim
617 2604 711 2646 aliis
745 2603 1103 2656 inspectantibus,
1141 2607 1184 2641 et
1223 2615 1386 2641 mensae
1423 2601 1636 2640 universae
1673 2599 1803 2639 bene-

339 2681 530 2722 dictione
568 2679 660 2733 jam
703 2678 940 2731 praemissa,
984 2690 1038 2716 ne
1081 2689 1258 2715 necesse
1306 2674 1363 2714 sit
1413 2673 1595 2726 singulis
1646 2673 1803 2712 iterum

339 2754 607 2796 benedicere.
685 2752 824 2792 Recte
866 2751 998 2802 igitur
1040 2749 1310 2790 Constitutio
1351 2747 1561 2801 praecipit,
1605 2752 1653 2786 ut
1693 2744 1804 2797 grati

340 2827 474 2869 animi
497 2838 639 2875 causa,
664 2831 707 2866 et
729 2824 1023 2879 praemittatur
1051 2823 1095 2862 in
1118 2821 1340 2862 communi
1370 2834 1522 2861 mensa
1544 2817 1804 2866 benedictio,

457 2915 467 2934 Ἰ
494 2916 535 2947 In
559 2915 704 2956 Apolog.
725 2925 751 2946 c.
773 2922 824 2954 39.
960 2911 972 2930 ²
998 2912 1128 2952 Paedag.
1150 2911 1169 2942 l.
1191 2919 1219 2942 2.
1242 2921 1268 2942 c.
1292 2916 1319 2950 7.
1455 2908 1469 2928 ³
1493 2908 1612 2939 Matth.
1634 2906 1686 2939 26.
