1903 3197
267 175 325 219 41
339 176 362 205 2
596 158 677 204 De
708 160 898 207 ratione
931 160 1124 206 vivendi
1155 161 1416 209 Socz'etatz's.

268 298 312 333 et
344 297 524 345 propter
556 305 602 332 se
634 292 749 332 hanc
783 306 873 333 suae
905 293 1170 334 valetudinis
1204 307 1354 335 curam
1388 301 1522 348 gerat,
1554 309 1608 336 ne
1641 296 1733 337 lau-

267 366 440 407 dandus
477 366 656 419 quidem
693 366 775 417 sit;
824 368 927 420 quia
968 381 1099 408 nemo
1140 368 1223 408 sibi
1265 369 1358 422 ipse
1399 369 1496 409 finis
1538 376 1615 419 est,
1654 372 1730 412 sed

268 440 466 481 omnium
509 441 641 481 Deus.
731 441 846 481 Illud
889 442 1021 482 etiam
1063 442 1134 482 hic
1175 443 1488 492 animadverte,
1533 447 1733 497 quamvis

267 520 447 567 propter
489 515 635 554 Deum
677 513 882 555 habenda
923 516 978 556 sit
1020 530 1110 556 suze
1150 516 1415 556 valetudinis
1464 531 1577 568 cura,
1619 517 1734 559 hanc

267 594 418 628 tamen
460 602 517 628 ex
562 588 888 629 Constitutione
930 589 1089 630 debere
1131 603 1225 630 esse
1274 591 1577 642 moderatam;
1630 592 1733 644 quia

268 662 404 702 nimia
435 661 684 703 sollicitudo
710 664 914 716 corporis,
940 665 1072 704 etiam
1100 663 1185 703 Dei
1213 678 1343 704 causa
1366 670 1580 718 suscepta,
1604 664 1733 706 laude

269 735 405 788 digna
446 749 534 775 non
577 742 653 785 est,
696 750 776 776 nec
818 736 916 777 Deo
958 737 1063 777 satis
1114 743 1250 789 grata.
1317 738 1561 778 Videamus
1604 738 1736 790 igitur

269 809 428 861 quibus
469 810 609 849 causis
651 809 782 850 laude
823 811 878 850 sit
920 810 1055 863 digna
1096 812 1325 851 moderata
1376 812 1567 865 corporis
1619 827 1733 861 cura,

268 881 465 922 adhibita
506 889 686 935 propter
728 883 885 922 Deum.
965 883 1174 936 Quinque
1215 890 1363 924 autern
1406 899 1549 926 causae
1592 886 1733 926 afferri

267 961 463 1007 possunt.

357 1028 514 1077 Prima,
539 1029 642 1081 quia
673 1042 761 1069 non
794 1043 955 1078 sumus,
980 1036 1028 1070 ut
1051 1043 1181 1083 supra
1213 1031 1320 1080 dixi,
1354 1033 1490 1072 nostri
1514 1033 1590 1072 sed
1623 1033 1736 1082 Dei;

268 1102 374 1142 dicit
421 1102 538 1142 enim
592 1102 753 1143 Paulus
804 1104 861 1143 ad
915 1103 1196 1144 Corinthios:
1244 1105 1473 1145 “Nescitis
1526 1107 1735 1159 quoniam

269 1177 468 1216 membra
488 1183 633 1217 vestra
661 1177 877 1230 templum
908 1184 1009 1218 sunt
1033 1177 1222 1231 Spiritus
1254 1179 1417 1229 Sancti,
1440 1181 1514 1232 qui
1548 1181 1591 1220 in
1612 1180 1737 1221 vobis

269 1257 345 1300 est,
384 1264 515 1303 quem
557 1250 729 1291 habetis
761 1265 786 1291 a
819 1252 929 1300 Deo,
973 1257 1016 1291 et
1058 1265 1146 1292 non
1184 1253 1288 1292 estis
1324 1252 1517 1293 vestri.''1
1579 1254 1639 1294 Et
1681 1255 1737 1294 ad

270 1325 525 1366 Romanos:
550 1328 572 1344 “
587 1325 731 1365 Nemo
755 1331 951 1366 nostrum
975 1326 1057 1366 sibi
1080 1326 1221 1367 vivit.’'
1285 1327 1370 1367 Et:
1394 1330 1414 1346 “
1429 1328 1518 1367 sive
1540 1328 1739 1378 vivimus,

268 1398 358 1439 sive
388 1399 610 1448 morimur,
637 1399 818 1439 Domini
852 1399 1056 1439 sumus.”2
1119 1399 1231 1440 Cum
1265 1401 1396 1453 igitur
1425 1415 1555 1441 nemo
1588 1402 1644 1442 sit
1673 1402 1738 1442 sui

269 1473 346 1512 sed
386 1473 484 1522 Dei,
512 1473 646 1512 debet
678 1473 721 1513 id
745 1474 862 1525 quod
904 1480 968 1513 est
1006 1473 1109 1525 ejus,
1138 1480 1367 1527 tamquam
1405 1489 1495 1515 rem
1537 1475 1737 1524 alienam,

269 1547 381 1586 tueri
416 1560 466 1586 ac
496 1546 726 1586 custodire.
792 1546 925 1599 Quod
964 1547 998 1586 si
1035 1546 1119 1587 hoc
1150 1548 1205 1588 de
1238 1549 1441 1588 omnibus
1475 1548 1739 1597 hominibus,

271 1625 315 1660 et
358 1620 498 1672 magis
541 1621 674 1660 etiam
728 1619 782 1660 de
836 1619 1082 1660 christianis
1131 1622 1204 1674 qui
1258 1623 1394 1675 empti
1447 1628 1548 1662 sunt
1598 1624 1740 1675 pretio

273 1708 436 1746 magno
458 1694 684 1734 verissime
716 1694 898 1735 dicitur:
933 1708 1007 1734 eos
1039 1708 1127 1735 non
1157 1709 1251 1735 esse
1284 1710 1396 1745 suos,
1429 1696 1568 1736 multo
1598 1697 1740 1737 verius

273 1768 418 1819 adhuc
441 1769 495 1808 616
518 1768 730 1820 religiosis
754 1769 989 1808 dicendum
1021 1769 1111 1818 erit,
1136 1770 1209 1821 qui
1234 1783 1278 1809 se
1300 1771 1523 1823 praecipuo
1546 1770 1740 1822 quodam

273 1857 391 1883 nexu
417 1843 579 1882 Divino
609 1842 840 1883 famulatui
864 1843 1183 1895 manciparunt,
1209 1843 1334 1896 eique
1357 1850 1514 1897 sponte
1544 1858 1590 1884 se
1611 1844 1744 1884 dede-

275 1922 376 1956 runt
418 1930 468 1957 ac
509 1923 827 1958 consecrarunt.
912 1916 1060 1969 Quare
1102 1918 1349 1958 Bernardus
1391 1919 1447 1958 361
1491 1918 1644 1958 fratres
1688 1919 1742 1958 de

278 1991 434 2031 Monte
466 1991 579 2031 Dei:
619 1991 853 2040 “Servus,''
877 1991 1029 2044 inquit,
1053 1991 1172 2031 “Dei
1207 1992 1416 2032 dicendus
1458 1998 1524 2032 est
1566 1993 1621 2032 de
1662 2006 1741 2032 suo

279 2079 460 2118 corpore
490 2066 550 2105 sic
579 2079 720 2118 agere,
745 2066 870 2118 quasi
900 2066 954 2105 616
984 2079 1072 2105 11011
1102 2079 1192 2114 suo,
1217 2066 1292 2105 sed
1322 2065 1415 2117 ejus
1437 2080 1462 2105 a
1485 2079 1573 2118 quo
1603 2066 1744 2118 pretio

277 2153 439 2192 magno
475 2140 611 2193 empti
646 2154 808 2189 sumus,
838 2146 885 2179 ut
916 2139 1210 2192 glorificemus
1247 2146 1291 2179 et
1332 2146 1558 2192 portemus
1595 2140 1741 2179 Deum

279 2214 322 2252 in
346 2227 527 2266 corpore
551 2213 736 2253 nostro.’'
790 2214 983 2253 Pertinet
1006 2213 1136 2266 igitur
1157 2213 1213 2253 361
1237 2213 1445 2253 Divinum
1470 2213 1742 2266 obsequium,

279 2293 327 2327 ut
369 2289 487 2339 quod
534 2294 599 2327 est
641 2287 745 2339 ejus,
789 2287 890 2326 licet
932 2287 975 2326 in
1022 2286 1188 2326 nullam
1233 2300 1322 2326 rem
1366 2287 1472 2326 utile
1512 2287 1742 2334 videretur,

279 2361 582 2400 custodiamus
613 2366 762 2401 tamen
794 2374 844 2400 ac
875 2366 1102 2400 tueamur:
1139 2359 1227 2400 tale
1258 2366 1323 2400 est
1355 2374 1512 2413 corpus
1543 2366 1743 2400 nostrum

278 2449 328 2475 ac
363 2436 454 2475 vita
491 2440 651 2484 nostra,
696 2448 829 2487 quam
867 2435 939 2487 qui
983 2448 1033 2474 ea
1075 2434 1130 2474 de
1172 2448 1304 2474 causa
1343 2439 1491 2474 tuetur
1525 2448 1576 2474 ac
1613 2433 1743 2482 fovet,

279 2524 362 2550 nae
395 2509 466 2549 ille
497 2509 627 2549 laude
659 2510 818 2562 dignus
850 2515 925 2549 est.

365 2584 573 2625 Secunda
596 2597 727 2624 causa
744 2590 820 2633 est,
839 2583 941 2636 quia
963 2583 1019 2622 ad
1042 2582 1252 2622 Divinum
1276 2582 1535 2635 obsequium
1559 2586 1742 2634 spectat,

282 2665 329 2698 ut
352 2658 498 2698 Deum
533 2659 678 2710 ipsum
710 2658 912 2710 precibus
940 2657 1136 2697 colamus
1163 2662 1206 2696 et
1232 2656 1435 2697 laudibus
1465 2655 1744 2703 honoremus,

282 2737 326 2772 et
356 2732 449 2784 ejus
483 2731 844 2785 contemplationi
866 2744 1097 2781 vacemus;
1131 2731 1249 2783 quod
1282 2731 1375 2771 sine
1406 2729 1600 2783 corporis
1632 2729 1749 2768 inco-

278 2805 483 2846 lumitate
514 2806 605 2855 vix,
631 2819 682 2846 ac
715 2819 769 2845 ne
794 2806 871 2845 vix
904 2805 1082 2857 quidem
1114 2818 1358 2858 possumus.
1422 2804 1532 2844 Ideo
1564 2801 1750 2843 Basilius

700 2885 712 2905 1
741 2895 767 2918 1.
791 2887 867 2918 Cor.
889 2887 919 2918 6.
1111 2885 1123 2904 ²
1148 2886 1246 2918 Rom.
1270 2895 1317 2926 14.
