1903 3197
665 172 746 217 De
778 172 1033 219 Examina
1488 188 1510 217 2
1523 185 1546 231 7
1556 183 1580 230 7

100 303 406 356 dispiciamus.
468 302 602 342 Adde
625 303 758 342 etiam
782 303 921 343 multa
944 317 1037 343 esse
1060 305 1232 344 occulta
1264 311 1455 357 peccata,
1478 317 1578 357 quae

102 376 323 429 ‘indagare
360 377 471 416 ratio
508 377 603 429 ipsa
635 389 720 416 non
758 377 908 429 possit,
933 383 992 425 ut,
1026 391 1114 416 non
1147 379 1240 417 sine
1273 392 1414 427 causa,
1438 379 1494 418 ab
1527 378 1578 417 iis

103 463 161 490 se
198 450 398 490 mundari
442 449 606 502 Regius
646 448 865 502 Propheta
903 449 1133 501 precetur.l
1209 450 1343 490 Adde
1384 466 1436 491 ea
1477 465 1575 503 quse

102 524 285 563 ⁷virtutis
327 523 516 576 speciem
558 522 733 570 habent,
771 523 955 561 virtutes
997 528 1147 562 tamen
1185 523 1292 575 ipsae
1335 537 1422 563 non
1465 531 1576 564 sunt.

114 596 249 637 Adde
293 597 542 636 innumeras
585 595 778 635 fallacias
821 595 1094 635 inimicorum
1138 595 1430 644 invisibilium,
1469 610 1578 648 quas

103 683 246 710 znemo
297 669 496 722 agnoscit
545 669 599 708 ad
652 669 843 721 plenum,
889 674 936 708 ut
982 669 1255 720 Justinianus
1300 670 1387 708 ait:
1446 669 1580 708 “Nisi

116 742 355 795 Sapientiae
412 743 467 782 sit
508 741 741 794 splendore
783 741 993 794 perfusus,
1038 755 1123 781 non
1167 742 1325 782 sufficit
1367 743 1577 783 naturalis

97 827 297 856 »acumen
323 816 505 868 ingenii,
530 816 564 855 si
598 829 684 856 non
717 815 926 855 introrsus
959 816 1183 855 erudiatur
1213 830 1239 855 a
1271 815 1479 856 Verb0.‘’·2

199 890 359 929 Tribus
396 890 528 941 igitur
563 890 744 929 omnino
776 889 830 928 de
869 890 1009 929 causis
1047 889 1288 941 flagitanda
1320 895 1386 929 est
1418 903 1443 929 a
1477 889 1574 930 Deo

113 963 306 1016 cognitio
347 970 638 1016 peccatorum.
728 969 779 1003 10.
825 962 940 1015 Quia
972 964 1334 1015 perturbationes,
1368 970 1411 1003 et
1448 963 1577 1004 affec-

102 1038 265 1086 tiOnes,
309 1044 352 1077 et
394 1038 458 1077 sui
501 1037 636 1089 ipsius
678 1050 802 1076 amor
842 1037 1091 1076 adulterant
1133 1036 1347 1088 judicium
1388 1037 1488 1084 veri,
1532 1044 1577 1078 et

102 1110 263 1159 .multa,
298 1116 345 1150 ut
379 1111 486 1158 dixi,
522 1110 713 1162 speciem
747 1110 920 1149 virtutis
953 1109 1129 1155 habent,
1161 1123 1260 1162 quae
1296 1111 1437 1163 reipsa
1474 1118 1576 1151 sunt

111 1184 244 1233 vitia;
298 1197 411 1232 nam,
456 1190 503 1223 ut
545 1184 606 1223 ait
641 1184 686 1224 B.
726 1183 984 1236 Gregorius:
1037 1183 1191 1224 “Sunt
1221 1184 1429 1224 nonnulla
1470 1185 1577 1224 vitia

94 1271 212 1310 -quae
273 1257 511 1297 ostendunt
572 1257 614 1296 in
677 1270 722 1296 se
785 1257 1057 1297 rectitudinis
1118 1257 1319 1309 speciem,
1377 1257 1453 1297 sed
1517 1271 1575 1297 ex

110 1330 337 1383 pravitatis
359 1331 578 1382 prodeunt
601 1329 916 1370 infir1nitate.’'3
958 1330 1066 1370 Tale
1093 1331 1175 1369 fuit
1200 1335 1431 1382 peccatum
1456 1331 1573 1381 Saul,

93 1404 184 1456 &qui
223 1403 369 1455 jussus
412 1417 469 1443 ex
511 1402 774 1443 Amalecitis
826 1417 936 1455 quos
978 1402 1370 1454 comprehenderat
1406 1417 1571 1453 omnes,

109 1490 209 1516 cum
243 1475 454 1523 homines,
490 1481 586 1516 tum
624 1477 870 1516 animantes
900 1475 1108 1520 occidere,
1141 1476 1252 1527 Regi
1282 1481 1432 1516 tamen
1463 1477 1576 1529 opti-

94 1550 282 1602 *wmisque
323 1551 470 1590 ovium
513 1555 556 1590 et
593 1555 891 1590 armentorum
931 1550 1139 1602 gregibus
1181 1550 1451 1602 parcendum
1494 1551 1576 1591 sibi

109 1624 290 1676 putavit,
326 1623 490 1663 scilicet
524 1623 580 1663 ad
613 1623 933 1663 immolandum
965 1622 1191 1663 Domino}
1253 1623 1322 1663 Ita
1355 1623 1575 1676 religionis

112 1697 256 1749 specie
285 1697 496 1749 deceptus
530 1698 721 1749 graviter
757 1696 875 1749 apud
911 1697 1057 1735 Deum
1093 1697 1287 1745 offendit,
1313 1710 1391 1736 nec
1425 1703 1575 1738 ‘tamen

94 1770 246 1809 :sensit
268 1769 493 1817 offensam,
517 1782 617 1808 cum
639 1769 823 1808 verbum
848 1770 1029 1809 Domini
1053 1783 1098 1809 se
1121 1770 1369 1822 implevisse
1385 1770 1575 1822 jactarit.

111 1842 257 1882 Amor
278 1842 441 1894 quippe
475 1842 540 1881 sui
572 1842 718 1894 ipsius,
741 1856 963 1894 pravaque
1000 1842 1133 1881 animi
1168 1843 1343 1882 affectio
1377 1843 1575 1895 pulcher-

99 1915 232 1955 simis
274 1915 522 1967 quibusque
562 1915 691 1954 rebus
734 1914 951 1963 inhiantis,
984 1921 1079 1954 tum
1122 1914 1223 1955 ficta
1264 1916 1404 1967 pietas
1441 1921 1575 1968 atque

97 1989 264 2041 :religio
297 1989 521 2028 hominem
557 1988 720 2028 scilicet
755 1989 1010 2037 excoecavit,
1036 1994 1083 2028 ut
1117 1989 1256 2041 culpae
1288 1989 1455 2029 facinus
1487 2004 1573 2031 non

95 2093 100 2099 .
112 2069 378 2116 agnosceret.

200 2142 255 2176 20.
281 2136 400 2189 Quia
421 2137 572 2176 1multa
602 2143 703 2176 sunt
732 2136 913 2184 occulta,
938 2150 1025 2188 quo
1048 2136 1229 2176 rationis
1250 2137 1314 2176 vis
1345 2143 1575 2189 penetrare

114 2223 201 2250 non
235 2215 392 2263 potest,
431 2211 507 2250 sed
543 2210 868 2262 implorandum
906 2223 1005 2250 cum
1042 2210 1187 2250 David
1224 2211 1383 2250 divinae
1420 2212 1574 2263 gratiae

109 2281 258 2323 lumen
288 2289 365 2331 est,
397 2289 445 2323 ut
475 2297 526 2323 ea
556 2283 775 2336 possimus
808 2283 1059 2335 intelligere.
1124 2284 1241 2323 Nam
1265 2289 1308 2323 et
1328 2284 1415 2336 Job
1444 2284 1527 2325 hoc
1550 2299 1576 2325 a

100 2355 309 2396 (Domino
338 2358 487 2409 petit:
519 2359 551 2375 '⁴‘
570 2355 772 2408 Quantas
813 2356 955 2397 habeo
999 2357 1261 2409 iniquitates,
1295 2363 1339 2397 et
1380 2365 1572 2410 peccata,

93 2429 274 2469 scelera
296 2443 404 2477 mea,
429 2436 562 2482 atque
585 2430 745 2470 delicta
767 2430 951 2470 ostende
978 2430 1083 2469 mihi
1102 2444 1110 2479 ;
1128 2429 1171 2452 ”⁵
1203 2436 1246 2470 et
1280 2431 1449 2479 Paulus,
1473 2432 1572 2471 talis

91 2515 160 2542 ,ἃς
191 2508 340 2542 tantus
371 2503 445 2552 vir,
470 2505 544 2556 qui
577 2504 889 2544 conscientiam
928 2518 1051 2544 suam
1090 2504 1254 2556 jugiter
1284 2505 1570 2557 ponderabat,

109 2574 530 2627 ut'Chrysostomus
561 2578 649 2617 ait:
684 2577 1006 2630 “Quamquam
1033 2579 1230 2618 maxima
1256 2579 1447 2618 scientiae
1479 2579 1574 2618 luce

108 2646 364 2699 refulgebat,
397 2650 478 2689 etsi
517 2649 623 2689 nihil
665 2651 745 2690 sibi
784 2652 1007 2691 conscium
1046 2665 1140 2691 esse
1176 2652 1416 2700 confirmat,
1439 2658 1572 2703 negat

89 2726 256 2762 ptamen
308 2722 351 2761 in
393 2721 477 2762 hoc
507 2723 803 2775 justificatum
848 2738 894 2764 se
935 2738 1038 2765 esse.
1124 2724 1405 2777 Intelligebat
1452 2724 1567 2763 enim

208 2833 220 2853 1
247 2834 403 2867 Psa]„18.
541 2835 554 2853 ²
579 2837 616 2868 L.
637 2837 679 2868 de
704 2837 811 2869 Obed.
832 2849 858 2870 c.
884 2838 932 2870 16.
1068 2837 1081 2856 ³
1106 2838 1225 2869 Moral.
1246 2838 1265 2869 l.
1288 2846 1338 2878 32.
1360 2848 1386 2869 c.
1408 2846 1459 2869 22.

531 2886 553 2904 ‘⁴
581 2896 608 2918 1.
631 2888 712 2929 Reg.
738 2895 785 2929 15.
955 2888 967 2907 ⁵
989 2889 1055 2929 Job
1075 2897 1122 2928 13.
