1903 3197
285 173 374 216 106
603 170 682 215 De
715 169 903 216 ratione
937 170 1129 216 vivendi
1161 169 1421 216 Socz'elcztz's.

274 303 405 343 toties
457 303 783 343 conveniendus
825 302 880 343 sit
930 302 1148 356 Superior,
1188 309 1263 343 aut
1310 304 1405 356 ejus
1457 302 1743 354 requirendus

277 389 492 416 assensus,

365 451 626 503 Respondet
659 451 966 491 Bonaventura
996 452 1039 491 in
1070 451 1262 504 Speculo
1293 452 1419 491 dise:
1455 450 1620 490 “Felix
1650 450 1745 490 haec

275 525 471 572 servitus,
495 526 583 565 imo
617 524 808 578 gloriosa
839 525 1029 573 libertas,
1054 539 1142 578 qua
1176 526 1273 577 quis
1309 531 1469 578 sponte
1504 526 1546 564 in
1579 526 1744 577 regiam

275 598 481 639 venditus
514 601 781 648 servitutem,
809 600 955 639 Deum
988 606 1032 640 et
1064 599 1157 652 ejus
1180 600 1403 648 vicarium,
1429 599 1575 652 potius
1609 611 1742 650 quam

275 686 323 714 se
345 673 500 726 ipsum,
526 687 656 726 super
678 688 723 713 se
746 687 927 726 regnare
954 674 1238 723 constituens,
1263 688 1353 713 sure
1387 687 1563 726 prorsus
1591 685 1747 711 renun-

275 747 364 787 ciat
394 746 671 787 voluntati.”1

367 820 457 861 Sed
485 827 654 874 quaeret
687 821 830 861 adhue
854 822 1039 874 aliquis:
1072 822 1148 861 An
1172 835 1345 875 semper
1373 821 1655 874 expectanda
1693 821 1749 860 sit

284 895 533 949 Superioris
556 896 819 949 approbatio
843 897 885 935 in
908 896 1195 948 suscipiendis
1218 896 1331 936 ultro
1356 895 1661 935 Poenitentiis?

367 970 637 1023 Respondeo
659 971 748 1010 duo
771 971 976 1010 videntur
1008 984 1101 1009 esse
1134 976 1346 1022 tempora,
1371 984 1471 1009 cum
1506 970 1752 1022 Superioris

276 1058 518 1085 consensus
552 1058 787 1096 expressus
820 1057 907 1083 non
942 1044 1185 1095 requiritur.
1248 1043 1453 1083 Alterum
1482 1057 1581 1083 eum
1613 1043 1753 1095 poeni-

278 1119 430 1159 tentiae
478 1119 660 1158 leviores
698 1123 810 1166 sunt,
853 1123 900 1157 ut
938 1118 1125 1158 modicae
1168 1118 1458 1165 abstinentiae,
1497 1123 1541 1157 et
1582 1117 1752 1158 similia.

277 1191 398 1233 Satis
431 1197 496 1230 est
526 1204 765 1230 consensus
794 1192 956 1231 tacitus
990 1193 1033 1231 in
1068 1192 1335 1243 hujusmodi,
1362 1199 1405 1232 et
1433 1191 1616 1244 intelligi
1650 1191 1752 1231 licet

277 1278 331 1306 ea
372 1278 460 1305 non
493 1265 664 1316 ingrata
695 1265 786 1304 fore
820 1265 1056 1318 Superiori,
1081 1266 1184 1318 quia
1217 1279 1449 1318 poenarum
1484 1266 1638 1306 levitas
1671 1278 1752 1305 nec

277 1339 516 1380 valetudini
541 1339 697 1379 obesse
719 1339 841 1388 solet,
866 1353 945 1380 nec
977 1340 1094 1379 bono
1118 1340 1273 1392 majori
1293 1354 1300 1379 :
1334 1353 1432 1392 quae
1456 1339 1544 1379 duo
1567 1344 1752 1392 possunt

280 1427 375 1454 esse
397 1427 530 1454 causa
552 1427 628 1452 eur
651 1412 898 1465 Superioris
921 1414 977 1453 sit
1000 1414 1305 1465 expectandus
1327 1427 1539 1453 assensus.

374 1489 486 1528 Haec
510 1493 576 1527 est
608 1488 827 1527 sententia
861 1487 902 1528 S.
925 1487 1249 1527 Bonaventurae
1279 1501 1342 1536 eo,
1366 1501 1499 1540 quem
1524 1488 1630 1535 dixi,
1656 1487 1753 1527 loco

283 1562 370 1611 ubi,
406 1562 513 1601 dum
547 1567 776 1601 enumerat
810 1575 909 1613 quae
944 1561 1171 1614 religiosus
1207 1561 1348 1601 facere
1378 1563 1472 1601 sine
1508 1561 1753 1614 Superioris

282 1649 495 1677 concessu
530 1649 617 1675 non
651 1641 809 1688 potest,
834 1635 895 1674 sic
925 1634 1028 1675 ait:2
1072 1635 1204 1675 “Nec
1226 1641 1377 1675 tamen
1411 1635 1663 1687 negaverim
1697 1635 1752 1674 ad

282 1711 479 1759 minima,
503 1723 577 1749 seu
612 1710 668 1749 ad
702 1709 836 1749 exilia
865 1709 1083 1761 quaedam,
1108 1715 1150 1749 et
1182 1709 1258 1748 vix
1292 1710 1537 1762 reputanda
1570 1708 1754 1760 alicujus

285 1785 514 1832 momenti,
559 1783 701 1822 solum
751 1783 950 1822 sufficere
991 1796 1253 1822 consensum
1298 1782 1648 1831 Praelatoru1n;”
1712 1787 1757 1822 et

284 1856 398 1897 infra
452 1858 581 1897 docet
627 1857 683 1896 ad
737 1856 832 1896 haec
887 1856 1070 1896 minima
1119 1856 1348 1895 subeunda
1405 1855 1510 1895 satis
1560 1869 1665 1903 esse,
1719 1855 1754 1894 si

286 1932 383 1984 quis
425 1937 552 1984 putet
594 1944 645 1971 ea
687 1944 775 1971 non
818 1930 1047 1983 displicere
1090 1930 1288 1970 Praelato.
1353 1928 1656 1982 “Quidquid'’
1690 1929 1755 1968 in-

286 2005 393 2058 quit,
438 2005 706 2058 “religiosus
758 2005 861 2045 boni
915 2005 1029 2054 facit,
1072 2011 1149 2044 aut
1200 2004 1316 2053 dicit,
1360 2004 1481 2056 quod
1533 2018 1612 2044 suo
1664 2016 1751 2043 non

287 2080 458 2121 noverit
490 2080 722 2132 displicere
755 2079 953 2128 Praelato,
983 2092 1009 2119 a
1034 2092 1148 2119 verae
1178 2078 1443 2118 obedientiae
1475 2078 1632 2117 merito
1665 2090 1753 2117 non

282 2153 544 2195 fraudatur.''

374 2228 582 2268 Alterum
606 2241 709 2267 vero
732 2233 908 2280 tempus
931 2232 1008 2275 est,
1031 2239 1131 2266 cum
1153 2225 1303 2277 aliqua
1324 2225 1580 2265 tentationis
1605 2237 1754 2264 neces-

285 2302 393 2342 sitas
426 2302 602 2354 ingruit,
635 2315 714 2341 nec
748 2300 995 2353 Superioris
1027 2307 1092 2340 est
1124 2300 1262 2353 copia,
1297 2300 1400 2352 quia
1434 2305 1529 2339 tum
1563 2299 1753 2339 rationes

284 2375 382 2426 illae,
421 2389 496 2415 cur
534 2389 621 2416 non
659 2375 788 2415 liceat
827 2374 1073 2428 Superioris
1115 2374 1281 2426 injussu
1319 2374 1602 2426 poenitentias
1639 2373 1755 2412 ultro

284 2450 517 2502 suscipere,
560 2463 647 2490 non
689 2449 854 2489 habent
896 2449 1052 2489 locum.
1144 2449 1294 2489 Potior
1334 2448 1499 2500 quippe
1548 2446 1756 2486 habenda

287 2537 461 2576 semper
483 2529 549 2563 est
571 2525 731 2563 animae
755 2524 866 2564 ratio
889 2537 1023 2575 quam
1048 2523 1248 2576 corporis.
1299 2522 1425 2561 Licet
1447 2521 1564 2560 enim
1588 2520 1754 2572 aliquid

289 2597 560 2637 incommodi
596 2599 651 2637 ad
684 2597 983 2637 valetudinem
1022 2597 1185 2645 redeat,
1218 2602 1379 2643 tamen,
1415 2595 1595 2647 quando
1630 2594 1757 2634 aliter

285 2671 481 2724 superari
518 2672 706 2711 tentatio
743 2685 831 2711 non
869 2676 1028 2723 potest,
1067 2669 1248 2710 ferenda
1284 2674 1351 2709 est
1391 2669 1655 2722 poenitentia
1687 2667 1757 2708 vel

286 2746 473 2799 gravior,
496 2745 739 2798 praesertim
774 2745 952 2796 quando
983 2751 1027 2784 et
1055 2744 1153 2784 finis
1182 2743 1376 2796 optimus
1398 2748 1494 2793 est;
1526 2755 1626 2782 cum
1658 2742 1759 2782 ideo

291 2820 557 2873 poenitentia
589 2820 824 2872 suscipitur
845 2825 894 2859 ut
915 2819 1012 2871 quis
1042 2818 1141 2858 Deo
1174 2817 1443 2870 subjiciatur,
1467 2822 1511 2858 et
1541 2816 1760 2870 Superior,

670 2907 683 2927 1
711 2909 747 2941 P.
772 2916 798 2940 1.
820 2918 847 2940 c.
866 2916 896 2948 4.
919 2911 997 2939 extr.
1144 2904 1158 2924 2
1181 2907 1219 2939 C.
1238 2915 1270 2948 4.
1290 2906 1370 2938 ibid.
