1903 3197
529 197 609 243 De
639 195 919 256 Disciplina
955 193 1157 240 Mensoe.
1486 194 1578 250 367

118 334 160 373 P.
187 332 384 386 Ignatius
416 344 495 370 nos
527 335 724 369 externae
756 332 929 367 tantum
965 327 1123 366 servire
1155 325 1380 373 decentiae,
1410 324 1490 363 nisi
1523 323 1578 363 ab

117 406 320 447 interiore
351 404 649 458 proficiscatur
678 400 896 449 exterior;
929 413 986 439 ex
1017 399 1219 438 interiore
1250 398 1413 450 quippe
1444 397 1578 437 animi

116 480 288 529 affectu,
337 479 484 532 potius
535 489 668 529 quam
720 474 776 514 ab
828 474 996 525 optima
1049 471 1242 524 quadam
1295 470 1579 517 institutione,

119 567 297 595 manare
323 552 455 592 debet
485 550 679 598 honesta,
703 561 821 600 pura,
846 553 977 598 atque
1007 546 1183 598 elegans
1205 546 1410 585 vescendi
1444 546 1580 594 ratio;

120 633 169 667 ut
199 626 308 666 infra
340 626 472 665 etiam
505 623 708 663 dicemus.
775 621 898 662 Sicut
920 626 962 659 et
985 619 1278 671 temperantia
1301 624 1344 657 et
1367 617 1583 657 modestia

116 701 175 741 ab
213 699 414 740 interiore
450 697 584 737 animi
628 695 785 735 affectu
830 696 934 747 ipsce
978 706 1155 745 quoque
1197 691 1372 744 prodire
1406 691 1581 739 debent,

119 780 168 814 ut
195 787 308 813 verce
339 771 580 823 solidaeque
614 770 711 817 sint,
741 782 842 808 nam
876 768 958 807 hoc
981 767 1099 819 quod
1133 766 1257 806 addit
1288 765 1582 805 Constitutio:

119 847 335 887 “interius
373 851 416 885 et
458 842 685 892 exterius,''
720 856 806 882 non
839 847 1013 881 tantum
1053 840 1109 880 ad
1143 840 1400 887 decentiam,
1433 851 1582 878 verum

119 920 251 960 etiam
284 919 339 959 ad
373 918 481 958 duas
517 918 693 970 priores,
726 915 1064 968 temperantiam
1108 914 1288 966 inquam
1327 919 1370 970 et
1413 911 1586 951 modes-

117 995 239 1042 tiam,
263 992 418 1032 referre
440 1005 684 1044 possumus.
738 989 896 1030 Omnis
919 990 1084 1041 quippe
1105 989 1241 1028 virtus
1271 988 1314 1026 in
1350 974 1585 1035 Societate,

122 1068 156 1107 si
195 1081 251 1106 ex
286 1065 661 1107 Constitutionum
699 1064 954 1116 praescripto
987 1068 1184 1114 nutuque
1212 1061 1410 1108 vivimus,
1448 1060 1588 1111 magis

121 1141 309 1190 interior,
333 1153 465 1192 quam
496 1139 697 1187 exterior,
722 1151 815 1177 esse
838 1137 982 1177 debet.

212 1214 422 1254 Dicamus
455 1212 586 1264 igitur
617 1211 671 1250 de
705 1211 912 1263 singulis;
947 1216 989 1250 et
1018 1210 1207 1262 primum
1240 1209 1294 1248 de
1328 1208 1480 1260 prima,
1504 1206 1587 1246 hoc

123 1294 200 1338 est,
250 1288 304 1327 de
352 1285 653 1338 temperantia.
744 1284 1105 1336 Temperantiam
1157 1287 1305 1321 autem
1357 1281 1440 1320 hoc
1493 1280 1590 1320 loco

123 1375 212 1402 non
249 1375 300 1401 eo
338 1361 471 1400 modo
513 1359 761 1412 accipimus,
795 1372 882 1410 quo
919 1358 1078 1409 accipit
1115 1363 1158 1396 et
1195 1355 1399 1407 intelligit
1440 1354 1588 1406 Hugo,

122 1449 258 1490 vquam
301 1435 343 1474 in
387 1448 438 1474 eo
480 1439 653 1473 tantum
691 1433 864 1472 videtur
897 1444 1070 1484 ponere,
1110 1436 1157 1469 ut
1194 1429 1368 1469 tractim
1413 1434 1455 1467 et
1500 1428 1592 1467 sine

125 1510 403 1551 festinatione
445 1507 541 1560 quis
584 1504 817 1546 comedat.1
883 1505 934 1544 Id
974 1505 1089 1544 enim
1133 1517 1211 1543 nos
1250 1502 1306 1543 ad
1341 1501 1591 1541 decentiam

120 1584 269 1638 potius
321 1582 543 1635 quandam
605 1579 935 1628 revocabimus;
999 1577 1075 1618 sed
1136 1576 1488 1629 temperantiam,
1544 1580 1592 1614 ut

126 1658 334 1707 diximus,
368 1655 641 1709 appellamus
676 1653 859 1693 modum
897 1651 1136 1705 quemdam
1170 1657 1304 1703 atque
1341 1661 1591 1689 mensuram

128 1733 171 1772 in
212 1732 331 1780 cibis,
374 1744 472 1782 quae
525 1735 590 1769 est
642 1728 753 1768 inter
794 1727 978 1767 nimium
1022 1732 1065 1765 et
1107 1739 1274 1778 parum,
1318 1737 1462 1776 quam,
1507 1736 1594 1763 non

126 1806 288 1846 edendi
336 1803 550 1856 voluptas,
593 1802 669 1842 sed
713 1808 879 1841 naturae
932 1801 1168 1840 necessitas
1217 1798 1381 1838 statuit.
1462 1796 1594 1836 Hanc

131 1880 439 1920 Bonaventura
461 1877 611 1930 paucis
635 1875 862 1928 expressit,
887 1888 986 1914 cum
1011 1875 1071 1913 ita
1093 1873 1233 1912 dixit:
1268 1872 1369 1911 “De
1392 1884 1595 1910 mensura

129 1967 232 1994 vero
275 1950 536 1992 comedendi
579 1949 754 1989 difficile
797 1955 862 1988 est
905 1948 1008 1988 dare
1050 1952 1215 1986 certam
1265 1944 1473 1998 regulam,
1516 1944 1596 1983 nisi

127 2027 249 2080 -quod
279 2026 390 2065 inter
419 2025 506 2064 duo
536 2036 708 2075 semper
737 2022 932 2062 medium
961 2018 1173 2061 teneas.‘’2
1234 2019 1454 2058 Nimirum
1486 2024 1597 2058 tem-

131 2100 340 2154 perantiae
372 2110 591 2138 summam
626 2097 783 2148 attigit,
818 2096 892 2148 qui
927 2101 1159 2147 utrumque
1192 2094 1303 2134 vitat
1337 2098 1597 2132 extremum.

129 2174 283 2214 Virtus
325 2172 452 2221 enim,
486 2184 586 2210 cum
623 2171 690 2219 sit,
727 2169 921 2209 medium
964 2168 1127 2208 scilicet
1159 2167 1340 2216 obtinet,
1379 2172 1426 2206 ut
1462 2165 1599 2206 virtus

128 2247 275 2288 omnis
307 2245 492 2286 moralis.
555 2243 877 2284 Tertullianus:
917 2240 1147 2291 “Editur,''
1179 2241 1330 2293 inquit,
1356 2242 1598 2292 “quantum

129 2322 373 2363 esurientes
408 2319 612 2372 capiunt:
649 2317 743 2357 haec
778 2323 843 2357 est
877 2317 1089 2369 cujusque
1126 2329 1341 2363 mensura,
1378 2314 1517 2354 fames
1554 2320 1597 2354 et

134 2392 362 2435 esuries.”3
421 2392 488 2433 At
530 2391 668 2440 multi,
712 2392 846 2432 etiam
888 2390 970 2431 hac
1012 2391 1165 2430 sedata
1206 2394 1340 2442 atque
1381 2388 1599 2435 restincta,

136 2469 298 2508 mensis
349 2468 557 2507 incubant
599 2472 642 2506 et
688 2465 801 2506 ultra
852 2470 1031 2518 captum
1082 2464 1271 2517 capiunt.
1355 2461 1503 2515 Quam
1546 2462 1602 2502 sit

132 2547 285 2582 autem
327 2541 370 2580 in
417 2541 718 2593 religiosorum
771 2539 931 2579 mensis
983 2538 1276 2591 temperantia
1320 2541 1416 2576 tum
1469 2535 1603 2584 utilis,

138 2622 233 2655 tum
285 2616 538 2662 necessaria,
591 2614 697 2654 nihil
749 2613 906 2654 attinet
959 2613 1113 2653 dicere.
1196 2611 1318 2651 Nihil
1370 2610 1486 2650 enim
1538 2610 1598 2649 sic

137 2688 339 2738 salutem,
374 2694 421 2728 ut
457 2687 798 2740 Chrysostomus
831 2688 902 2736 ait,
938 2686 1044 2726 nihil
1078 2686 1139 2725 sic
1171 2697 1378 2725 sensuum
1415 2695 1600 2722 acumen

139 2768 357 2815 operatur,
381 2762 488 2801 nihil
517 2762 577 2802 sic
607 2760 910 2814 aegritudinem
934 2761 1057 2812 fugat
1080 2766 1127 2799 ut
1157 2758 1384 2798 moderata
1413 2755 1601 2796 refectio.

269 2874 282 2893 1
308 2876 360 2907 De
385 2876 491 2907 Instit.
513 2875 627 2907 Novit.
649 2886 676 2907 c.
697 2883 749 2907 21.
911 2873 925 2892 2
948 2875 1003 2907 De
1027 2874 1134 2905 Instit.
1156 2872 1271 2904 Novit.
1292 2882 1324 2913 p.
1346 2879 1372 2904 1.
1394 2881 1420 2903 c.
1442 2870 1471 2903 8.

671 2925 684 2945 3
707 2927 748 2958 In
765 2927 910 2968 Apolog.
931 2937 957 2958 e.
979 2934 1030 2966 39.
