1903 3197
264 180 362 224 424
594 162 674 208 De
706 161 896 209 ratione
929 161 1123 207 vivendi
1155 160 1415 208 Socz'elatz's.

263 297 478 346 laborant,
515 295 588 348 qui
627 294 808 335 modum
846 293 889 334 in
926 293 1148 334 laboribus
1186 307 1273 334 non
1310 299 1535 333 noverunt.
1613 293 1729 334 Nolo

262 378 413 412 tamen
454 370 556 409 hinc
597 368 778 421 aliquos,
817 368 1026 408 orationis
1068 373 1302 420 praetextu,
1348 380 1500 406 ansam
1544 367 1730 420 arripere

264 443 460 497 fugiendi
502 442 674 483 laboris.
758 441 810 482 Id
853 441 970 481 enim
1018 447 1131 481 esset
1173 441 1216 480 in
1262 439 1528 480 contrarium
1577 440 1730 480 vitium

265 520 493 567 incurrere,
536 516 655 569 quod
707 515 894 556 Basilius
936 515 1120 555 damnat
1141 513 1172 564 ;1
1215 520 1258 554 et
1300 514 1343 553 in
1385 514 1473 553 suis
1517 513 1733 554 Gradibus

267 591 500 640 Climacus,
542 590 666 642 cujus
706 589 839 630 verba
880 594 1010 629 sunt:
1055 588 1208 629 “Cum
1246 588 1460 628 senserint
1492 587 1731 639 fragiliores

267 665 430 718 quique
458 678 509 704 ac
538 663 759 716 segniores
788 662 988 715 graviora
1017 662 1096 702 sibi
1129 662 1343 715 imperari,
1378 667 1482 701 tunc
1514 661 1732 701 orationes

268 739 459 793 proferre
489 736 797 778 contendunt.''
813 735 828 759 2

358 811 562 853 Secunda
583 824 685 850 vero
715 824 858 859 causa,
882 823 957 849 cur
990 809 1304 850 immoderatos
1339 809 1510 849 labores
1544 810 1735 862 corporis

272 885 541 927 Constitutio
583 889 731 923 nostra
773 882 1016 935 prohibeat,
1053 888 1130 931 est,
1165 882 1266 934 quia
1298 883 1612 923 detrimentum
1645 896 1736 923 cor-

269 960 448 1014 poribus
480 958 676 998 afferunt.
736 957 840 997 Non
873 957 988 996 enim
1011 961 1103 996 tam
1135 963 1319 1009 prosunt
1351 957 1578 1005 moderati,
1603 971 1735 1010 quam

270 1034 432 1074 obsunt
473 1030 779 1082 immoderati;
821 1036 966 1071 totum
1008 1031 1172 1083 quippe
1214 1044 1370 1082 corpus
1413 1036 1617 1079 atterunt,
1651 1044 1738 1071 non

270 1113 442 1160 partem
484 1105 691 1157 aliquam,
729 1109 777 1145 ut
818 1104 1076 1157 asperitates
1119 1103 1270 1144 multae
1313 1110 1470 1157 sponte
1513 1110 1739 1157 susceptae.

273 1180 481 1233 Ideoque,
513 1192 659 1232 poenae
689 1177 797 1228 loco,
821 1178 926 1218 olim
956 1191 982 1218 a
1015 1178 1113 1218 Deo
1146 1178 1297 1230 primis
1330 1178 1585 1231 parentibus
1617 1178 1743 1219 labor

271 1253 531 1307 impositus:
580 1251 892 1301 “Maledicta,”
931 1251 1084 1304 inquit,
1118 1254 1268 1291 “terra
1310 1251 1352 1291 in
1395 1266 1527 1304 opere
1568 1258 1656 1302 tuo,
1699 1253 1741 1292 in

271 1328 493 1369 laboribus
535 1327 740 1367 comedes
783 1340 841 1366 ex
885 1340 936 1366 ea
977 1327 1145 1366 cunctis
1187 1325 1371 1376 diebus3
1425 1340 1596 1379 nempe,
1639 1327 1742 1379 quia

273 1402 433 1443 audisti
462 1415 615 1442 vocem
650 1402 800 1441 uxoris
832 1407 933 1449 tuae,
957 1406 1002 1440 et
1034 1401 1077 1440 in
1109 1399 1266 1439 sudore
1288 1400 1434 1440 vultus
1466 1400 1528 1440 tui
1558 1400 1742 1441 vesceris

272 1490 387 1530 pane
413 1474 551 1516 tuo.''3
620 1475 738 1515 Hinc
770 1475 976 1514 nimirum
1006 1487 1124 1513 mors
1157 1487 1256 1525 quae
1288 1475 1486 1526 peccanti
1517 1474 1742 1527 proposita

274 1551 426 1600 fuerat,
449 1564 506 1589 ex
530 1549 846 1602 defatigatione
869 1548 1033 1600 quippe
1056 1548 1250 1600 corporis
1282 1547 1473 1596 morbus,
1498 1562 1555 1587 ex
1588 1548 1742 1588 morbo

275 1624 506 1665 dissolutio
538 1623 673 1663 totius
705 1622 894 1662 hominis
926 1636 976 1662 ac
1009 1627 1187 1662 naturae.

364 1698 569 1739 Clemens
611 1710 787 1749 quoque
829 1695 1164 1735 Alexandrinus
1211 1696 1527 1735 immoderatos
1573 1695 1745 1736 labores

275 1773 521 1826 improbat:
547 1775 567 1792 “
584 1769 1012 1824 Quemadmodu1r1,”
1038 1769 1191 1821 inquit,
1209 1770 1463 1822 “optimum
1487 1775 1552 1809 est
1575 1770 1744 1810 labores

276 1848 396 1888 cibos
439 1845 712 1899 pi‘aecedere3
761 1845 823 1884 ita
865 1857 997 1896 supra
1039 1843 1221 1882 modum
1264 1843 1462 1883 laborare
1504 1844 1742 1896 pessimum

278 1928 353 1972 est,
379 1928 423 1962 et
454 1921 735 1969 laboriosum,
761 1925 804 1959 et
837 1917 1089 1958 morborum
1112 1916 1278 1957 causa.'’

364 1996 434 2036 Ne
468 1995 591 2034 nimii
625 1994 757 2047 igitur
790 1993 876 2032 sint
911 1992 1082 2032 labores
1116 1991 1307 2044 corporis
1342 1992 1415 2044 qui
1447 1991 1744 2032 valetudinem

278 2071 478 2125 perdant,
495 2067 844 2110 Constitutiones
867 2067 974 2119 ipsae
997 2072 1164 2115 cavent,
1184 2079 1270 2105 non
1294 2065 1427 2105 modo
1450 2066 1745 2118 praecipiendo

278 2151 326 2186 ut
349 2145 392 2185 in
416 2145 466 2184 iis
490 2143 648 2183 modus
672 2142 853 2194 quidam
877 2141 933 2180 ab
956 2154 1221 2192 unoquoque
1244 2140 1515 2189 adhibeatur,
1531 2146 1744 2192 quantum

277 2221 322 2260 in
354 2234 400 2259 se
433 2225 524 2269 est,
557 2229 707 2257 verum
741 2221 784 2255 et
816 2214 1052 2254 statuendo
1079 2219 1127 2253 ut
1153 2215 1280 2254 certis
1313 2214 1584 2266 temporibus
1615 2221 1748 2267 atque

276 2293 396 2334 horis
428 2306 453 2332 a
486 2291 637 2331 labore
669 2295 870 2338 cessetur,
898 2294 992 2328 tum
1023 2301 1124 2327 vero
1157 2293 1204 2327 ut
1236 2301 1314 2340 pro
1346 2287 1558 2340 cujusque
1585 2289 1746 2329 viribus

276 2369 404 2409 labor
435 2366 627 2418 corporis
660 2370 703 2404 et
736 2363 878 2403 officia
910 2361 1232 2414 dispertiantur.
1302 2361 1375 2401 Sic
1407 2362 1523 2401 enim
1556 2362 1747 2403 habent:

279 2441 534 2495 “Quamvis
577 2438 876 2490 unusquisque
917 2441 1096 2488 paratus
1140 2448 1235 2475 esse
1271 2435 1433 2475 debeat
1469 2437 1524 2476 ad
1561 2437 1748 2488 quodvis

278 2517 471 2558 officium
505 2513 820 2554 assumendum
855 2510 974 2563 quod
1007 2510 1045 2549 ei
1078 2509 1206 2549 fuerit
1247 2510 1515 2562 impositum,
1549 2511 1747 2552 animad-

276 2590 538 2632 vertendum
562 2595 711 2628 tamen
735 2587 815 2626 erit
838 2585 881 2625 in
914 2584 1010 2634 illis,
1034 2598 1132 2637 quae
1165 2584 1433 2624 robustiores
1465 2599 1515 2624 ac
1548 2584 1746 2626 fortiores

278 2665 482 2706 homines
526 2662 761 2715 requirunt,
804 2665 852 2700 ut
894 2660 921 2698 ii
964 2659 1037 2711 qui
1080 2658 1273 2711 corporis
1314 2658 1573 2698 habitudine
1614 2659 1746 2711 juxta

279 2739 522 2780 officiorum
566 2737 780 2777 rationem
823 2734 996 2787 praediti
1039 2738 1152 2783 sunt,
1191 2739 1406 2786 quantum
1449 2733 1539 2772 fieri
1587 2739 1745 2786 potest,

276 2810 661 2862 constituantur,''4
742 2810 874 2863 Quod
928 2810 1070 2861 ipsum
1125 2807 1229 2847 olim
1281 2812 1552 2860 praeceptum
1605 2814 1671 2848 est
1721 2822 1747 2848 a

362 2900 373 2920 ¹
399 2904 510 2935 Ascet.
526 2913 552 2934 c.
571 2909 621 2942 37.
716 2900 729 2919 2
753 2900 853 2933 Grad.
871 2909 901 2940 4.
996 2898 1009 2917 ³
1034 2899 1118 2931 Gen.
1137 2907 1165 2940 3.
1260 2898 1274 2918 4
1298 2900 1334 2931 P.
1352 2907 1381 2939 3.
1400 2909 1425 2930 c.
1444 2907 1473 2929 2.
1496 2899 1510 2936 ἓ
1535 2904 1562 2938 5.
1579 2897 1599 2929 l.
1618 2897 1655 2929 F.
