1903 3197
215 137 409 183 Motz'va
434 137 505 183 ad
521 136 908 183 mimktrandmn
933 137 1194 199 dz'lzgrenzer
1214 137 1418 199 aegrolz's.
1498 151 1587 198 541

121 268 253 308 verba
274 268 514 321 subjiciam.
597 268 978 318 “Certissimum,’'
1013 270 1166 321 inquit,
1201 269 1349 310 “habe
1380 284 1491 319 eum,
1517 270 1591 323 qui

119 356 217 382 cum
241 343 423 382 scientia>
453 349 496 382 et
527 342 783 395 cognitione
819 343 903 381 Dei
937 349 1106 395 aegroto
1138 342 1371 395 diligenter
1402 344 1591 384 deservit

120 430 169 455 ac
201 417 430 464 ministrat,
455 417 510 456 ab
543 416 949 468 impugnationibus
988 417 1255 466 daemonum,
1290 423 1333 457 et
1366 432 1390 457 a
1421 418 1592 458 vitiosis

119 490 252 530 animi
295 490 569 542 passionibus
606 490 965 542 supramodum
1009 490 1188 529 relevari
1227 497 1360 543 atque
1397 491 1584 531 defendi.

119 563 231 604 Novi
274 565 478 616 equidem
521 563 696 603 fratrem
738 563 976 616 quemdam
1024 577 1049 602 a
1091 564 1344 615 turpissimo
1388 565 1582 617 quodam

114 637 301 677 lasciviae
325 644 368 677 et
391 644 602 677 extremae
635 638 1001 690 concupiscentiae
1034 637 1189 689 spiritu
1224 638 1381 677 acriter
1412 652 1582 690 oppug-

115 711 232 751 nari:
284 717 328 751 et
369 712 471 763 quia
512 711 686 751 cuidam
719 711 838 751 fratri
873 711 1139 763 dysenteriae
1176 711 1330 751 morbo
1365 711 1582 752 laboranti

115 785 446 837 diligentissime
482 791 616 837 atque
648 785 962 825 humanissime
997 784 1228 833 serviebat,
1262 790 1494 838 propterea
1526 786 1587 825 ab*

115 859 445 911 impugnatione
468 859 540 899 illa
562 860 897 899 misericorditer
919 857 1188 899 liberatum.1

202 932 296 972 Nec
322 946 408 972 non
443 934 656 985 Evagrius
685 933 739 973 de
770 946 930 985 magno
960 933 1153 985 quodam
1184 946 1288 972 sene
1320 933 1437 982 dicit,
1460 935 1579 986 quod

114 1006 291 1057 quidam
327 1020 383 1046 ex
416 1006 629 1053 fratribus,
665 1021 764 1046 cum
798 1007 1080 1047 vehementer
1123 1012 1254 1046 noctu
1296 1006 1580 1059 phantasma-

112 1079 228 1119 tibus
251 1081 513 1132 quibusdam
538 1087 581 1120 et
608 1081 787 1133 spectris
814 1081 1093 1125 territaretur,
1118 1080 1284 1119 indicto
1313 1079 1373 1119 illi
1398 1079 1583 1132 jejuniO,

112 1160 154 1192 et
193 1159 239 1193 ut
275 1154 447 1194 cuidam
483 1161 651 1207 aegroto
686 1155 804 1195 fratri
841 1155 1119 1201 ministraret,
1151 1155 1301 1193 statim
1339 1154 1395 1193 ab
1429 1153 1578 1206 hujus-

112 1227 230 1266 modi
261 1242 359 1267 eum
387 1228 769 1280 phantasmatibus
798 1234 840 1268 et
867 1228 1049 1280 spectris
1081 1227 1339 1267 mirabiliter
1365 1227 1573 1268 liberavit.

112 1299 246 1352 Cujus
265 1302 322 1341 rei
339 1302 551 1342 rationem
569 1308 757 1354 rogatus,
776 1301 941 1341 “Nulla
956 1300 1075 1348 alia,''
1093 1301 1247 1353 inquit,
1266 1303 1350 1349 “re,
1368 1300 1576 1354 nulloque

111 1376 304 1415 remedio
341 1390 391 1416 ac
434 1377 726 1416 medicamine
760 1376 1011 1427 hujusmodi
1048 1376 1219 1415 vitiosae
1256 1375 1481 1427 passiones
1516 1376 1576 1415 ita

111 1448 236 1488 facile
258 1450 555 1503 extinguntur,
581 1457 626 1489 ut
661 1449 955 1489 misericordia
991 1450 1032 1488 in
1067 1449 1309 1501 proximos,
1333 1449 1576 1500 prcesertim

110 1523 333 1575 aegrotos.’'
399 1524 510 1563 Hzec
536 1524 576 1565 S.
605 1523 866 1564 Dorotheus

198 1597 338 1637 Sexta
379 1611 429 1638 ac
471 1604 693 1650 postrema
732 1597 897 1638 utilitas
940 1603 1016 1641 est,
1061 1597 1179 1648 quod
1227 1596 1310 1635 hoc
1352 1595 1581 1636 charitatis.

109 1670 298 1710 officium
341 1672 668 1724 compendiaria
705 1672 775 1710 via
812 1677 877 1710 est
920 1671 975 1710 ad
1011 1669 1253 1723 perfectam
1292 1670 1573 1709 sanctitatem

107 1749 241 1796 atque
274 1745 490 1785 virtutem.
568 1745 790 1785 Sanctitas
827 1745 943 1784 enim
979 1751 1073 1784 tum
1111 1743 1371 1782 humilitatis
1408 1743 1576 1782 exerci-

108 1818 285 1865 tatione,
319 1824 413 1858 tum
447 1819 757 1858 mandatorum
790 1819 1044 1870 operatione
1084 1816 1331 1869 perficitur:
1375 1817 1573 1869 operatio

106 1905 208 1932 vero
233 1893 540 1932 mandatorum
575 1894 616 1931 in
647 1892 896 1944 hujusmodi
928 1891 1154 1931 charitatis
1181 1896 1379 1930 versatur
1408 1890 1570 1930 officiis.

111 1967 305 2018 Ideoque
347 1972 390 2006 et
442 1968 484 2006 in
536 1966 602 2006 his
655 1967 931 2019 potissimum
986 1965 1176 2005 exerceri
1224 1964 1572 2004 Constitutiones

108 2046 267 2080 nos-trae
301 2054 379 2080 nos
407 2039 575 2091 jubent,
610 2054 708 2080 cum
742 2041 891 2080 aiunt:
926 2040 1236 2091 “Magnoperc
1268 2037 1447 2086 confert,
1482 2051 1574 2090 quo>

107 2114 149 2153 id
174 2113 262 2153 fieri
287 2120 443 2166 potest,
467 2128 517 2154 ea
547 2128 726 2154 munera
760 2114 891 2163 obire,
915 2114 957 2152 in
987 2113 1145 2165 quibus
1174 2113 1313 2164 magis
1341 2117 1571 2152 exercetur

105 2187 329 2228 humilitas
372 2194 414 2227 et
457 2187 699 2228 charitas.'''³
760 2188 900 2240 Atqui
944 2188 1032 2227 duo
1078 2186 1174 2226 haec
1217 2187 1259 2225 in
1303 2192 1571 2238 aegrotorum

106 2262 356 2311 ministerio,
399 2269 446 2302 ut
498 2276 628 2302 nemo
671 2276 756 2302 non
798 2262 930 2309 videt,
975 2261 1114 2301 multo
1162 2260 1301 2313 magis
1344 2273 1476 2312 quam
1522 2260 1565 2299 in

106 2337 273 2376 caeteris
295 2336 549 2376 muneribus
579 2343 848 2377 exercentur.
914 2335 1030 2376 Sane
1056 2336 1289 2388 plerosque
1315 2340 1567 2374 sanctorum

107 2408 290 2460 legimus
328 2410 394 2450 his
432 2410 658 2451 itineribus
696 2410 975 2464 perfectionis
1013 2410 1210 2462 attigisse
1248 2408 1486 2460 fastigium,
1525 2413 1569 2448 et

105 2482 205 2522 hinc
255 2485 498 2524 sanctitatis
549 2485 730 2524 duxisse
791 2485 1038 2538 primordia,
1093 2490 1138 2523 ut
1190 2483 1245 2523 de
1297 2482 1569 2522 Bernardino

105 2556 299 2605 Senensi,
345 2558 580 2598 Catharina
634 2559 830 2607 Senensi,
876 2558 1114 2599 Catharina
1157 2557 1389 2604 Genuensi,
1428 2562 1471 2595 et
1512 2555 1568 2594 de

106 2631 152 2669 Β.
180 2631 220 2670 Ρ.
247 2631 298 2670 N.
326 2631 499 2682 Ignatio
523 2638 566 2672 et
590 2632 631 2673 S.
658 2632 860 2682 Xaverio,
885 2632 1067 2685 aliisque
1090 2631 1223 2671 etiam
1246 2629 1569 2682 antiquioribus

105 2710 256 2745 notum
281 2712 354 2745 est.
403 2706 465 2746 Ut
488 2719 573 2746 non
596 2707 687 2746 sine
710 2720 841 2746 causa
862 2706 997 2746 videri
1022 2712 1168 2759 potest
1197 2703 1397 2757 Ignatius
1419 2708 1568 2743 noster

101 2777 289 2819 voluisse
320 2793 406 2829 eos,
429 2781 501 2832 qui
536 2781 577 2819 in
612 2780 844 2821 Societatis
876 2780 1074 2820 tirocinio
1102 2779 1355 2832 probantur,
1379 2775 1567 2830 publicis

481 2876 490 2895 ¹
517 2879 586 2909 Ser.
613 2887 658 2917 14.
841 2878 854 2897 ²
876 2886 895 2920 3
912 2889 980 2920 par.
1001 2888 1027 2909 c.
1054 2885 1080 2909 ι.
1101 2879 1116 2916 ἓ
1134 2885 1184 2908 22.
