1903 3197
186 143 277 200 708
509 139 591 186 De
622 139 815 186 ratione
847 137 1042 186 vivendi
1075 136 1338 184 Societatz's.

184 276 413 317 monachis
436 275 549 316 inter
565 289 677 328 opus
694 287 908 315 manuum
931 274 1170 323 Psalmum,
1185 274 1255 315 vel
1277 272 1444 326 aliquid
1467 286 1491 312 e
1514 271 1661 324 Scrip—

182 358 282 392 tura
301 351 436 393 Sacra
454 357 602 391 mente
620 365 670 391 ac
688 351 959 404 cogitatione
975 364 1149 391 versare
1167 365 1176 401 ;
1199 356 1247 391 ut
1269 349 1422 390 scribit
1441 348 1561 390 Cass.
1577 346 1602 387 l.
1623 357 1659 388 2.

186 428 292 468 Inst.
317 442 350 467 c.
381 439 432 478 14
454 432 497 467 et
526 435 587 478 15,
612 440 711 467 cum
742 427 797 467 de
827 440 1039 467 manuum
1072 441 1204 480 opere
1235 425 1440 479 loquitur.
1488 421 1657 477 “Quod

186 504 248 543 ita
271 502 490 556 explent‚''
514 502 667 554 inquit,
693 505 779 542 “ut
811 501 932 542 nulla
964 503 1077 543 inter
1108 516 1183 543 eos
1215 500 1526 542 sermocinatio
1558 512 1662 539 con-

187 579 352 619 feratur
373 593 381 628 ;
415 578 491 617 sed
525 578 586 617 sic
609 577 912 630 unusquisque
934 592 1045 631 opus
1069 577 1315 630 injunctum
1346 574 1593 628 exequitur,
1617 579 1666 614 ut

190 654 415 694 Psalmum
438 653 507 693 vel
542 652 817 706 Scripturam
850 653 1095 706 quamlibet
1117 652 1371 693 memoriter
1394 649 1665 692 recensendo

190 744 278 770 non
301 729 443 770 solum
468 728 782 781 conspirationi
813 728 973 776 noxiae,
996 727 1065 768 vel
1088 727 1281 768 consiliis
1303 727 1460 782 pravis,
1486 726 1563 767 sed
1587 739 1666 766 nec

190 806 344 846 otiosis
381 804 561 858 quidem
599 803 830 856 colloquiis
867 803 1003 844 ullam
1040 804 1228 857 copiam,
1264 802 1333 844 vel
1370 809 1548 856 tempus
1585 802 1665 841 im-

191 881 387 935 partiant
407 897 413 921 :
466 880 552 920 oris
594 880 766 932 pariter,
811 885 855 920 et
896 879 1041 920 cordis
1083 878 1228 919 officio
1278 879 1322 919 in
1377 877 1667 919 meditatione

189 956 354 1010 jugiter
375 953 615 1008 occupati.’'

283 1033 328 1073 B.
351 1031 489 1071 Isaias
513 1030 659 1079 etiam,
684 1030 758 1071 Or.
784 1042 798 1069 1
824 1047 831 1070 :
863 1030 975 1070 “Ad
1009 1044 1121 1084 opus
1153 1029 1406 1080 exeuntes‚'’
1430 1029 1583 1083 inquit,
1608 1030 1670 1069 “a

194 1108 376 1155 desidia,
401 1113 444 1147 et
478 1106 729 1159 arrogantia
761 1112 941 1155 cavete;
974 1112 1022 1146 ut
1045 1089 1347 1160 unusquisque
1379 1119 1479 1146 cum
1513 1105 1686 1145 timore-

196 1184 282 1224 Dei
306 1182 509 1223 attendat
533 1181 625 1230 sibi,
650 1188 693 1222 et
717 1182 836 1235 operi
860 1195 1074 1222 manuum
1105 1196 1295 1231 suarum,
1320 1188 1454 1235 atque
1486 1180 1674 1221 medita-

197 1259 319 1306 tioni,
344 1264 387 1298 et
410 1257 571 1297 animae
594 1271 685 1296 suae
709 1258 752 1296 in
776 1257 1075 1298 abscondito.''

288 1334 347 1374 Et
381 1334 426 1374 B.
454 1332 720 1373 Laurentius
752 1332 984 1384 Justinian.
1016 1333 1071 1373 de
1107 1333 1199 1373 Dis.
1229 1339 1273 1373 et
1306 1346 1393 1386 per.
1418 1332 1538 1372 Mon.
1566 1331 1674 1372 Con.

200 1425 233 1451 c.
259 1422 323 1450 21.
346 1423 385 1463 p.
415 1417 461 1460 55
485 1425 492 1449 z
526 1408 616 1448 “In
649 1407 934 1457 actionibus,'’
958 1408 1111 1462 inquit,
1138 1408 1380 1462 “prudenti
1413 1422 1459 1448 se
1491 1407 1675 1447 circum-

202 1486 428 1538 spectione
450 1483 703 1524 custodiant
723 1498 731 1533 ;
755 1497 857 1523 nam
877 1483 989 1524 solet
1007 1484 1229 1524 interdum
1252 1483 1295 1523 in
1319 1483 1485 1523 eisdem
1504 1482 1677 1522 animus

203 1560 430 1605 effraenari,
467 1564 511 1598 et
539 1558 716 1611 lingua:
752 1559 813 1599 ita
848 1563 896 1598 ut
929 1559 1094 1599 omissa
1123 1559 1243 1599 omni
1272 1558 1489 1612 gravitate
1524 1557 1678 1610 spiritu

202 1635 394 1676 levitatis
432 1640 552 1674 totus
589 1632 754 1673 feratur
790 1634 832 1673 in
870 1648 1096 1687 p1·aeceps;
1129 1633 1256 1674 facile
1288 1640 1380 1674 tum
1412 1632 1546 1673 verba
1579 1646 1679 1685 pro—

205 1712 405 1752 feruntur
437 1708 556 1748 nullo
590 1708 817 1761 sapientia:
851 1708 942 1749 sale
974 1709 1163 1753 condita.
1187 1723 1286 1761 quae
1311 1714 1354 1748 et
1380 1713 1523 1748 totam
1556 1707 1682 1748 dissi-

207 1792 316 1840 pant
332 1783 611 1824 dulcedinem
627 1782 888 1824 charitatis.''
920 1784 980 1823 Et
998 1797 1126 1824 mox:
1151 1784 1369 1838 “Semper
1385 1791 1600 1838 tanquam
1619 1783 1683 1823 in-

209 1861 428 1902 domitum
452 1858 617 1899 animal
640 1858 939 1911 gubernaculo
958 1859 1126 1911 indiget
1145 1859 1310 1900 scilicet
1327 1859 1490 1912 lingua,
1510 1873 1685 1913 semper

209 1935 453 1977 coercenda
486 1940 552 1974 est
584 1933 666 1973 sub
700 1934 884 1987 imperio
918 1934 1109 1983 rationis,
1133 1939 1177 1974 et
1205 1935 1513 1987 potentissime
1539 1935 1583 1975 in
1607 1949 1686 1974 ex-

211 2011 443 2053 terioribus
467 2009 726 2057 actionibus,
743 2009 786 2048 in
804 2009 964 2062 quibus
986 2015 1034 2050 ut
1057 2009 1294 2062 plurimum
1319 2009 1479 2050 silentii
1498 2009 1688 2050 claustra

211 2087 452 2138 irrumpere
494 2090 678 2124 conatur
700 2099 707 2133 ;
745 2098 844 2137 quae
887 2084 921 2124 si
964 2083 1185 2125 licentiam
1223 2083 1436 2133 habuerit,
1470 2084 1688 2124 interioris

213 2161 405 2201 hominis
428 2159 652 2211 extinguit
674 2158 966 2199 dulcedinem.
1027 2159 1135 2199 Ideo
1158 2159 1201 2199 in
1225 2159 1387 2200 sanctis
1410 2159 1689 2212 cogitationi-

214 2238 296 2277 bus
319 2235 577 2288 occupanda
599 2248 724 2274 mens
747 2241 823 2281 est,
848 2248 947 2275 cum
971 2234 1198 2287 corporale
1222 2234 1270 2275 fit
1292 2249 1403 2288 opus
1422 2250 1430 2284 ;
1458 2240 1507 2274 ut
1528 2235 1691 2288 pariter

217 2311 370 2359 cordis,
395 2316 439 2351 et
460 2310 655 2363 corporis
678 2316 853 2361 gratum
878 2309 1114 2349 Altissimo
1140 2310 1349 2350 offeratur
1370 2309 1688 2350 holocaustum.

219 2386 353 2441 Quod
377 2387 411 2425 si
433 2385 516 2425 hoc
539 2384 631 2425 fieri
651 2384 813 2437 nequit,
833 2384 1015 2425 verbum
1039 2385 1353 2437 pronuncietur
1375 2384 1691 2432 aedificationis,

219 2462 288 2503 vel
309 2460 472 2501 vocalis
496 2459 652 2500 saltem
677 2473 764 2499 non
787 2459 1014 2500 deseratur
1042 2460 1182 2500 oratio
1203 2474 1210 2509 ;
1234 2465 1281 2499 ut
1306 2460 1528 2500 Dominus
1551 2459 1694 2513 dupli-

219 2538 327 2578 citer
349 2533 586 2576 laudetur.”

309 2610 461 2651 Tertio
483 2624 491 2660 ;
522 2616 616 2650 tum
641 2609 773 2649 etiam
798 2616 863 2649 est
886 2608 1171 2661 injiciendum
1195 2609 1393 2659 fraenum,
1421 2623 1522 2649 cum
1541 2609 1692 2661 jucun-

223 2686 350 2726 ditati
385 2699 465 2725 nos
488 2684 656 2732 damus,
681 2684 771 2723 sive
800 2698 850 2723 ea
878 2684 1078 2724 convivio
1101 2684 1329 2737 epulisque
1351 2689 1584 2737 quaeratur,
1609 2683 1698 2722 sive

226 2758 565 2805 confabulando,
591 2772 641 2798 ac
663 2757 968 2810 colloquendo,
994 2759 1085 2798 sive
1107 2759 1241 2798 etiam
1265 2758 1542 2799 colludendo.

317 2834 461 2880 Ratio,
502 2834 605 2885 quia
643 2846 766 2873 mens
804 2833 975 2873 intenta
1012 2832 1179 2873 laetitiae
1216 2847 1267 2873 ac
1303 2833 1521 2886 voluptati
1556 2832 1700 2872 minus

230 2907 432 2957 attendit,
456 2908 761 2960 ponderatque
794 2921 893 2960 quae
926 2907 1187 2961 proferenda
1217 2914 1319 2949 sunt
1341 2908 1482 2949 verba.
1547 2907 1701 2960 Atque
