1903 3197
296 185 385 242 382
623 183 701 227 Dc
733 183 922 228 ratione
956 184 1149 230 vivendi
1181 184 1443 231 Socz'etalz'S.

291 315 444 367 inquit,
470 314 751 353 “Dominum
788 314 951 354 bibisse
983 315 1302 365 existimamus,
1334 329 1434 356 cum
1467 321 1648 368 propter
1681 331 1761 358 nos

290 387 426 427 homo
461 388 600 426 factus
640 387 731 426 est!
795 387 926 427 Adeo
963 401 1017 428 ne
1060 389 1371 441 imprudenter,
1411 394 1459 428 ut
1495 389 1609 429 nos?
1683 390 1760 431 An

292 475 380 501 non
407 461 591 500 honeste
615 474 664 500 ac
688 466 941 513 temperate,
963 475 1018 501 an
1041 475 1127 501 non
1150 462 1424 501 considerate
1442 461 1456 501 ?
1473 461 1492 476 ’²
1556 463 1758 503 Eandem

290 534 539 574 interiorem
572 534 835 573 modestiam
868 540 1001 586 atque
1033 535 1282 574 decentiam
1318 534 1582 587 significavit
1615 536 1759 576 Doro-

288 608 436 648 theus:
475 611 494 626 “
515 608 746 655 Comede,'⁷
772 609 924 660 inquit,
951 611 1031 648 “et
1063 609 1174 658 bibe,
1204 615 1252 648 ut
1283 608 1409 648 decet
1439 622 1584 649 servos
1615 608 1761 651 Dei.''1

289 682 491 722 Eandem
530 683 653 722 isaac
690 682 854 733 Syrus:
889 682 1041 722 “Cum
1077 682 1316 722 sobrietate
1351 682 1534 721 comede
1567 688 1610 722 et
1644 683 1757 732 bibe,

286 756 399 796 sicut
429 756 554 796 dccet
593 755 701 794 filios
736 754 880 794 Dei.’'2
943 755 1144 795 Eandem
1183 756 1226 794 in
1264 769 1342 795 suo
1382 755 1572 808 Speculo
1613 756 1759 810 Bona-

286 836 496 870 ventura:
530 836 548 847 “
570 829 788 869 Studeant
826 829 868 867 in
904 828 1001 867 cibo
1036 835 1079 868 et
1113 835 1219 881 potu
1256 829 1539 869 sobrietatem
1572 843 1754 879 servare,

288 904 399 943 sicut
437 905 546 942 servi
589 903 684 949 Dei,
728 908 770 941 et
808 901 1006 953 religiose
1043 902 1273 941 viventes.'⁷
1352 903 1589 942 Praesentia
1627 903 1759 955 igitur

289 978 436 1017 Divini
472 982 731 1028 conspectus
766 975 1003 1026 plurimum
1030 975 1147 1014 valet
1178 976 1233 1014 ad
1266 975 1554 1015 obtinendam
1589 977 1631 1015 in
1661 991 1758 1017 ves-

286 1052 427 1091 cendo
472 1049 745 1093 modestiam,
785 1048 1045 1097 decentiam,
1090 1048 1402 1098 sobrietatem;
1457 1055 1505 1088 ut
1547 1050 1620 1101 qui
1659 1063 1755 1089 eam

286 1131 390 1164 ante
432 1124 580 1163 oculos
628 1123 708 1162 sibi
761 1128 1023 1175 proponunt,
1067 1136 1190 1161 orare
1241 1122 1387 1180 potius
1439 1123 1553 1162 inter
1603 1123 1755 1175 epulas

286 1205 426 1251 putes,
455 1211 587 1249 quam
622 1210 828 1243 comesse,
860 1202 983 1236 tanta
1021 1210 1066 1235 se
1106 1196 1323 1235 modestia
1355 1201 1487 1248 atque
1523 1195 1756 1237 honestate

286 1271 497 1311 reficiunt.
563 1271 619 1310 lit
652 1270 745 1317 hoc,
777 1270 811 1309 si
843 1283 994 1309 verum
1030 1270 1278 1322 qucerimus,
1313 1276 1379 1309 est
1411 1270 1677 1310 manducare
1712 1277 1755 1311 et

287 1345 437 1385 bibere
475 1344 530 1383 ad
573 1344 756 1396 glorium
802 1344 896 1392 Dei,
928 1343 1047 1395 quod
1092 1343 1251 1383 Paulus
1288 1344 1513 1396 praecipit3
1555 1344 1638 1384 hoc
1677 1349 1753 1393 est,

286 1418 364 1458 tali
407 1418 564 1457 affectu
609 1418 755 1466 animi,
799 1423 846 1456 ut
888 1418 948 1456 ait
992 1415 1226 1457 Basilius:3
1270 1416 1419 1469 “Quae
1463 1430 1519 1456 εΧ
1562 1417 1754 1469 corporis

286 1505 463 1544 quoque
506 1491 807 1530 testimonium
850 1491 1011 1530 habeat
1048 1491 1166 1543 quod
1204 1504 1291 1530 non
1329 1490 1602 1543 negligenter
1639 1491 1752 1540 edat,

1215 1564 1220 1579 ἲ

288 1566 365 1605 sed
408 1572 620 1617 tanquam
665 1565 744 1604 sub
794 1566 1040 1616 inspectore
1087 1563 1208 1604 Deo.'
1283 1564 1415 1604 Tanti
1458 1569 1604 1603 autem
1650 1563 1754 1604 facit

289 1639 335 1679 B.
362 1639 546 1678 Basilius
585 1639 697 1677 lianc
739 1639 781 1677 in
825 1651 976 1677 mensa
1010 1638 1257 1678 decentiam
1300 1644 1433 1690 atque
1475 1638 1752 1686 modestiam,

288 1720 337 1753 ut
374 1714 447 1765 qui
486 1713 746 1751 immodeste
790 1718 832 1751 et
874 1712 1059 1764 turpiter
1099 1712 1302 1760 comedit,
1342 1725 1442 1751 eum
1485 1712 1604 1751 abire
1646 1711 1756 1752 nolit

289 1787 478 1839 impune.
545 1788 616 1826 sic
655 1787 770 1824 enim
806 1786 964 1824 scribit.
1029 1785 1338 1824 “Immodeste
1371 1785 1466 1836 quis
1498 1791 1542 1825 et
1573 1785 1758 1838 turpiter

289 1860 512 1900 comedit?
590 1860 810 1911 Tempore
853 1859 1110 1906 refectionis,
1144 1859 1241 1898 cibo
1284 1858 1531 1911 prohibitus
1572 1864 1756 1911 cogatur

289 1934 399 1974 alios
431 1936 538 1974 scite
574 1940 797 1973 vescentes
833 1934 1039 1982 contueri,
1079 1939 1127 1972 ut
1162 1938 1205 1972 et
1239 1933 1507 1972 abstinentia
1539 1933 1755 1985 puniatur,

290 2015 333 2048 et
365 2010 627 2061 gravitatem
662 2007 861 2048 <ti-scats*
922 2007 1074 2059 Atque
1111 2006 1205 2046 haec
1242 2007 1420 2046 demum
1459 2012 1524 2046 est
1555 2006 1756 2059 religiosa

291 2083 552 2122 comedendi
589 2083 707 2121 ratis.

591 2288 616 2339 {⁷}
651 2295 812 2324 2.—m‹:
845 2294 1216 2324 BENEDICTIONE
1249 2293 1437 2324 MENSAE.

380 2385 587 2436 Sequitur
642 2384 837 2432 alterum,
888 2383 1006 2434 quod
1059 2397 1082 2422 e
1132 2382 1269 2422 tribus
1320 2382 1595 2435 propositum
1648 2387 1751 2430 erat,

289 2460 540 2500 benedieti-1>
574 2458 775 2508 ostioque
812 2457 1061 2509 gratiarum,
1096 2469 1228 2508 quam
1265 2457 1321 2496 ad
1364 2456 1551 2496 eandem
1590 2469 1752 2495 mensae

291 2532 566 2584 disciplinam
614 2531 882 2570 Constitutio
924 2530 1112 2581 requirit,
1157 2529 1280 2581 cujus
1321 2530 1416 2569 haec
1456 2536 1557 2570 sunt
1593 2529 1754 2570 verba:

290 2607 628 2645 “Przemittatizr
680 2604 939 2651 benedictio,
989 2609 1032 2643 et
1078 2609 1286 2655 sequatur
1336 2604 1450 2644 actio
1501 2604 1752 2656 gratiarum,

293 2693 400 2732 quas
434 2693 586 2718 omncs
620 2692 747 2730 agore
779 2677 942 2716 debent
974 2691 1073 2716 cum
1106 2691 1167 2727 ea,
1191 2691 1278 2729 qua
1309 2691 1388 2730 par
1419 2683 1496 2726 est,
1520 2677 1753 2717 devotione

291 2759 334 2794 et
358 2752 633 2793 reverentia?
700 2751 871 2803 Quibus
893 2751 1046 2800 verbis,
1078 2758 1121 2791 et
1142 2758 1290 2804 gratos
1320 2765 1399 2791 nos
1422 2766 1515 2792 esse
1544 2752 1755 2792 admonet

356 2858 365 2877 Ἰ
394 2860 463 2890 Ser.
485 2868 536 2897 24..
673 2857 685 2874 '³
711 2858 761 2888 De
787 2858 975 2897 Contempt.
998 2857 1113 2888 Mund.
1250 2856 1263 2875 ³
1288 2858 1328 2888 In
1353 2857 1434 2898 Reg.
1455 2858 1544 2888 brev.
1565 2867 1596 2898 q.
1621 2857 1690 2896 196.

857 2907 870 2926 ⁴
896 2908 935 2938 In
960 2909 1069 2939 Ascet.
1092 2918 1117 2939 c.
1139 2914 1187 2948 15.
