1903 3197
357 164 436 209 De
468 162 623 208 πίνακα
658 161 871 222 corporis
904 159 1235 206 sollicitudine.
1439 170 1529 217 395

394 459 454 495 IN
494 456 774 495 REGULAM
813 455 1108 493 SUMMARH
1151 456 1211 500 46.

158 563 228 603 De
250 562 520 615 amputanda
543 559 676 599 nimia
698 557 991 598 sollicitudine
1023 557 1066 597 in
1099 557 1149 596 iis
1173 571 1272 609 quae
1295 556 1352 596 ad
1374 571 1531 610 corpus

66 637 297 690 pertinent.
343 636 554 675 Dicamus
586 633 717 685 igitur
750 632 805 672 de
832 631 1008 679 tuenda,
1038 637 1132 671 tum
1156 630 1210 670 de
1233 629 1530 682 recuperanda

66 710 317 751 valetudine
352 722 451 749 cum
494 708 656 748 amissa
690 706 830 746 fuerit.
893 705 969 745 Ad
1008 719 1105 745 eam
1139 705 1352 745 tuendam
1389 703 1534 744 valere

67 784 274 833 diximus,
291 783 493 836 primum,
513 780 704 821 indicare
726 780 777 820 iis
800 780 873 832 qui
896 785 1092 832 praesunt
1114 779 1396 818 necessitates
1419 791 1531 827 suas,

68 864 112 899 et
140 857 223 898 hoc
254 856 464 897 contineri
496 854 822 896 Constitutione
844 854 901 905 46
931 853 1182 901 Summarii,
1207 852 1330 905 cujus
1360 852 1534 892 initium

69 937 161 972 est:
194 931 295 972 “Ut
326 930 462 971 nimia
492 928 741 969 sollicitudo
774 929 817 968 in
847 928 898 968 iis
931 941 1029 980 quae
1065 927 1121 967 ad
1159 940 1315 979 corpus
1348 926 1539 978 pertinet

71 1004 420 1058 reprehensibilis
451 1009 527 1053 est,
551 1002 655 1043 etc.'’
721 1002 810 1044 Sed
841 1001 1049 1054 quoniam
1081 1000 1207 1040 multi
1240 999 1295 1040 de
1326 1001 1415 1039 suis
1446 1012 1539 1039 cor-

70 1079 249 1132 poribus
272 1079 456 1118 nimium
479 1090 596 1130 saepe
619 1075 791 1116 solliciti
824 1081 936 1124 sunt,
961 1081 1113 1115 contra
1134 1088 1236 1114 vero
1259 1073 1329 1113 alii
1354 1073 1537 1113 nimium

72 1167 120 1194 se
161 1153 242 1206 ipsi
285 1152 523 1204 negligunt,
557 1156 601 1190 et
642 1164 720 1190 sua
761 1163 945 1202 corpora
975 1148 1101 1202 pejus
1142 1149 1362 1201 accipiunt
1403 1161 1538 1200 quam

74 1227 208 1266 divini
251 1225 487 1266 famulatus
524 1225 634 1265 ratio
672 1224 809 1274 ferat;
844 1223 1124 1271 Constitutio‚
1164 1227 1212 1262 ut
1246 1227 1455 1274 utrosque
1497 1221 1540 1260 in

73 1300 249 1341 tuendis
281 1299 535 1352 corporibus
568 1298 656 1337 suis
688 1303 836 1337 tenere
868 1297 1050 1337 modum
1084 1295 1252 1344 doceat,
1284 1296 1539 1348 priusquam

74 1375 130 1415 ad
162 1374 313 1414 tuendi
346 1373 538 1413 remedia
570 1371 822 1421 descendat,
846 1372 934 1411 duo
960 1370 1056 1410 haec
1085 1375 1288 1410 extrema
1319 1369 1542 1421 redarguit

75 1447 427 1495 sollicitudinem,
452 1452 495 1487 et
523 1445 848 1498 negligentiam.
890 1445 1009 1496 Ergo
1032 1449 1076 1483 et
1098 1457 1178 1483 nos
1202 1442 1542 1484 Constitutionis

74 1521 272 1575 partibus
315 1520 588 1574 explicandis
633 1519 822 1559 eundem
865 1531 1099 1571 sequemur
1143 1516 1353 1565 ordinem,
1397 1521 1440 1555 et
1487 1521 1541 1564 10,

76 1596 131 1636 de
153 1596 288 1636 nimia
317 1595 508 1647 corporis
530 1593 822 1634 sollicitudine
843 1606 852 1642 ;
887 1598 944 1642 20,
968 1593 1023 1632 de
1046 1591 1274 1631 moderata
1296 1590 1389 1643 ejus
1411 1604 1540 1640 cura;

80 1676 135 1721 30,
159 1670 214 1710 de
242 1669 482 1710 moderatae
512 1682 627 1708 curae
660 1667 807 1720 signis,
832 1667 991 1719 quibus
1023 1667 1214 1719 primum
1245 1665 1328 1705 hoc
1351 1665 1544 1718 corporis

79 1743 231 1783 tuendi
254 1743 495 1783 remedium
518 1742 776 1790 continetur,
799 1754 990 1793 agemus.

254 1963 280 2019 ἓ
319 1974 477 2005 1.-—DE
510 1973 661 2003 NIMIA
693 1972 931 2004 CORPORIS
970 1970 1368 2002 SOLLICITUDINE.

170 2074 274 2113 Duo
302 2072 494 2113 videnda
523 2077 653 2112 sunt:
696 2071 903 2120 Primum,
937 2083 1013 2109 cur
1048 2070 1183 2109 nimia
1219 2068 1411 2121 corporis
1443 2081 1546 2108 cura

84 2145 435 2200 reprehensibilis
477 2145 562 2194 sit;
605 2144 776 2193 deinde,
819 2144 979 2196 quibus
1020 2143 1062 2182 in
1105 2143 1234 2183 rebus
1274 2141 1369 2182 haec
1411 2141 1548 2181 nimia

83 2234 186 2261 cura
217 2226 420 2260 versetur.

166 2294 315 2334 Nimia
329 2307 431 2334 cura
446 2291 797 2346 reprehensibilis
812 2296 878 2331 est
892 2291 1087 2344 quinque
1101 2290 1155 2330 de
1170 2291 1321 2330 causis.
1350 2290 1547 2330 Primum

84 2368 274 2422 quidem,
299 2368 401 2421 quia
435 2374 500 2408 est
534 2367 590 2406 de
622 2366 883 2419 ignobiliore
911 2366 1113 2418 portione
1141 2365 1343 2416 hominis,
1366 2364 1450 2404 hoc
1482 2369 1550 2404 est

85 2443 141 2482 de
162 2455 353 2494 corpore,
377 2441 496 2493 quod
519 2440 734 2480 habemus
756 2453 991 2480 commune
1022 2452 1123 2479 cum
1155 2439 1318 2488 bestiis,
1341 2438 1550 2490 quodque

85 2520 152 2556 est
188 2515 275 2555 cito
312 2514 659 2567 relinquendum.
724 2514 842 2554 Nam
880 2526 1017 2566 quum
1055 2512 1181 2553 nobis
1218 2518 1285 2552 est
1316 2524 1550 2552 commune

86 2602 187 2629 cum
219 2588 381 2638 bestiis,
404 2603 492 2629 non
524 2589 658 2629 modo
690 2588 827 2628 nimia
857 2601 959 2628 cura
990 2588 1228 2627 fovendum
1254 2600 1342 2627 non
1374 2591 1451 2635 est,
1473 2585 1551 2625 se'd

87 2662 235 2716 potius
256 2668 485 2715 tamquam
507 2662 648 2702 bestia
669 2661 819 2714 aliqua
840 2661 1140 2701 coercendum.
1186 2660 1398 2700 Basilius:
1432 2661 1453 2679 “
1469 2658 1553 2698 Est

88 2741 232 2776 totum
264 2735 457 2788 corpus‚”
482 2735 634 2787 inquit,
660 2734 1003 2788 “castigandum
1035 2734 1177 2787 magis
1203 2747 1254 2773 ac
1285 2732 1387 2772 ferae
1408 2731 1552 2784 cujus-

90 2810 193 2850 dam
221 2810 356 2850 instar
381 2806 732 2850 cohibendum.'’1
793 2808 926 2862 Quod
956 2808 1139 2861 quidem
1167 2806 1379 2846 Basilium
1408 2806 1552 2859 ipsum

622 2897 635 2916 ²
659 2898 713 2930 De
735 2897 798 2939 leg.
819 2897 874 2930 lib.
897 2897 1019 2930 Gentil.
