1903 3197
226 140 315 184 302
546 126 625 171 De
660 127 851 173 ratione
884 127 1076 173 vivendi
1109 127 1371 175 Socz'etatz's.

220 256 302 297 illis
329 257 550 310 repurgari
579 258 809 307 desiderat,
841 259 1005 311 primas
1038 260 1232 312 ipsorum
1264 273 1419 300 causas
1452 261 1686 314 extirpare.

223 330 269 370 Si
304 331 401 382 quis
434 345 468 369 v.
494 344 531 383 g.
557 332 888 372 contentionem
924 340 967 373 et
1003 334 1213 373 invidiam
1256 347 1449 373 resecare
1491 333 1689 375 funditus

220 403 335 451 velit,
379 410 580 456 amputet
622 404 716 456 ejus
758 406 962 455 radicem,
1006 407 1181 446 inanem
1225 407 1422 458 gloriam,
1477 421 1579 447 nam
1631 422 1688 448 ex

221 477 462 528 cupiditate
516 477 655 517 inanis
706 479 857 531 gloriae
909 480 1106 520 oriuntur
1157 480 1265 530 illa3
1318 480 1378 520 sic
1430 481 1472 519 in
1524 481 1692 521 caeteris

221 548 534 589 faciendum.⁷’1
598 552 749 591 Inanis
780 559 928 592 autem
958 553 1108 605 gloriae
1142 553 1362 606 cupiditas
1394 554 1591 594 sananda
1624 559 1691 595 est

219 624 479 664 humilitatis
521 626 668 665 studio
709 633 843 678 atque
893 628 1220 677 exercitatione,
1265 635 1312 668 ut
1366 642 1422 668 ex
1476 630 1692 670 contrario

221 697 510 738 admoveatur
560 701 738 739 curatio.
834 701 1108 741 Exercitatio
1169 715 1272 741 vero
1334 702 1595 742 humilitatis
1647 702 1690 743 in

221 771 350 811 rebus
387 772 552 812 scilicet
588 773 757 821 vilibus,
797 780 930 826 atque
969 776 1028 814 ita
1066 775 1250 815 affectus
1289 775 1371 815 iste
1407 777 1689 816 coenodoxiae

221 852 404 885 curatur.
490 846 562 884 Ex
606 860 693 898 quo
725 846 774 886 fit
818 853 865 887 ut
908 861 995 887 non
1047 848 1237 901 amplius
1279 855 1355 889 aut
1398 850 1570 896 invidia,
1616 856 1694 890 aut

220 919 445 957 contentio
480 919 615 957 semel
651 925 883 971 amputata
918 920 1192 972 repullulent.

308 991 523 1043 Quintum
559 992 713 1031 vitium
752 993 911 1033 accidit
950 995 1083 1033 etiam
1123 1008 1180 1034 ex
1216 995 1370 1047 quinto
1402 996 1557 1048 capite,
1590 997 1693 1048 quia

220 1064 262 1102 in
286 1064 462 1103 statutis
486 1065 644 1104 nostris
667 1065 941 1118 decretisque
966 1066 1188 1115 faciendis,
1212 1067 1337 1120 plura
1360 1068 1695 1120 complectimur

222 1150 354 1189 quam
373 1137 528 1176 virium
548 1144 795 1178 nostrarum
812 1140 1092 1180 imbecillitas
1110 1140 1230 1188 ferat,
1249 1141 1389 1181 multa
1403 1142 1692 1192 decernimus,

221 1215 265 1249 ct
294 1209 423 1250 nullis
456 1211 641 1250 decretis
677 1212 1047 1265 obtemperamus.
1113 1214 1225 1254 Cum
1259 1214 1408 1255 multis
1435 1215 1549 1255 vitiis
1578 1215 1693 1256 bella

221 1284 493 1336 suscipimus,
518 1291 561 1324 et
585 1285 752 1324 nullum
785 1300 1104 1338 expugnamus.
1172 1287 1333 1327 Melius
1366 1294 1515 1328 autem
1547 1288 1694 1328 nobis-

219 1371 319 1396 cum
343 1364 554 1409 ageretur,
580 1359 614 1398 si
644 1373 785 1411 pauca
814 1365 1119 1409 statueremus,
1144 1367 1188 1401 et
1217 1375 1316 1413 quae
1344 1366 1511 1401 statuta
1533 1368 1691 1411 essent,

220 1430 408 1470 fideliter
444 1438 683 1484 sancteque
720 1446 1002 1473 servaremus.
1086 1433 1317 1474 Adversus
1356 1449 1490 1474 unum
1523 1435 1691 1484 vitium,

221 1516 309 1555 quo
342 1505 537 1544 maxime
571 1505 833 1555 laboramus,
859 1507 1148 1558 arriperemus
1182 1508 1424 1560 principale
1456 1513 1690 1556 certamen,

221 1583 264 1616 et
285 1584 436 1617 contra
466 1577 571 1617 illud
605 1580 835 1632 praecipue,
861 1581 1029 1620 cunctis
1053 1582 1302 1629 momentis,
1328 1587 1486 1621 cuncta
1515 1581 1692 1633 spiritus

221 1664 345 1690 arma
377 1652 791 1693 com1nove1·emus.2
836 1654 887 1692 Id
919 1654 1039 1705 quod
1070 1669 1127 1694 ex
1159 1654 1372 1695 Cassiano
1399 1655 1493 1706 jam
1524 1655 1696 1694 monui-

220 1737 328 1772 mus,
354 1730 396 1763 et
429 1724 650 1765 Climacus
685 1726 751 1765 his
783 1727 925 1766 verbis
958 1728 1113 1767 docet:
1147 1727 1272 1780 “Qui
1304 1741 1350 1768 se
1379 1741 1466 1767 uno
1498 1728 1692 1779 quodam

219 1798 326 1837 vitio
361 1799 551 1850 amplius
589 1800 730 1851 urgeri
769 1800 995 1852 conspicit,
1029 1801 1064 1840 is
1098 1807 1253 1841 contra
1291 1801 1435 1854 ipsum
1473 1808 1517 1841 et
1552 1801 1692 1842 solum

219 1877 322 1911 ante
355 1872 501 1911 omnia
532 1873 724 1925 seipsum
756 1879 907 1923 armet,
932 1881 975 1914 et
1005 1876 1202 1915 maxime
1227 1875 1261 1914 si
1290 1875 1430 1915 hostis
1460 1876 1693 1916 intestinus

215 1943 331 1984 sit.'’3
384 1945 479 1985 Nisi
510 1947 625 1986 enim
654 1947 735 1987 iste
764 1947 1024 2000 proffigatus
1056 1947 1194 1997 fuerit,
1215 1949 1321 1988 nihil
1352 1950 1478 1989 nobis
1502 1950 1690 2002 reliquos

217 2018 371 2058 vicisse
402 2021 605 2071 proderit.
672 2022 730 2061 Et
764 2021 806 2060 in
828 2021 943 2062 Vitis
983 2022 1162 2062 Pati-um
1202 2023 1371 2073 dicitur,
1405 2029 1583 2076 rogatus
1615 2024 1693 2063 ali-

219 2092 398 2143 quando
420 2093 484 2132 vir
506 2100 682 2133 sanctus
705 2108 731 2133 a
754 2093 895 2143 fratre,
917 2094 1036 2147 Quid
1068 2096 1156 2136 suis
1179 2097 1521 2149 cogitationibus
1544 2095 1694 2137 multis

218 2170 263 2205 et
291 2166 568 2217 permolestis
602 2167 796 2207 faceret?
833 2169 1130 2220 respondisse:
1164 2170 1306 2210 “Non
1342 2184 1560 2223 repugnas
1594 2183 1696 2210 con-

217 2242 285 2277 tra
328 2252 492 2287 omnes,
538 2241 613 2279 sed
666 2248 820 2281 contra
865 2255 997 2281 unam
1053 2243 1322 2293 dumtaxat;
1372 2257 1526 2284 omnes
1577 2244 1692 2283 enim

219 2310 537 2351 monachorum
572 2314 863 2365 cogitationes
902 2315 1078 2363 unum,”
1109 2317 1262 2367 inquit,
1284 2322 1456 2370 “caput
1491 2317 1695 2358 habent.”

220 2382 407 2424 Praestat
460 2385 592 2438 igitur
644 2387 932 2436 considerare,
977 2388 1181 2441 primum,
1225 2389 1367 2442 qualis
1417 2390 1491 2430 illa
1539 2391 1606 2440 sit,
1651 2396 1695 2430 et

220 2455 429 2496 adversus
466 2471 564 2497 eam
603 2459 727 2499 reniti
770 2474 820 2501 ac
865 2460 1066 2501 reluctari
1101 2468 1161 2511 ut,
1196 2475 1247 2502 ea
1289 2462 1493 2512 abscissa,
1529 2462 1695 2516 reliqua

222 2540 301 2568 sua
333 2535 492 2581 sponte
524 2532 758 2573 concidant
790 2538 833 2573 et
865 2540 1141 2575 evanescant.

309 2601 499 2643 Sextum
515 2604 669 2644 vitium
694 2605 737 2644 in
761 2607 969 2647 examine
993 2608 1172 2660 ponitur
1189 2623 1246 2648 ex
1265 2609 1424 2649 eodem
1443 2610 1575 2650 etiam
1595 2610 1694 2649 oriri

218 2674 374 2728 capite,
408 2676 480 2717 ubi
514 2677 672 2718 dicitur
706 2681 1042 2732 proponendam
1076 2695 1171 2722 esse
1202 2683 1559 2723 emendationem
1592 2695 1691 2723 cum

220 2747 305 2789 Dei
342 2750 510 2802 gratia;
555 2751 681 2792 multi
721 2753 837 2793 enim
876 2753 1086 2795 deficiunt
1122 2756 1180 2796 ab
1218 2756 1301 2797 hac
1334 2770 1424 2810 spe,
1455 2757 1693 2809 animoque

344 2835 358 2879 „²
382 2838 423 2870 In
440 2839 522 2880 Reg.
544 2840 634 2875 brev.
655 2841 696 2882 Q.
717 2840 791 2883 289.
927 2841 941 2861 ²
966 2843 1050 2876 Coll.
1073 2850 1102 2885 5.
1123 2854 1150 2877 c.
1175 2853 1223 2886 14.
1358 2843 1373 2865 ³
1398 2845 1498 2878 Grad.
1522 2853 1570 2886 13,
