1903 3197
375 168 454 213 De
485 167 661 214 studiis
695 165 865 212 mentis
901 166 1318 228 interrumpendzk.
1475 181 1572 225 439

97 315 156 342 ,ac
197 300 383 341 libenter
427 298 756 352 amplectamur.
821 297 1065 345 “Idcirco,’'
1099 298 1250 350 inquit,
1285 301 1348 337 “a
1384 298 1574 350 pruden-

107 375 225 415 tibus
277 380 411 426 atque
465 372 679 426 perfectis,
721 385 820 411 cum
874 372 1162 411 intercesserit
1205 372 1385 411 fratrum
1439 373 1573 411 etiam

107 448 259 489 crebra
289 448 494 495 visitatio,
518 460 605 486 non
635 445 777 485 solum
810 444 1038 484 toleranda
1067 445 1295 496 patienter,
1328 445 1404 484 sed
1440 445 1573 485 etiam

109 527 336 574 gratanter
364 526 430 560 est
458 517 801 572 amplectenda.’'
865 517 1048 570 Optima
1077 517 1273 570 profecto
1300 518 1571 570 temperatio.

111 595 207 636 Nec
245 596 360 635 enim
403 595 496 634 sine
533 594 690 633 divinae
727 591 1014 645 providentiae
1052 591 1232 631 consilio
1269 598 1572 643 comparatum

108 669 290 719 videtur,
342 674 391 708 ut
442 667 660 707 interdum
711 667 767 706 ab
814 666 1181 706 interventoribus
1234 665 1572 718 interpellemur,

98 757 166 783 *ne
201 742 366 782 scilicet
401 741 538 780 nimia
579 741 764 780 intentio
806 740 965 779 mentis
1003 739 1046 778 in
1084 739 1380 791 spiritualibus
1417 738 1574 779 studiis

96 821 185 857 aaut
224 815 524 856 valetudinem
566 814 750 866 frangat,
788 820 863 854 aut
899 813 1079 853 taedium
1124 819 1168 853 et
1209 813 1574 866 defatigationem

108 890 256 930 animo
299 888 463 929 afferat.
546 886 764 940 Quocirca
809 887 1030 940 geminam
1077 886 1206 938 hujus
1248 887 1576 939 interruptionis

97 963 356 1013 utilitatem,
394 963 440 1011 is,
479 975 610 1014 quem
650 962 757 1010 dixi,
796 961 933 1001 abbas
970 961 1185 1009 observat,
1221 960 1416 1010 alteram,
1455 960 1574 1012 quod

108 1037 324 1078 avidiores
378 1050 457 1076 nos
504 1036 608 1076 facit
655 1035 890 1088 spiritualis
937 1035 1265 1074 exercitationis
1313 1040 1474 1074 nostrae
1524 1047 1575 1073 ac

109 1110 383 1159 solitudinis;
436 1109 632 1157 alteram,
683 1109 802 1161 quod
855 1108 1160 1148 necessitatem
1214 1107 1433 1147 reficiendi
1484 1121 1577 1147 cor-

100 1182 277 1236 pusculi
319 1195 418 1222 cum
461 1182 602 1222 fructu
655 1182 943 1221 humanitatis
996 1180 1205 1233 indulget.
1288 1180 1390 1232 Qua
1431 1195 1488 1221 ex
1532 1193 1577 1220 re

110 1255 280 1310 majora
313 1256 439 1296 nobis
474 1256 691 1295 accedunt
727 1256 844 1304 bora,
877 1268 1010 1307 quam
1048 1268 1148 1307 quae
1184 1268 1261 1307 per
1297 1254 1576 1294 abstinentiae

109 1329 414 1382 fatigationem
453 1329 627 1369 fuerant
656 1328 950 1381 acquirenda:
987 1329 1197 1380 supponit
1231 1334 1379 1368 autem
1414 1328 1577 1368 saluta-

95 1403 251 1444 tiones
287 1402 383 1443 illas
422 1402 500 1444 SS.
527 1402 705 1442 Patrum
744 1415 832 1441 non
870 1400 1011 1441 solum
1050 1401 1180 1441 fuisse
1215 1401 1460 1450 verborum,
1501 1402 1576 1442 sed

108 1477 243 1518 etiam
276 1476 484 1517 humanae
515 1475 746 1528 cujusdam
783 1475 1077 1526 officiosaeque
1109 1474 1364 1514 refectionis.

197 1550 392 1604 Quartus
435 1549 781 1602 interrumpendi
829 1547 988 1588 modus
1035 1548 1372 1588 exercitationes
1419 1549 1579 1588 mentis

108 1625 144 1666 is
214 1630 292 1674 est,
364 1637 496 1676 quem
577 1620 959 1664 Constitutiones1
1027 1628 1186 1661 nostrae
1265 1622 1579 1674 praescribunt:

97 1703 158 1739 'ut
218 1698 374 1738 saltem
451 1699 494 1737 in
570 1696 753 1749 singulis
829 1696 1123 1736 hebdomadis
1199 1696 1292 1736 dies
1368 1709 1478 1735 unus
1556 1710 1581 1735 a

109 1771 295 1824 prandio
347 1771 483 1824 quieti
545 1771 818 1819 destinetur;
883 1770 956 1821 qui
1010 1769 1103 1809 dies
1154 1776 1245 1809 tam
1298 1770 1360 1818 iis,
1410 1770 1483 1821 qui
1537 1769 1579 1808 in

98 1844 277 1895 litteris,
319 1858 453 1897 quam
497 1845 539 1884 in
584 1845 667 1897 piis
715 1857 766 1883 ac
812 1843 1109 1895 spiritualibus
1146 1849 1374 1882 versantur
1414 1843 1580 1882 exerci-

108 1918 364 1967 tationibus,
408 1923 600 1958 statutus
652 1922 728 1958 est.
812 1916 1013 1969 Utraque
1065 1917 1180 1956 enim
1233 1917 1393 1956 mentis
1435 1916 1582 1956 studia

112 1991 227 2032 hane
256 1991 390 2032 animi
420 1991 720 2031 remissionem
750 1990 882 2043 paulo
912 1989 1126 2029 laxiorem
1155 1989 1359 2030 videntur
1389 1991 1578 2041 exigere.

109 2065 283 2106 *Idcirco
324 2071 367 2106 et
405 2066 448 2105 in
484 2064 726 2116 Evangelio
760 2062 921 2104 Marci2
952 2065 1190 2117 reperimus
1222 2077 1324 2103 suos
1357 2063 1579 2104 Christum

110 2138 350 2191 aliquando
393 2138 637 2191 discipulos
674 2145 902 2190 tamquam
939 2152 996 2177 ex
1038 2137 1349 2190 praedicatione
1387 2137 1583 2177 defessos

110 2212 155 2252 in
217 2211 440 2252 desertum
507 2212 652 2252 locum
712 2225 938 2252 revocasse
986 2211 1256 2263 jussisseque
1313 2211 1582 2263 requiescere

100 2285 332 2339 pusillum.
436 2285 527 2327 Ubi
576 2286 811 2326 observant
861 2284 939 2326 SS.
975 2285 1191 2325 Doctores
1243 2285 1437 2324 dandam
1489 2298 1583 2325 esse

108 2360 473 2413 praedicatoribus
536 2360 657 2400 verbi
724 2359 807 2399 Dei
871 2360 1041 2399 exactis
1104 2359 1325 2399 laboribus
1386 2360 1581 2412 requiem

95 2432 320 2486 aliquam,
380 2434 806 2485 convenientemque
860 2433 994 2473 animi
1050 2433 1381 2474 relaxationem.
1474 2434 1582 2474 Dies

96 2513 261 2547 ,autem
316 2507 387 2548 hic
437 2522 463 2548 a
519 2507 845 2549 Constitutione
895 2513 1086 2548 statutus
1140 2508 1360 2548 interdum
1413 2509 1581 2560 integer

104 2584 321 2633 >totusque
360 2594 386 2621 a
434 2582 659 2622 laboribus
705 2582 844 2630 datur,
884 2587 932 2621 ut
977 2595 1054 2634 per
1095 2583 1270 2621 aestivos
1317 2582 1492 2631 calores,
1536 2590 1580 2623 et

95 2667 211 2694 ⁴cum
264 2654 307 2694 in
357 2655 508 2695 villam
552 2655 745 2708 aliquam
787 2656 1084 2696 suburbanam
1131 2657 1306 2696 exitur:
1358 2657 1577 2696 interdum

98 2727 381 2778 dimidiatus,
423 2735 468 2769 et
510 2743 536 2770 a
576 2730 773 2782 prandio,
816 2737 864 2771 ut
905 2744 1003 2772 cum
1046 2730 1167 2771 domi
1215 2737 1347 2782 atque
1388 2731 1431 2770 in
1475 2731 1579 2771 urbe

111 2807 323 2843 manetur,

457 2889 468 2910 ¹
495 2892 530 2924 P.
551 2901 581 2932 4.
603 2903 629 2924 c.
654 2901 702 2934 13.
723 2894 738 2931 ἓ
763 2901 792 2933 3.
813 2893 859 2925 lit.
881 2893 918 2926 F.
1099 2891 1112 2910 2
1136 2893 1173 2925 C.
1195 2892 1224 2924 6.
