1903 3197
398 147 493 203 560
718 141 798 187 De
830 141 1017 188 ratione
1053 141 1248 188 vivendi
1281 141 1545 189 Socz'etalzk.

392 281 469 316 tua
510 287 610 314 cum
649 272 723 313 illo
761 273 1048 326 expostulato
1091 273 1259 325 injuria,
1293 273 1369 326 qui
1409 279 1511 327 post
1546 278 1614 314 tot
1650 286 1867 316 annorum

394 348 578 396 labores,
613 347 837 399 totiusque
871 347 1064 400 corporis
1106 347 1487 401 defatigationem,
1522 354 1762 389 exeuntem
1799 363 1870 391 me

393 422 450 462 de
501 434 682 474 corpore
732 427 825 461 tam
876 421 1082 462 atrociter
1133 420 1371 462 invasisti.”
1455 421 1688 474 Pugnabat
1739 423 1871 476 igitur

393 494 761 536 imbecillissimus
797 508 914 547 aeger
950 501 1102 536 contra
1134 494 1487 535 valentissimum
1520 495 1709 544 hostem,
1734 496 1867 537 animi

394 582 482 610 non
518 568 709 621 corporis
746 568 913 617 robore,
949 583 1026 622 spe
1058 583 1108 609 ac
1143 568 1230 609 fide
1265 569 1307 609 in
1344 569 1507 618 Deum,
1542 582 1629 610 non
1659 568 1868 611 lateribus

393 658 444 684 ac
486 642 686 693 lacertis3
738 647 782 683 et
823 642 916 695 ejus
951 643 1070 683 haud
1114 643 1248 683 dubie
1283 643 1467 683 victoria
1508 643 1622 693 fuit;
1671 644 1783 684 sicut
1825 650 1868 684 et

395 722 545 758 nostra
576 717 668 757 sine
700 716 974 757 dubitatione
1006 717 1152 757 futura
1185 722 1262 767 est,
1285 717 1320 757 si
1344 717 1500 757 eadem
1534 717 1578 756 in
1612 717 1867 758 morborum

394 791 678 844 languoribus
735 804 857 830 arma
910 803 1145 830 sumemus.
1239 790 1329 831 Ubi
1387 804 1490 830 vero
1549 789 1865 839 convaluimus,

394 865 595 906 imitandi
619 869 720 903 sunt
740 864 818 903 viri
841 865 992 913 sancti,
1013 864 1086 916 qui
1110 877 1209 904 cum
1233 877 1290 904 ex
1313 864 1469 904 morbo
1492 864 1863 912 convalescerent,

394 952 473 978 nec
508 938 613 977 dum
648 937 778 989 plane
806 937 1105 977 valetudinem
1139 943 1478 990 recuperassent,
1514 938 1569 978 ad
1603 939 1788 991 pristina
1822 953 1867 979 se

394 1012 571 1065 pietatis
608 1024 658 1050 ac
695 1011 971 1063 poenitentise
1013 1011 1160 1051 studia
1202 1011 1368 1063 majore
1411 1012 1544 1052 ctiam
1583 1013 1867 1052 contentione

395 1085 653 1133 referebant,
690 1090 737 1124 ut
770 1084 822 1124 N.
861 1085 903 1126 S.
942 1086 1142 1138 Ignatius
1175 1092 1218 1126 et
1252 1086 1296 1125 Β.
1332 1086 1591 1127 Franciscus
1622 1092 1665 1127 et
1702 1086 1786 1135 alii,
1820 1092 1867 1127 ut

397 1161 440 1198 in
474 1172 624 1199 eorum
656 1159 747 1198 vita
779 1158 978 1211 legimus.

484 1233 666 1272 Donum
719 1232 851 1284 igitur
902 1232 986 1272 Dei
1040 1239 1116 1282 est,
1160 1247 1259 1274 cum
1303 1247 1360 1273 ex
1397 1234 1642 1274 tentatione
1687 1234 1865 1274 morbus

395 1306 565 1354 accidit,
595 1306 727 1346 etiam
761 1312 856 1346 tum
892 1321 991 1346 cum
1027 1307 1171 1347 minus
1204 1307 1326 1347 illum
1360 1308 1512 1348 sedate
1544 1308 1866 1360 tranquilleque

395 1382 585 1422 ferimus.
650 1381 767 1420 Nam
799 1381 833 1420 si
866 1395 953 1421 non
986 1381 1116 1429 aliud,
1142 1382 1224 1422 hoc
1250 1388 1366 1422 certe
1390 1395 1446 1421 ex
1476 1396 1527 1422 eo
1556 1381 1661 1422 lucri
1685 1382 1865 1422 tandem

395 1456 590 1503 facimus,
626 1455 744 1507 quod
779 1460 949 1494 nostras
981 1455 1093 1495 vires
1126 1455 1281 1495 melius
1315 1456 1605 1509 agnoscimus,
1635 1461 1677 1495 et
1710 1469 1766 1495 ex
1800 1456 1865 1495 his

396 1529 631 1568 levioribus
683 1528 1001 1568 tentationibus
1053 1529 1351 1580 conjecturam
1399 1530 1582 1569 facimus
1634 1530 1689 1569 de
1731 1530 1864 1569 animi

397 1603 531 1642 nostri
571 1600 848 1642 mollitudine
886 1602 927 1641 in
967 1602 1155 1643 ferendis
1191 1604 1463 1656 gravioribus
1497 1618 1547 1644 ac
1579 1603 1866 1644 atrocioribus

398 1676 558 1716 malis:
611 1675 828 1727 simulque
880 1676 974 1715 aliis
1026 1678 1218 1729 compati
1272 1683 1315 1717 et
1367 1677 1599 1717 condolere
1642 1677 1862 1725 discimus,

397 1755 558 1789 nostrae
589 1749 682 1801 jam
715 1754 849 1789 testes
883 1749 1147 1790 infirmitatis
1180 1764 1229 1790 ac
1263 1751 1562 1791 mollitudinis.
1628 1752 1710 1791 Est
1735 1751 1866 1803 igitur

399 1824 483 1863 Dei
507 1823 686 1869 donum,
710 1824 743 1863 si
769 1836 825 1863 ex
848 1824 1094 1863 tentatione
1118 1824 1295 1864 morbus
1318 1825 1499 1865 accidat.

487 1896 718 1938 Secundo:
766 1897 799 1937 si
837 1910 940 1936 vero
983 1911 1040 1937 ex
1084 1905 1267 1950 peccato
1305 1899 1484 1938 morbus
1521 1899 1694 1947 oriatur,
1733 1899 1864 1939 etiam

395 1978 489 2011 tum
528 1971 611 2010 Dei
645 1971 812 2011 donum
846 1977 923 2017 est,
948 1977 991 2011 et
1024 1972 1203 2023 quidem
1238 1985 1325 2012 non
1359 1973 1502 2012 minus
1534 1986 1667 2026 puam
1691 1973 1865 2013 sanitas.

399 2045 585 2086 Basilius
609 2046 652 2084 in
684 2044 831 2085 Psalm
860 2057 926 2097 49.
994 2046 1112 2085 “Est
1143 2046 1358 2096 morbus,‘'
1382 2047 1534 2099 inquit,
1560 2049 1714 2099 “saepe
1738 2046 1864 2095 utilis,

397 2121 471 2172 qui
524 2125 782 2172 peccantem
835 2119 1033 2172 castiget,
1078 2125 1120 2159 et
1169 2133 1313 2160 rursus
1367 2121 1530 2160 sanitas
1583 2120 1729 2168 noxia,
1765 2133 1864 2159 cum

397 2194 568 2246 peccati
622 2193 961 2233 instrumcntum
1015 2194 1259 2246 possidenti
1306 2193 1470 2234 fuerit.''
1553 2193 1665 2234 Cum
1718 2199 1865 2233 autem

399 2266 594 2318 flagellat
636 2280 716 2306 nos
759 2267 801 2306 in
844 2267 927 2307 hoc
971 2267 1132 2307 saeculo
1171 2268 1304 2316 Deus,
1338 2267 1621 2307 multifariam
1658 2281 1785 2307 suum
1824 2268 1866 2307 in

397 2353 476 2379 nos
499 2340 692 2379 ostendit
715 2353 922 2379 amorem.
980 2340 1127 2380 Primo
1145 2340 1336 2392 quidem,
1357 2341 1460 2393 quia
1478 2340 1638 2382 idcirco
1657 2341 1861 2393 flagellat,

399 2427 453 2453 nc
492 2413 680 2453 filiorum
715 2412 974 2454 haereditate
1010 2428 1088 2454 nos
1124 2414 1274 2467 privet.
1340 2415 1576 2467 Gregorius
1607 2416 1649 2454 in
1684 2413 1866 2455 Pastor.l

398 2487 723 2528 “Admonendi
768 2487 904 2533 sunt,''
949 2488 1103 2540 inquit,
1149 2488 1304 2541 “zegri,
1349 2494 1397 2529 ut
1439 2502 1490 2528 eo
1539 2502 1585 2528 se
1626 2488 1739 2529 filios
1781 2489 1863 2528 Dei

397 2562 601 2611 sentiant,
626 2575 713 2613 quo
746 2560 843 2601 illos
875 2561 1119 2614 disciplinae
1152 2561 1327 2615 flagella
1359 2563 1603 2616 castigant:
1637 2563 1717 2602 nisi
1748 2563 1862 2602 enim

398 2635 601 2675 correctis
646 2634 950 2675 haereditatem
1002 2635 1107 2675 dare
1158 2636 1398 2689 diponeret,
1444 2637 1612 2677 erudire
1663 2649 1738 2676 eos
1788 2649 1865 2688 per

398 2708 622 2749 molestias
674 2722 761 2749 non
823 2715 1001 2749 curaret.
1098 2709 1215 2750 Hinc
1277 2723 1468 2763 namque
1528 2710 1584 2750 ad
1645 2709 1860 2761 Joannem

397 2781 616 2823 Dominus
653 2796 732 2836 per
768 2781 994 2835 Angelum
1034 2782 1191 2823 dixit.2
1266 2785 1400 2837 ‘Ego,
1436 2797 1545 2837 quos
1583 2797 1694 2832 amo,
1728 2796 1861 2835 arguo

785 2872 795 2890 ¹
823 2881 851 2913 3.
873 2883 941 2914 par.
962 2873 1049 2904 adm.
1075 2881 1122 2914 13.
1275 2873 1288 2892 ‘⁶'
1312 2875 1418 2915 Apoc.
1442 2882 1471 2915 3.
