1903 3197
449 414 511 470 96
774 412 852 456 Dc
886 412 1074 457 ratione
1109 413 1301 458 vivendi
1336 413 1596 461 societatis.

537 543 689 595 Atque
727 543 841 583 hunc
880 543 1009 584 fuisse
1048 559 1215 585 morem
1258 546 1539 597 antiquorum
1581 546 1903 598 Religiosorum

452 624 499 657 ut
537 618 756 656 interdum
795 625 1005 670 augerent
1042 619 1207 671 aliquid
1244 621 1298 659 ad
1333 619 1509 659 solitum
1548 633 1733 672 pensum
1771 622 1898 660 morti

445 691 659 731 ficationis
716 701 765 731 ac
818 693 1038 732 servitutis
1091 707 1192 741 sure,
1247 694 1402 745 conjici
1456 699 1603 745 potest
1655 707 1711 732 ex
1766 694 1903 746 regule

446 765 490 804 B.
519 765 755 814 Benedicti,
789 767 861 817 qui
896 780 973 818 per
1004 768 1279 807 occasionem
1314 768 1517 807 instantis
1551 767 1903 819 Quadragesima

448 853 549 878 suos
602 839 840 879 monachos
894 842 949 880 ad
1005 842 1047 880 id
1111 842 1338 881 hortatur:
1394 841 1518 881 “His
1583 841 1714 893 igitur
1765 842 1903 881 diebu:

446 927 688 965 augeamus
739 914 866 953 nobis
916 914 1080 966 aliquid
1131 916 1185 954 ad
1235 915 1411 954 solitum
1465 928 1649 967 pensum
1699 915 1903 954 servituti:

446 993 618 1033 nostrae‚
663 988 882 1027 orationes
924 988 1176 1040 peculiares,
1212 989 1407 1029 ciborum
1446 994 1489 1027 et
1523 994 1652 1041 potus
1698 989 1898 1028 abstinen

445 1061 583 1109 tiam3
637 1068 679 1100 et
732 1062 1030 1114 unusquisque
1079 1076 1210 1114 supra
1263 1076 1512 1102 mensuram
1566 1062 1646 1102 sibi
1705 1062 1903 1101 indictan'

445 1134 612 1186 aliquid
665 1136 839 1187 propria
882 1135 1108 1175 voluntate
1156 1150 1255 1175 cum
1306 1136 1470 1188 gaudio
1524 1135 1675 1175 Sancti
1729 1135 1903 1188 Spiritu:

447 1208 613 1256 offerat,
649 1209 691 1248 id
736 1216 801 1249 est
843 1209 1072 1248 subtrahat
1115 1209 1285 1261 corpori
1338 1223 1416 1248 suo
1455 1209 1509 1248 de
1551 1210 1659 1257 cibo,
1694 1210 1748 1248 de
1798 1216 1903 1261 potu

445 1282 502 1320 de
535 1281 728 1322 50111110.”

533 1355 682 1394 Tertia
717 1356 826 1394 ratio
860 1362 936 1404 est,
961 1356 1064 1407 quia
1098 1356 1178 1394 nisi
1211 1355 1308 1406 quis
1338 1355 1420 1394 sibi
1456 1355 1550 1407 ipse
1579 1356 1863 1408 poenitentias
1893 1371 1903 1396 ε

446 1427 681 1481 Superiore
705 1428 927 1481 deposcat,
951 1443 1028 1481 per
1051 1443 1146 1469 raro
1170 1443 1244 1468 eas
1267 1429 1417 1477 obibit,
1438 1443 1525 1468 non
1548 1430 1639 1469 sine
1664 1436 1768 1469 nota
1799 1430 1895 1469 Reli

443 1502 587 1553 gionis
620 1515 718 1553 quae
751 1502 1022 1542 domicilium
1061 1510 1125 1543 est
1157 1503 1442 1555 poenitentife.
1509 1503 1718 1555 Superior
1749 1504 1903 1556 quipp<

445 1589 541 1615 raro
574 1590 647 1615 eas
680 1577 944 1628 quibusdam
978 1578 1176 1630 imponit,
1211 1578 1463 1628 abeuntque
1496 1591 1693 1629 persaepe
1726 1579 1838 1627 anni,
1871 1592 1903 1617 u

444 1664 575 1702 supra
599 1651 866 1699 dicebamus,
889 1665 989 1690 cum
1023 1652 1172 1691 intacti
1208 1657 1529 1703 praetereuntur
1551 1652 1698 1703 aliqui,
1722 1652 1789 1691 vel
1813 1653 1903 1704 quiz

445 1736 676 1775 poenarum
700 1737 852 1763 causas
876 1724 1016 1764 nullas
1045 1726 1255 1777 przebent,
1280 1725 1347 1764 vel
1371 1726 1472 1777 quia
1499 1725 1534 1764 si
1565 1725 1681 1765 leves
1705 1726 1903 1777 praebent

445 1795 690 1847 cujusmodi
724 1803 835 1844 sunt,
861 1804 906 1837 ut
941 1799 991 1836 iis
1023 1798 1225 1838 videatur
1257 1812 1350 1837 esse
1383 1799 1664 1850 parcendum.
1731 1799 1850 1850 Ergo
1883 1814 1901 1839 s

445 1872 773 1923 expectandum
817 1872 871 1911 sit
914 1873 1019 1911 dum
1071 1886 1143 1912 eas
1197 1872 1406 1925 Superior
1458 1873 1667 1925 imponat,
1722 1872 1903 1925 pleriqu<

443 1945 705 1997 poenitentia
749 1946 904 1985 merito
947 1952 1140 1986 caveant.
1227 1946 1400 1998 Religio
1443 1953 1592 1986 autem
1636 1960 1736 1986 cum
1775 1948 1903 1999 poeni·

443 2019 605 2066 tentiae,
651 2024 697 2058 ut
741 2019 846 2068 dixi,
891 2020 1016 2059 sedes
1059 2020 1124 2068 sit,
1169 2020 1319 2059 crebro
1373 2027 1419 2060 ut
1472 2021 1514 2059 in
1567 2034 1618 2060 ea
1670 2028 1903 2072 peragatur

444 2092 684 2144 efflagitat3
718 2106 859 2144 neque
893 2094 1008 2132 enim
1043 2093 1129 2133 ulla
1164 2093 1338 2146 Religio
1362 2099 1427 2133 est
1454 2107 1554 2145 quae
1588 2094 1630 2132 in
1663 2093 1746 2134 hoc
1770 2095 1903 2134 studi(

444 2179 530 2205 non
562 2180 607 2205 se
630 2166 912 2206 vehementer
935 2173 1149 2206 exerceat.
1216 2167 1336 2220 Ergo
1366 2173 1516 2206 nostra
1539 2181 1626 2207 una
1652 2167 1903 2220 culpabitur

443 2254 541 2292 quae
580 2254 679 2279 cum
714 2254 770 2279 ex
809 2241 1079 2292 obligatione
1117 2241 1259 2281 nullas
1301 2241 1464 2281 habeat
1505 2242 1803 2293 poenitentias,
1843 2256 1903 2281 ea:

442 2315 649 2367 perpauci
686 2328 764 2354 sua
798 2315 1026 2354 voluntate
1065 2316 1317 2367 suscipiunt.
1380 2315 1484 2366 Jure
1519 2315 1652 2366 igitur
1685 2316 1740 2354 ab
1774 2315 1903 2355 homi

444 2388 573 2427 nibus
597 2388 912 2433 accusabimur,
936 2402 1036 2427 vere
1066 2388 1162 2427 haec
1189 2388 1365 2427 familiae
1391 2393 1551 2427 nostrae
1577 2394 1681 2427 nota
1705 2389 1902 2428 inuretur

442 2460 508 2500 At
531 2466 680 2500 noster
704 2460 842 2508 Pater,
864 2466 910 2500 ut
934 2474 1086 2500 omnes
1114 2461 1407 2513 intelligerent
1429 2474 1484 2500 ne
1514 2467 1708 2501 nostram
1733 2462 1903 2514 quiden

442 2535 716 2587 pcenitentiae
763 2534 903 2574 fructu
943 2548 1099 2583 carere,
1136 2535 1215 2574 etsi
1261 2534 1400 2574 noluit
1438 2548 1511 2574 eas
1550 2549 1606 2574 ex
1643 2536 1903 2588 obligationi

440 2609 731 2660 prcescribere,
756 2614 1022 2660 potestaten]
1055 2615 1202 2648 tamen
1234 2609 1438 2648 omnibus
1472 2609 1573 2648 fecit
1603 2609 1804 2648 sumendi
1840 2622 1903 2648 eas

439 2694 537 2732 qua]
582 2681 662 2720 sibi
706 2695 805 2720 cum
862 2682 1107 2734 Superioris
1150 2683 1471 2735 approbatione
1514 2683 1746 2722 convenire
1788 2683 1903 2722 vide-

440 2760 599 2802 rentur,
655 2760 698 2794 et
740 2754 1009 2795 voluntarias
1051 2756 1330 2795 exhortando
1384 2755 1756 2807 admonendoque
1800 2769 1903 2808 prze-

441 2827 625 2879 scripsit.
698 2827 815 2867 Nam
865 2829 907 2867 in
958 2828 1284 2868 Constitutione
1331 2842 1431 2868 cum
1479 2829 1613 2869 dicit:
1667 2829 1903 2882 “Corporis

435 2901 674 2952 *castigatio
714 2902 1007 2941 immoderata
1045 2916 1139 2942 esse
1177 2916 1264 2941 non
1300 2902 1442 2950 debet,
1480 2916 1558 2943 nec
1597 2903 1830 2942 indiscreta
1869 2903 1903 2942 ir.

440 2973 598 3026 vigiliis
654 2980 697 3014 et
751 2975 1043 3025 abstinentiis,
1099 2982 1141 3015 et
1195 2976 1290 3015 aliis
1346 2975 1658 3028 poenitentiis,”
1714 2976 1903 3028 profecte

439 3049 651 3100 supponit
686 3050 1023 3101 castigationem
1067 3049 1224 3089 saltem
1258 3050 1451 3102 corporis
1487 3048 1789 3090 moderatam.1
1853 3050 1903 3089 Ei

1013 3138 1343 3182 {Rae-&852
