1903 3197
390 135 470 180 De
493 134 705 196 propria
742 134 917 180 Salute
948 135 1215 195 quoerenda.
1511 149 1570 195 33

109 268 256 309 studio
288 267 441 316 calent,
470 266 697 319 cupientes
727 279 880 306 omnes
915 279 1011 306 esse
1039 266 1178 307 bonos
1209 272 1252 306 et
1281 267 1462 308 beatos:
1494 267 1572 307 sed

110 342 193 382 sibi
226 348 269 381 et
292 341 390 380 Deo
411 340 651 380 dumtaxat
676 339 845 387 intenti,
869 339 1176 391 proximorum
1209 352 1357 379 curam
1386 341 1569 393 privatae

112 416 248 468 quieti
289 418 593 467 postponunt:
648 418 691 452 et
732 412 775 452 hi
814 412 907 464 ejus
944 411 1143 452 ficulneae
1180 413 1423 465 persimiles
1456 420 1570 464 sunt,

112 503 211 542 quae
263 488 461 528 dicebat:
505 486 771 538 “Numquid
813 499 994 539 possum
1038 486 1238 526 deserere
1290 486 1569 528 dulcedinem

111 577 268 612 meam,
298 563 550 613 fructusque
582 560 875 608 suavissimos,
901 566 944 600 et
967 561 1027 600 ire
1050 566 1097 600 ut
1124 561 1236 600 inter
1265 566 1423 601 caetera
1451 561 1572 614 ligna

112 650 371 690 promovear
387 635 429 674 ?'‘

196 710 351 763 Quarti
385 710 516 761 igitur
544 714 711 748 restant
733 709 931 748 omnium
955 708 1123 760 optimi,
1148 708 1221 760 qui
1245 721 1344 748 cum
1369 709 1562 761 priorum

107 785 194 825 sint
230 784 489 823 innocentiae
525 789 568 822 et
601 782 812 823 virtutum
850 782 978 822 bonis
1015 782 1168 830 ornati,
1205 782 1394 835 flagrant
1431 782 1565 822 etiam

107 859 352 899 animarum
387 857 533 897 studio
568 862 611 896 et
646 856 739 896 zelo
773 856 985 908 justitiae5
1024 870 1104 896 nec
1141 857 1229 896 suis
1262 862 1436 897 tantum
1470 870 1570 909 pro-

107 931 292 972 fectibus
343 930 550 984 gaudent,
593 930 672 970 nisi
724 929 833 970 alios
875 943 1022 970 secum
1066 930 1121 970 ad
1173 930 1319 970 Deum
1363 929 1567 970 trahant:

107 1005 315 1058 exemplo
354 1004 546 1053 Domini,
585 1004 658 1056 qui
695 1017 795 1044 cum
819 1004 899 1043 “in
936 1017 981 1044 se
1018 1004 1199 1057 plenum
1240 1004 1423 1044 haberet
1459 1018 1569 1057 gau-

107 1080 241 1128 dium,
295 1085 443 1119 tamen
498 1092 550 1118 eo
596 1077 930 1129 quodammodo
977 1091 1064 1118 non
1116 1084 1360 1127 contentus,
1409 1078 1562 1127 exivit,

107 1158 334 1205 assumpta
387 1152 525 1191 forma
579 1152 702 1199 servi,
747 1151 908 1191 multos
960 1151 1071 1191 filios
1118 1152 1161 1191 in
1205 1151 1390 1203 gloriam
1433 1165 1558 1192 suam

107 1227 325 1269 adducere
347 1239 477 1278 opere
505 1231 548 1265 et
575 1225 811 1265 doctrina.'’

195 1300 412 1340 Nimirum
454 1298 538 1338 hoc
579 1298 683 1339 facit
724 1311 848 1338 amor
888 1304 932 1338 et
973 1297 1163 1338 charitas
1206 1299 1301 1346 Dei,
1340 1312 1439 1350 quae
1476 1311 1564 1338 non

102 1380 276 1415 tantum
300 1373 393 1425 ejus
414 1371 646 1412 dulcedine
669 1371 762 1421 frui,
786 1372 911 1424 eique
933 1370 1168 1419 adhaerere,
1193 1372 1270 1411 sed
1306 1371 1401 1423 ejus
1433 1371 1566 1411 etiam

103 1447 268 1488 cultum
309 1446 554 1499 propagari.
593 1452 636 1486 et
672 1445 884 1486 honorem
931 1444 1024 1497 ejus
1066 1444 1326 1497 amplificari
1375 1443 1572 1484 maxime

106 1520 288 1574 expetit,
331 1525 380 1560 ut
419 1525 685 1572 agnoscatur
737 1524 780 1559 et
832 1523 1004 1559 ametur
1054 1518 1111 1558 ab
1163 1517 1380 1566 omnibus,
1423 1522 1468 1557 et
1514 1516 1570 1557 ab

107 1594 311 1635 omnibus
333 1594 371 1633 ei
397 1592 616 1633 servitutis
657 1592 929 1645 obsequium,
955 1597 998 1632 et
1022 1592 1273 1631 revereutiae
1303 1590 1570 1643 honorisque

106 1668 249 1708 cultus
299 1666 570 1708 exhibeatur.
657 1666 787 1706 Hanc
839 1665 1064 1706 charitatis
1126 1664 1440 1718 perfectionem
1493 1664 1568 1716 qui

108 1742 268 1794 attigit,
310 1741 366 1781 ad
409 1741 654 1780 animarum
697 1753 852 1780 causas
894 1739 1137 1779 existimari
1181 1738 1314 1778 debet
1355 1738 1569 1778 idoneus:

110 1820 155 1855 et
176 1815 232 1854 ad
263 1813 379 1853 hunc
406 1813 592 1865 gradum
622 1813 887 1853 contendere
916 1818 959 1852 et
982 1813 1146 1852 conniti
1180 1818 1353 1852 nostros
1382 1816 1569 1864 oportet,

108 1888 143 1928 si
176 1901 233 1927 ex
264 1892 361 1927 tuto
393 1893 436 1926 et
464 1885 708 1939 perutiliter
739 1886 780 1925 in
815 1885 1058 1926 animarum
1093 1885 1280 1925 salutem
1316 1897 1366 1924 ac
1403 1884 1570 1936 perfec·

106 1962 273 2002 tionem
294 1960 431 2001 velint
457 1960 718 2000 incumbere.

198 2035 286 2076 Sed
319 2034 375 2074 de
403 2033 684 2086 perfectionis
715 2033 976 2073 necessitate
1003 2032 1135 2072 satis:
1168 2032 1376 2084 sequitur,
1400 2036 1448 2071 ut
1471 2044 1570 2083 quae

108 2108 164 2149 ad
208 2121 304 2148 eam
346 2108 428 2147 viae
471 2121 550 2147 nos
593 2106 734 2147 ferant
776 2106 1097 2158 deducantque,
1141 2105 1379 2145 videamus.
1465 2105 1570 2145 Duo

106 2187 255 2223 autem
296 2182 518 2235 praecipua
560 2186 603 2221 et
645 2180 902 2234 principalia
945 2194 970 2220 a
1014 2178 1416 2220 Constitutionibus
1458 2177 1570 2218 indi-

105 2262 267 2305 cantur,
292 2256 450 2308 quibus
484 2255 689 2308 progredi
728 2255 783 2296 ad
825 2254 1071 2308 perfectum
1113 2253 1334 2307 possimus
1376 2252 1568 2292 officium

105 2335 237 2383 atque
257 2331 490 2371 virtutem:
531 2329 722 2370 alterum
756 2343 813 2369 ex
845 2334 970 2382 parte
1003 2328 1099 2377 Dei,
1133 2327 1320 2368 alterum
1353 2341 1410 2367 ex
1443 2332 1568 2380 parte

104 2410 261 2445 nostra.
325 2404 398 2444 Ex
429 2410 555 2457 parte
587 2404 671 2444 Dei
705 2410 770 2444 est
803 2403 897 2455 ejus
930 2402 1077 2443 divina
1111 2403 1280 2454 gratia;
1329 2407 1372 2441 et
1403 2401 1566 2442 idcirco

105 2477 374 2518 Constitutio
415 2476 617 2526 addidit,1
654 2480 788 2517 “cum
831 2477 980 2517 divina
1022 2474 1198 2528 gratia,''
1243 2475 1286 2514 in
1328 2474 1566 2515 statuendo

105 2550 337 2592 Societatis
367 2551 464 2592 fine.
526 2554 548 2571 ‘¹
566 2550 722 2600 Finis,’'
747 2551 900 2603 inquit,
926 2549 1093 2601 “hujus
1117 2548 1353 2590 Societatis
1375 2554 1452 2596 est,
1476 2561 1564 2588 non

103 2624 243 2664 solum
288 2625 416 2666 saluti
459 2631 503 2665 et
544 2625 801 2678 perfectioni
852 2624 1128 2678 propriarum
1176 2623 1421 2663 animarum
1464 2634 1563 2661 cum

103 2697 252 2738 divina
301 2699 442 2751 gratia
496 2698 686 2739 vacare.''
779 2698 849 2738 Ne
905 2698 1002 2750 quis
1054 2703 1130 2738 aut
1176 2697 1288 2737 forte
1349 2696 1563 2748 desperet,

105 2772 386 2824 animumque
423 2773 708 2826 despondeat,
749 2772 900 2813 audita
944 2772 1249 2825 magnitudine
1290 2769 1388 2809 finis
1431 2772 1564 2820 atque

656 2861 667 2880 ¹
694 2863 809 2895 Exam.
831 2872 858 2894 c.
885 2869 909 2894 Ι.
931 2861 994 2904 §2-

277 2922 308 2952 D
