1903 3197
298 200 320 230 2
335 187 390 232 18
613 186 693 232 De
725 187 916 233 walion&
949 188 1143 234 vivendi
1177 186 1436 234 Socz'elalz's.

293 319 379 371 qui,
404 333 504 359 cum
527 332 669 360 rerum
694 327 939 361 nostrarum
963 322 1097 362 initiis
1120 322 1274 361 obesse
1304 333 1392 360 non
1421 324 1578 372 potest,
1604 318 1758 358 mediis

294 399 370 433 aut
421 394 632 434 extremis
683 395 827 435 tendit
881 396 1069 436 insidias.
1157 395 1286 443 Nam,
1338 399 1385 433 ut
1438 394 1482 432 B.
1523 393 1758 445 Gregorius

294 467 567 508 observavit:
612 468 771 508 “Bona
816 476 964 510 nostra
1005 470 1142 510 tribus
1186 469 1327 508 modis
1371 468 1579 519 antiquus
1620 465 1758 506 hostis

293 541 545 593 insequitur.
608 542 866 595 Aliquando
910 544 1023 584 enim
1064 545 1106 583 in
1144 544 1260 583 bono
1299 556 1429 595 opere
1468 541 1757 581 intentionem

294 615 460 668 polluit,
505 623 552 656 ut
594 631 736 664 omne,
780 619 897 670 quod
950 619 993 657 in
1046 618 1218 658 actione
1260 617 1464 669 sequitur,
1510 629 1561 655 eo
1602 628 1758 667 purum

295 690 598 744 mundumque
636 706 723 732 non
762 700 903 741 exeat,
934 706 1022 744 quo
1059 693 1142 732 hoe
1180 693 1234 732 ab
1269 692 1435 743 origine
1474 686 1760 743 pertu1·bat.'‘¹1

296 764 354 804 Et
391 765 445 804 de
488 765 569 805 hoc
606 780 683 818 per
726 767 992 819 Prophetam
1035 767 1218 806 dicitur:
1265 767 1423 806 “Facti
1467 771 1567 805 sunt
1609 764 1760 804 hostes

293 839 387 891 ejus
422 840 463 878 in
499 839 704 892 capite,''·2
727 855 776 880 ac
804 841 837 879 si
861 846 1010 893 aperte
1042 841 1284 881 diceretur:
1318 855 1416 881 cum
1449 841 1614 880 bonum
1648 853 1759 892 opus

294 927 381 953 non
423 914 539 954 bona
582 914 824 953 intentione
868 915 1062 963 sumitur,
1105 915 1204 954 huie
1257 916 1536 955 adversantes
1584 914 1760 966 spiritus

293 987 349 1027 ab
387 987 482 1040 ipso
524 989 803 1040 cogitationis
842 988 1026 1027 exordio
1068 989 1379 1041 principantur,
1412 994 1624 1040 tantoque
1662 1000 1759 1027 eam

294 1061 466 1113 plenius
517 1061 755 1114 possident,
810 1068 975 1113 quanto
1029 1068 1071 1102 et
1124 1076 1201 1114 per
1252 1063 1424 1102 initium
1477 1061 1759 1101 dominantes

294 1140 454 1174 tenent.
529 1134 788 1187 Aliquando
840 1149 942 1175 vero
993 1136 1035 1174 in
1089 1135 1182 1188 ipsa
1234 1136 1415 1181 actione,
1455 1150 1499 1175 se
1542 1134 1664 1187 quasi
1718 1135 1760 1173 in

295 1208 447 1248 itinere
483 1209 689 1261 antiquus
732 1208 871 1249 hostis
908 1211 1105 1262 opponit,
1141 1206 1196 1249 ut'
1225 1224 1324 1249 cum
1368 1224 1445 1263 per
1486 1210 1759 1262 propositum

295 1283 454 1322 mentis
486 1284 677 1323 securior
705 1284 890 1336 quisque
921 1284 1152 1336 egreditur,
1176 1284 1409 1336 subjuncto
1434 1284 1622 1324 latenter
1641 1283 1759 1331 vitio,

294 1358 417 1409 quasi
452 1371 509 1396 ex
541 1357 708 1397 insidiis
741 1359 988 1410 perimatur.
1056 1357 1185 1411 Ssepe
1216 1360 1331 1398 enim
1362 1359 1479 1398 bono
1511 1358 1631 1410 operi
1655 1358 1761 1397 dum

295 1430 389 1470 laus
429 1429 624 1470 humana
665 1431 825 1476 obviat,
869 1437 1063 1470 mentem
1108 1433 1329 1484 operantis
1372 1432 1604 1479 immutat3
1648 1444 1758 1482 quae,

295 1503 496 1555 quamvis
528 1504 713 1556 quaesita
747 1518 834 1544 non
867 1504 1018 1552 fuerat,
1043 1510 1192 1544 tamen
1225 1504 1374 1544 oblata
1407 1504 1596 1544 dilectat.
1664 1504 1762 1542 Hos

295 1577 338 1615 in
372 1576 523 1616 itinere
555 1576 736 1629 laqueos
776 1577 1009 1617 Psalmista
1041 1584 1345 1630 conspexerat,
1370 1592 1469 1619 eum
1502 1577 1761 1631 prophetico

295 1649 450 1702 plenus
492 1650 645 1703 spiritu
689 1651 891 1690 dicebat:
944 1651 1033 1690 “In
1076 1652 1146 1691 via
1197 1651 1290 1700 hac,
1329 1666 1416 1704 qua
1465 1651 1762 1699 ambulabam,

295 1723 622 1764 absconderunt
655 1724 859 1776 laqueum
896 1724 1056 1764 milii.'’3
1098 1725 1357 1777 Aliquando
1390 1733 1538 1766 autem
1573 1725 1763 1766 Satanas

296 1811 406 1850 opus
449 1797 613 1837 bonum
656 1799 699 1837 in
742 1798 828 1838 fine
871 1799 1053 1838 actionis
1092 1799 1312 1851 illaqueat,
1346 1806 1600 1852 quantoque
1632 1798 1701 1839 vel
1739 1813 1765 1838 a

297 1872 431 1911 domo
468 1873 620 1917 cordis,
659 1872 726 1912 vel
769 1873 825 1912 ab
867 1873 1019 1912 itinere
1056 1874 1198 1926 operis
1236 1873 1409 1926 longius
1447 1875 1674 1915 recessisse
1716 1888 1762 1914 se

297 1946 486 1995 simulat,
509 1952 634 1986 tanto
677 1946 732 1986 ad
776 1947 1086 1999 decipiendum
1130 1948 1257 1987 bonae
1300 1949 1484 1988 aetionis
1526 1948 1762 1988 terminum

296 2019 482 2059 astutius
505 2025 724 2072 expectat.
790 2020 848 2061 Et
881 2020 935 2060 de
967 2020 1033 2060 his
1066 2021 1234 2073 laqueis
1265 2022 1381 2061 idem
1405 2022 1518 2062 dixit
1547 2021 1764 2075 propheta

298 2093 470 2133 David:
504 2094 631 2146 “Ipsi
670 2094 923 2134 calcaneum
958 2109 1103 2134 meum
1140 2095 1489 2144 observabunt,''4
1521 2097 1623 2148 quia
1645 2096 1761 2135 enim

297 2168 339 2206 in
363 2167 568 2207 calcaneo
601 2167 698 2206 finis
729 2174 794 2208 est
823 2168 1027 2220 corporis,
1053 2168 1159 2220 quid
1192 2182 1270 2221 per
1300 2168 1415 2208 hunc
1449 2170 1528 2209 nisi
1551 2169 1762 2209 terminus

295 2240 508 2291 figuratur
533 2241 717 2280 actionis
735 2241 748 2280 Ρ

387 2314 559 2353 Horum
591 2314 799 2367 exempla
831 2315 919 2366 peti
950 2321 1135 2367 possunt
1166 2329 1191 2355 a
1224 2316 1541 2365 concionatore,
1566 2316 1638 2368 qui
1661 2315 1762 2356 licet

296 2388 435 2440 gloria
476 2388 560 2427 Dei
605 2395 647 2428 et
689 2388 901 2428 charitate
943 2389 1102 2428 ductus
1148 2403 1395 2429 sermonem
1439 2404 1566 2429 suum
1609 2378 1762 2442 aggre-

297 2462 452 2511 diatur,
486 2468 634 2502 tamen
679 2463 721 2501 in
765 2463 973 2502 orationis
1017 2476 1155 2512 cursu,
1200 2464 1264 2503 sui
1300 2478 1417 2516 saepe
1459 2464 1622 2504 oblitus
1663 2477 1762 2515 pro-

296 2535 439 2588 positi,
474 2535 589 2575 inani
627 2535 811 2588 gloriola
853 2535 1121 2586 delectatur;
1165 2543 1240 2576 aut
1278 2537 1311 2576 si
1354 2537 1498 2576 minus
1537 2538 1579 2576 in
1622 2550 1759 2586 cursu,

297 2610 448 2661 utique
483 2614 720 2662 postquam
758 2611 987 2662 peroravit,
1020 2611 1262 2663 praesertim
1299 2611 1333 2650 si
1371 2610 1550 2663 plausus
1588 2610 1765 2651 oblatus

296 2683 361 2731 sit,
395 2682 615 2734 gloriatur.
679 2683 958 2723 Armandum
993 2684 1126 2736 igitur
1156 2690 1310 2737 pectus
1346 2690 1411 2724 est
1443 2685 1631 2738 plurima
1665 2698 1763 2738 pre-

297 2759 470 2798 catione
504 2759 711 2799 adversus
741 2764 887 2799 tantas
922 2759 1059 2799 hostis
1095 2759 1302 2810 insidias;
1348 2765 1391 2799 et
1425 2774 1524 2800 eum
1561 2758 1757 2799 Ecclesia

298 2839 449 2881 matre,
473 2833 515 2872 in
546 2834 666 2873 omni
699 2833 872 2874 actione
902 2834 1191 2886 suscipienda,
1214 2833 1515 2886 implorandus
1538 2840 1603 2874 est
1627 2833 1758 2879 Deus,

338 2921 349 2939 1
376 2922 460 2954 Mor.
483 2923 502 2955 l.
529 2931 554 2955 Ι.
576 2934 602 2956 c.
624 2923 676 2963 36.
821 2921 834 2941 ‘³
858 2923 979 2955 Thren.
1003 2931 1028 2954 1.
1164 2922 1178 2941 3
1203 2923 1288 2955 Psal.
1314 2932 1383 2964 141.
1520 2923 1533 2942 4
1558 2922 1643 2956 Psal,
1667 2928 1715 2963 55.
