1903 3197
333 162 429 208 514
656 149 736 194 De
769 149 960 195 rarione
994 150 1188 196 vivendi
1221 151 1483 197 Societatz's.

330 282 373 321 in
410 281 680 321 medicorum
718 295 950 322 numerum
988 284 1197 324 veniunt:
1244 284 1402 336 quibus
1440 283 1645 324 omnibus
1683 298 1808 337 aeque

331 357 575 408 parendum
609 362 685 406 est,
714 357 924 409 quoniam
958 357 1113 398 eadem
1148 372 1323 411 semper
1359 364 1425 398 est
1459 372 1590 398 causa
1623 360 1806 411 parendi

322 430 594 470 valetudinis
646 431 876 472 restitutio.
973 433 1176 485 Itemque
1232 432 1570 473 infirmariorum
1628 433 1806 474 nomine

332 518 419 544 non
457 506 592 545 modo
634 506 680 555 is,
719 507 786 546 cui
825 507 1057 560 potissima
1103 513 1370 560 {egrotorum
1415 521 1518 547 cura
1560 507 1807 556 commissa,

329 593 480 619 verum
524 581 657 620 etiam
697 581 770 633 qui
813 581 856 620 in
900 596 950 621 ea
994 596 1097 622 cura
1140 583 1176 621 ei
1221 588 1323 621 sunt
1365 581 1636 633 adjumento,
1675 587 1807 634 atque

331 654 509 706 aegrotis
561 655 767 704 assident,
810 656 1101 696 continentur.
1188 656 1360 708 Quibus
1403 656 1608 695 omnibus
1651 656 1804 696 eadem

330 727 580 768 humilitate
617 730 860 781 parendum
900 735 978 779 est,
1018 743 1118 768 cum
1158 729 1264 782 quid
1307 729 1362 770 ad
1406 730 1676 770 curationem
1714 743 1807 770 cor—

332 802 449 854 poris
502 803 794 842 necessarium
847 804 1031 855 exsequi
1096 803 1259 852 velint;
1313 810 1360 844 nt
1412 804 1455 843 in
1508 803 1807 844 ministrandis

320 875 439 915 *cibis
462 876 543 916 hac
569 876 637 916 vel
665 876 736 916 illa
769 876 887 925 hora,
913 891 1000 929 qua
1033 877 1147 917 forte
1181 877 1316 917 nollet
1350 884 1552 930 aegrotns,
1577 879 1619 917 in
1652 878 1807 918 admo—

319 943 484 989 'vendis
520 949 797 1002 permolestis
831 951 1130 990 curationibus
1168 965 1219 990 ac
1259 950 1473 999 remediis,
1509 957 1552 990 et
1586 951 1629 990 id
1665 965 1804 1003 genus

331 1023 426 1063 aliis
460 1024 713 1064 muneribus
747 1025 1061 1077 exsequendis,

422 1097 511 1138 Sed
554 1098 597 1138 in
640 1098 905 1151 quibusnam
945 1100 1165 1152 praecipue
1215 1099 1343 1139 rebus
1385 1099 1663 1140 ostendenda
1706 1114 1807 1153 erga

333 1172 527 1212 medicos
579 1173 828 1226 corporales
885 1179 929 1213 et
981 1173 1244 1213 infirmarios
1299 1173 1587 1214 obedientia?
1650 1187 1808 1227 nempe

333 1246 530 1287 duabus:
563 1248 755 1300 primum
788 1248 831 1287 in
865 1248 926 1297 iis,
950 1261 1050 1300 quae
1073 1248 1284 1300 jucundae
1313 1253 1415 1287 sunt
1443 1248 1616 1298 sensui;
1649 1248 1807 1288 deinde

333 1321 376 1360 in
415 1322 477 1371 iis,
511 1335 620 1374 quae-
648 1322 818 1375 corpori
857 1328 959 1362 sunt
997 1322 1187 1362 inimicze
1228 1328 1270 1362 et
1308 1322 1510 1362 sensibus
1546 1323 1805 1375 peracerbae.

334 1395 386 1435 In
420 1395 471 1435 iis
506 1396 621 1435 enim
657 1397 796 1444 rebus,
833 1410 933 1448 qufe
966 1395 1173 1448 jucundae
1210 1403 1312 1437 sunt
1344 1397 1501 1446 sensui,
1538 1396 1807 1449 periclitatur

313 1463 589 1509 ‘obedientia
639 1470 947 1522 perfectorum,
992 1477 1035 1510 et
1088 1484 1253 1519 eorum,
1299 1472 1373 1523 qui
1422 1470 1805 1511 mortificationem

335 1543 496 1584 Christi
530 1543 695 1596 jugiter
729 1549 907 1596 portant
944 1544 987 1583 in
1024 1558 1207 1597 corpore
1241 1558 1331 1590 suo,
1368 1551 1415 1584 ut
1452 1544 1508 1584 de
1546 1545 1591 1584 B.
1621 1545 1807 1586 Nicolao

332 1617 616 1658 Tolentinate
639 1619 852 1658 memoria
874 1618 1098 1671 proditum
1133 1624 1209 1666 est,
1238 1620 1311 1670 qui
1343 1618 1504 1658 adduci
1528 1618 1647 1658 nullo
1671 1619 1805 1659 modo

331 1698 517 1745 poterat,
556 1698 603 1732 ut
640 1692 683 1731 in
720 1692 980 1744 gravissimo
1020 1692 1175 1732 morbo
1215 1692 1442 1745 imperatis
1476 1692 1678 1732 carnibus
1712 1706 1805 1733 ves-

307 1766 310 1770 '
332 1772 527 1817 ceretur;
561 1779 750 1818 cumque
773 1766 838 1806 sui
863 1766 1092 1819 Praepositi
1116 1780 1249 1819 grave
1277 1766 1534 1806 accessisset
1561 1767 1807 1819 imperium,

330 1839 558 1893 paululum
583 1840 823 1881 dumtaxat
850 1854 907 1880 ex
935 1840 985 1880 iis
1013 1841 1173 1894 attigit,
1198 1847 1246 1881 ut
1278 1840 1437 1881 libasse
1463 1841 1609 1894 potius
1639 1841 1805 1882 diceres

331 1928 465 1966 quam
492 1919 702 1967 gustasse.
769 1915 827 1954 Et
857 1915 912 1954 de
944 1915 988 1955 B.
1017 1915 1180 1967 Sylvia,
1206 1929 1317 1967 quze,
1341 1929 1440 1955 cum
1469 1915 1583 1955 male
1611 1915 1804 1965 haberet,

305 1988 580 2041 ‘medicique
617 1988 896 2029 consulerent
933 1988 1091 2029 balnea
1126 1989 1258 2038 adire,
1293 1989 1432 2029 noluit
1467 2003 1617 2030 eorum
1655 1991 1806 2031 audire

332 2063 576 2113 consilium,
619 2062 877 2103 balneorum
930 2070 1165 2116 aspernata
1214 2063 1402 2104 delicias.
1494 2064 1713 2117 Multique
1762 2065 1805 2104 in

335 2137 558 2185 Societate
600 2143 750 2177 nostra
792 2142 905 2186 sunt,
945 2138 1017 2189 qui
1063 2137 1379 2178 mortificandis
1423 2138 1510 2178 suis
1551 2139 1807 2190 corporibus

334 2211 507 2260 assueti,
550 2212 711 2263 partim
755 2211 888 2251 etiam
933 2218 1155 2264 praecepta
1202 2217 1448 2252 reverentes
1491 2211 1713 2261 Ecclesiae,
1759 2219 1807 2254 ut

332 2299 464 2339 supra
501 2286 544 2324 in
586 2285 841 2325 obedientia
881 2286 1153 2338 superiorum
1198 2286 1489 2338 spiritualium
1533 2287 1800 2337 dicebamus,

332 2360 367 2401 si
405 2359 645 2413 jubeantur
681 2359 856 2399 indictis
892 2359 948 2399 ab
988 2359 1187 2400 Ecclesia
1225 2359 1402 2412 jejuniis
1438 2361 1639 2401 carnibus
1676 2363 1804 2411 vesci,

302 2440 412 2475 'aut
458 2435 675 2487 imperata
712 2433 879 2486 jejunia
921 2433 1099 2483 solvere,
1142 2434 1369 2487 :egerrime
1413 2436 1595 2475 medicis
1637 2444 1803 2489 parent,

303 2499 454 2562 ¹quod
497 2509 679 2548 minime
722 2508 805 2548 sibi
847 2509 1110 2560 persuadere
1153 2515 1318 2561 queant
1365 2515 1536 2550 tantam
1579 2524 1674 2551 esse
1714 2512 1803 2552 vim

336 2584 488 2633 morbi,
525 2589 573 2624 ut
609 2582 816 2636 praesenti
854 2583 1047 2635 corporis
1086 2584 1335 2624 necessitati
1373 2584 1683 2637 posthabenda
1720 2586 1806 2627 sint

336 2658 547 2698 Ecclesiae
584 2662 817 2711 praecepta.
902 2656 991 2698 Sed
1028 2657 1095 2697 his
1133 2659 1409 2711 propositum
1447 2673 1541 2699 esse
1578 2660 1712 2701 debet
1749 2662 1804 2701 ad

303 2723 599 2773 *imitandum
652 2732 705 2772 N.
742 2732 785 2773 P.
820 2731 1090 2785 exemplum,
1147 2733 1221 2785 qui
1276 2734 1371 2786 ipsa
1411 2739 1472 2784 4²¹.
1507 2733 1803 2776 hebdomadae

334 2807 515 2860 majoris
537 2808 645 2848 feria
667 2821 692 2848 a
722 2805 893 2846 medico
915 2805 1062 2858 jussus
1089 2806 1291 2847 carnibus
1317 2808 1432 2848 vesci
1460 2822 1547 2849 non
1573 2809 1802 2850 dubitavit.

335 2879 469 2934 Quod
507 2882 542 2922 si
580 2882 623 2922 in
660 2879 912 2934 hujusmodi
951 2880 1080 2922 rebus
1117 2878 1580 2934 imperandis'medici
1619 2882 1804 2925 facilitas
