1903 3197
208 180 276 229 171
289 184 312 214 2
536 168 617 216 De
651 170 842 216 ratione
875 170 1074 218 vivendi
1108 170 1370 219 Socz'ez‘atz's.

218 309 368 344 autem
404 316 552 356 parvae
589 303 848 357 prudentiae,
883 318 1013 345 nosse
1047 306 1261 359 temporis
1298 307 1692 360 opportunitatem,

217 392 307 431 quo
342 378 691 431 unumquodque
719 379 1031 432 proferendum
1061 387 1127 421 est
1155 381 1369 422 verbum:
1398 395 1541 435 neque
1575 382 1691 422 enim

218 453 327 493 satis
358 459 425 493 est
455 453 638 494 verbum
670 455 890 507 optimum
923 469 1029 505 esse,
1062 461 1108 496 et
1139 456 1183 496 id
1217 457 1338 509 quod
1374 457 1534 498 dicitur
1565 456 1695 497 valde

217 527 462 581 pulchrum,
501 528 583 569 nisi
620 529 754 569 etiarn
792 531 1055 584 tempestive
1091 531 1135 571 id
1178 532 1222 571 in
1254 545 1504 572 sermonem
1538 531 1694 572 infera-

218 608 316 653 tur;
351 604 414 644 ita
447 609 495 644 ut
524 617 577 644 ea
605 618 705 657 quae
735 618 964 646 narramus
993 612 1192 659 sequuta,
1220 620 1309 647 non
1341 607 1562 656 accersita,
1591 612 1696 647 nata

218 691 307 719 non
344 685 528 719 evocata
560 680 803 721 videantur.
866 681 1026 721 “Mala
1061 695 1193 722 aurea
1226 682 1269 722 in
1304 681 1427 723 lectis
1461 682 1694 735 argenteis,

219 753 294 807 qui
336 753 532 807 loquitur
562 755 745 795 verbum
788 755 832 795 in
876 762 1076 809 tempore
1118 756 1234 797 suo.’'
1297 757 1419 797 Prov.
1455 765 1519 808 25.
1596 756 1695 797 Pul-

219 828 526 878 chritudinem,
551 835 595 870 et
617 836 822 870 ornatum
845 837 1153 883 argenteorum
1186 831 1400 872 lectorum
1423 832 1541 872 mala
1563 845 1695 871 aurea

222 903 510 944 vehementer
545 911 736 958 augent;
779 905 839 945 sic
876 906 1141 959 tempestiva
1171 907 1303 947 verba
1339 920 1491 947 eorum
1528 907 1602 959 qui
1645 920 1697 946 ea

221 979 449 1033 proferunt
471 981 735 1033 sapientiam
765 980 1135 1034 prudentiamque
1166 987 1529 1031 commemorant,
1554 981 1615 1021 ita
1647 986 1695 1021 ut

221 1054 291 1094 vel
328 1068 387 1094 ex
423 1055 507 1095 hoc
541 1069 629 1095 uno
665 1055 904 1108 prudentes
937 1055 993 1096 ab
1026 1056 1380 1110 imprudentibus
1412 1057 1693 1096 internoscas.

223 1129 284 1170 Et
321 1129 453 1170 Eccli.
487 1141 567 1170 20:
606 1130 717 1170 “Ex
756 1145 830 1170 ore
861 1131 970 1171 fatui
1003 1131 1311 1184 reprobabitur
1339 1131 1578 1185 parabola;
1608 1144 1695 1170 non

223 1205 340 1245 enim
374 1205 480 1246 dicit
512 1205 633 1245 illam
671 1207 714 1246 in
747 1212 947 1259 tempore
979 1205 1095 1246 suo.''
1157 1206 1291 1247 Tanti
1329 1206 1434 1247 facit
1472 1205 1697 1259 Scriptura

221 1282 536 1333 tempestivum
583 1287 975 1334 opportunumque
1015 1294 1274 1321 sermonem.
1354 1281 1406 1322 V.
1445 1295 1484 1334 g.
1563 1281 1610 1322 Si
1653 1281 1696 1319 in

222 1354 425 1395 familiari
468 1369 671 1396 sermone
704 1355 811 1396 velis
854 1356 1063 1409 speciosis
1104 1357 1167 1396 uti
1209 1356 1450 1405 sententiis,
1484 1355 1697 1409 quemad-

223 1430 408 1470 modum
451 1431 494 1470 in
537 1431 823 1471 concionibus
860 1431 951 1471 fieri
990 1432 1112 1481 solet,
1146 1432 1409 1472 deridearis:
1452 1437 1529 1472 aut
1569 1431 1604 1471 si
1647 1444 1699 1471 ea

224 1520 324 1559 quae
359 1520 508 1547 narras
542 1506 584 1547 vi
618 1506 777 1557 trahas,
805 1513 848 1546 et
880 1506 1011 1559 longe
1039 1512 1178 1559 petas,
1206 1506 1276 1547 vel
1305 1507 1340 1546 si
1376 1506 1561 1546 nimium
1596 1520 1622 1546 a
1652 1519 1697 1545 re

224 1582 454 1635 proposita
495 1582 765 1634 digrediaris,
803 1588 852 1621 ut
893 1582 937 1621 id
983 1582 1102 1634 quod
1154 1581 1234 1622 tibi
1281 1581 1444 1622 arridet
1486 1580 1698 1629 enunties,

220 1656 389 1710 justam
421 1658 528 1697 item
561 1656 768 1696 irridendi
801 1657 864 1696 tui
898 1670 1075 1696 causam
1107 1656 1317 1709 praebeas.

313 1732 390 1772 Ad
443 1733 629 1772 eandem
673 1732 1048 1772 circumstantiam
1090 1732 1301 1785 temporis
1352 1732 1541 1784 pertinet
1592 1731 1700 1771 illud

218 1807 423 1857 tertium3
449 1810 470 1826 ‘¹
487 1807 632 1847 Nosse
654 1807 833 1859 quando
860 1807 1063 1847 absolute
1085 1806 1304 1846 silendum
1327 1805 1431 1846 sit:’'
1455 1820 1543 1859 qua
1565 1807 1698 1846 etiam

229 1882 273 1921 in
305 1895 351 1921 re
382 1882 644 1935 perspicitur
674 1882 920 1935 prudentia,
944 1895 996 1921 ac
1027 1881 1245 1921 modestia
1276 1881 1507 1934 loquentis.
1570 1879 1699 1933 Quia,

227 1962 278 1997 ut
319 1971 452 2011 supra
494 1957 690 1997 diximus
733 1971 791 1997 ex
835 1957 881 1996 B.
903 1955 1127 2009 Gregorio,
1171 1956 1304 1996 etiam
1356 1957 1400 1995 in
1442 1956 1616 1996 silentio
1657 1961 1702 1996 et

228 2032 540 2083 taciturnitate,
583 2033 617 2072 si
670 2032 923 2085 importuna
974 2032 1072 2080 sint,
1115 2037 1264 2084 potest
1311 2044 1405 2071 esse
1456 2036 1699 2084 peccatum.

230 2107 366 2149 Stulti
409 2108 527 2147 enim
569 2108 676 2147 dum
713 2107 820 2147 vitia
856 2107 1042 2159 fugiunt,
1079 2107 1124 2146 in
1160 2107 1378 2146 contraria
1419 2112 1596 2146 currunt
1616 2119 1626 2156 ;
1657 2110 1704 2146 et

230 2183 338 2223 dum
380 2182 696 2236 loquacitatem
739 2182 878 2222 vitare
920 2181 1085 2231 volunt,
1130 2182 1174 2221 in
1225 2182 1571 2222 taciturnitatem
1620 2181 1702 2220 im-

229 2258 507 2298 moderatam
531 2258 739 2297 incidunt.
805 2257 972 2298 Contra
992 2270 1107 2306 vero,
1131 2256 1301 2296 “homo
1322 2256 1526 2309 sapiens”
1552 2255 1616 2308 (ut
1636 2255 1700 2295 ait

232 2332 470 2386 Scriptura,
511 2332 643 2373 Eccli.
678 2331 749 2385 20)
788 2332 989 2372 “tacebit
1021 2345 1158 2384 usque
1189 2331 1246 2371 ad
1280 2336 1480 2383 tempus:
1513 2329 1700 2370 lascivus

230 2413 380 2448 autem
423 2413 468 2447 et
507 2407 766 2460 imprudens
807 2420 896 2447 non
938 2406 1175 2446 servabunt
1215 2404 1426 2458 tempus.'’
1509 2404 1701 2445 Dixerat

230 2488 391 2532 autem,
438 2481 570 2535 paulo
623 2487 751 2522 ante:
796 2482 918 2521 “Est
959 2487 1120 2530 tacens,
1172 2493 1260 2520 non
1310 2479 1478 2520 habens
1519 2492 1697 2519 sensum

228 2557 416 2611 loquelae
435 2571 444 2597 ;
477 2562 521 2597 et
543 2562 609 2597 est
630 2562 791 2605 tacens,
815 2556 956 2596 sciens
977 2561 1152 2608 tempus
1174 2554 1266 2608 apti
1288 2553 1534 2607 temporis.”
1579 2554 1698 2594 Nam

229 2634 304 2686 qui
338 2634 600 2686 importune,
636 2637 680 2672 et
714 2630 1024 2683 intempestive
1057 2629 1166 2679 silet,
1202 2643 1290 2670 non
1325 2628 1472 2669 differt
1503 2643 1530 2669 a
1563 2634 1700 2679 muto,

233 2714 277 2749 et
299 2709 356 2748 ab
378 2722 431 2748 eo
453 2707 522 2748 cui
545 2713 700 2748 natura
721 2706 930 2759 loquendi
953 2719 1128 2746 sensum
1147 2704 1492 2758 facultatemque
1509 2705 1698 2758 negavit.

236 2782 456 2836 Quocirca
495 2783 609 2823 bene
650 2782 776 2823 nobis
818 2782 893 2822 lex
935 2786 1084 2821 nostra
1126 2779 1356 2830 consuluit,
1400 2793 1500 2833 quae
1541 2779 1700 2832 quibus

230 2857 516 2911 temporibus,
539 2863 584 2898 et
605 2856 985 2910 quemadmodum
1008 2856 1249 2896 tenendum
1279 2854 1500 2895 silentium
1529 2854 1596 2903 sit,
1621 2866 1701 2894 nos

237 2931 405 2984 edocet,
428 2938 476 2972 ut
498 2946 583 2985 reg.
610 2932 673 2972 26.
698 2946 756 2972 ex
779 2930 1098 2971 communibus.
