1903 3197
609 175 677 222 In
712 175 929 238 Regulas
963 174 1225 222 Modestz'ce.
1420 193 1423 196 ⁴
1554 177 1653 235 699

187 310 368 365 prodest
403 310 582 359 homini,
615 310 650 350 si
687 309 854 349 mundo
890 309 1092 349 universo
1128 309 1276 362 prosit,
1312 308 1394 348 sibi
1430 322 1533 349 vero
1569 308 1653 362 ipsi

189 385 502 426 detrimentum
524 384 686 425 faciat?
718 384 825 424 nihil
847 397 972 436 aeque
994 390 1042 424 ut
1063 383 1241 424 humilis
1264 383 1488 423 intuentes
1516 382 1655 423 aedifi-

189 473 288 500 care
309 459 492 512 potest.'’

277 535 417 575 Recte
438 540 586 574 autem
609 533 652 573 id
675 538 826 573 monet
850 531 1070 573 Climacus
1085 532 1188 585 quia
1212 533 1375 572 sanctis
1397 532 1499 572 viris
1518 546 1526 583 ;
1550 545 1656 573 con-

188 622 359 650 cessum
394 615 470 657 est,
494 614 543 648 ut
575 607 631 648 ad
665 606 850 647 aliorum
879 606 1116 647 utilitatem
1149 620 1228 647 sua
1264 607 1487 647 interdum
1522 607 1655 647 bene-

187 683 304 724 facta
325 688 697 724 commemorent:
729 688 777 722 ut
797 682 944 722 videre
966 681 1067 721 licet
1095 681 1138 721 in
1167 681 1266 733 Job,
1290 687 1333 721 et
1366 681 1412 720 B.
1438 681 1585 730 Paulo,
1609 687 1654 722 et

189 757 287 799 aliis
313 757 498 799 Sanctis.
560 756 646 808 Job
668 756 796 806 enim,
820 770 852 796 c.
878 766 942 807 29,
966 756 1028 795 ita
1049 755 1104 795 de
1126 769 1172 795 se
1193 754 1416 807 loquitur:
1450 753 1655 796 “Oculos

185 831 247 872 fui
269 845 398 880 caeco,
422 837 466 871 et
486 845 564 884 pes
585 830 743 870 claudo
761 845 769 880 ;
801 835 928 883 pater
949 842 1068 870 eram
1090 828 1373 882 pauperum.''

272 904 636 959 Theophylactus
658 905 701 944 in
725 904 830 945 Luc.
850 921 858 944 :
881 903 1254 953 “Admirabitur,'’
1270 903 1425 956 inquit,
1446 906 1466 922 “
1482 902 1653 956 aliquis,

186 981 412 1034 quomodo
434 979 680 1020 Pharisaeus
709 992 808 1020 cum
838 993 979 1032 pauca
1000 978 1132 1018 verba
1161 991 1252 1018 suae
1284 961 1428 1018 laudis
1460 990 1654 1030 pronun-

185 1055 374 1103 ciaverit,
412 1054 755 1103 condemnetur;
793 1053 982 1093 scilicet:
1023 1052 1185 1105 Jejuno
1227 1052 1294 1092 bis
1338 1052 1381 1091 in
1421 1051 1656 1102 Sabbato;

185 1128 273 1181 Job
306 1135 454 1169 autem
487 1141 587 1169 cum
616 1127 757 1168 multa
788 1128 843 1168 de
875 1142 921 1167 se
953 1125 1186 1180 magnifice
1221 1126 1351 1173 dicat,
1382 1123 1653 1166 coronetur.”

186 1203 248 1243 Et
284 1203 546 1256 respondet:
578 1202 737 1255 “Quia
769 1201 1016 1241 Pharisaeus
1051 1200 1172 1241 nullo
1204 1206 1390 1253 cogente
1426 1205 1516 1240 stat
1547 1198 1657 1240 talia

186 1291 370 1330 nugans,
395 1283 438 1317 et
460 1277 772 1325 condemnans,
796 1276 884 1316 alio
916 1275 1037 1315 nullo
1070 1289 1150 1315 usu
1183 1280 1375 1328 urgente.
1438 1273 1524 1326 Job
1549 1286 1657 1314 vero

186 1352 489 1405 prementibus
530 1365 577 1391 se
618 1351 783 1399 amicis,
820 1357 863 1391 et
898 1350 1074 1403 gravius
1112 1348 1480 1397 incumbentibus,
1518 1360 1654 1401 quam

186 1425 417 1466 calamitas
452 1425 558 1478 ipsa,
606 1425 941 1477 dicentibusque
975 1424 1094 1476 quod
1137 1429 1317 1476 propter
1356 1428 1540 1476 peccata
1574 1435 1656 1462 sua

186 1499 262 1539 illa
287 1513 444 1552 passus
473 1499 540 1549 sit,
563 1498 818 1552 compulsus
841 1504 907 1538 est
929 1511 1186 1538 enumerare
1217 1511 1296 1537 sua
1327 1510 1488 1550 opera;
1521 1496 1655 1549 idque

185 1579 367 1627 propter
397 1573 583 1626 gloriam
615 1573 712 1622 Dei,
736 1587 790 1613 ne
813 1572 978 1612 scilicet
1004 1572 1205 1612 homines
1237 1585 1263 1611 a
1294 1577 1413 1611 recto
1440 1571 1653 1611 virtutum

187 1661 316 1688 cursu
339 1646 630 1688 exciderent.''
693 1647 898 1687 Eandem
928 1647 1174 1687 doctrinam
1201 1646 1336 1686 tradit
1358 1660 1415 1685 ex
1440 1644 1654 1698 Gregorio

188 1722 237 1762 B.
253 1721 426 1770 Thom.,
442 1722 486 1761 in
504 1722 548 1761 id
567 1721 703 1771 Pauli,
723 1733 746 1760 2
767 1721 863 1762 Cor.
890 1732 958 1761 10:
989 1721 1067 1762 “Si
1089 1721 1278 1774 amplius
1300 1720 1418 1760 aliud
1441 1719 1656 1773 gloriatus

188 1796 313 1837 fuero
345 1797 401 1836 de
431 1802 657 1849 potestate
686 1796 874 1836 nostra.'’
936 1796 1123 1836 Duabus
1145 1796 1261 1836 enim
1283 1796 1339 1836 de
1360 1796 1503 1835 causis
1525 1795 1656 1836 docet

191 1885 324 1924 posse
355 1871 613 1924 quempiam
646 1871 739 1911 sine
770 1871 901 1924 culpa
932 1871 1242 1911 commendare
1270 1884 1317 1910 se
1346 1871 1500 1923 ipsum.
1563 1869 1655 1910 Pri—

191 1958 328 1994 mum,
366 1959 465 1986 cum
503 1952 769 1998 provocatur
805 1946 1062 1998 opprobriis,
1100 1951 1144 1985 et
1179 1944 1485 1994 conculcatur;
1522 1944 1657 1998 idque

189 2026 267 2060 aut
288 2034 343 2060 ne
365 2020 569 2073 desperet
590 2021 697 2060 dum
721 2020 966 2060 conculcari
999 2033 1045 2060 se
1075 2020 1205 2069 videt,
1236 2026 1311 2060 aut
1343 2019 1551 2068 confutet,
1578 2019 1656 2060 ad-

191 2094 416 2134 versarios
466 2094 652 2143 Deinde,
688 2107 787 2134 cum
822 2095 919 2146 quis
950 2094 1196 2147 praedicans
1227 2094 1468 2143 veritatem,
1501 2100 1658 2134 nactus

191 2174 259 2209 est
291 2169 567 2208 adversarios
599 2168 964 2208 contradicentes.
1027 2168 1173 2208 Prima
1201 2182 1333 2209 causa
1363 2168 1537 2222 impulit
1557 2169 1657 2222 Job,

192 2243 388 2284 secunda
411 2242 607 2292 Paulum,
630 2249 679 2283 ut
700 2256 747 2283 se
768 2243 850 2296 ipsi
873 2243 1113 2283 laudarent.

277 2317 440 2357 Paulus
477 2323 627 2358 autem
665 2331 786 2371 saepe
821 2318 877 2358 de
913 2332 959 2358 se
994 2319 1088 2371 ipse
1128 2332 1228 2358 cum
1265 2318 1395 2359 laude
1430 2319 1652 2372 praedicat.

194 2403 212 2431 1
259 2391 356 2433 Cor.
406 2401 482 2443 15:
535 2392 892 2433 “Abundantius
934 2392 1017 2433 illis
1058 2393 1262 2433 omnibus
1303 2393 1562 2445 laboravi;'’
1610 2400 1657 2435 et

190 2477 216 2506 2
241 2466 336 2508 Cor.
366 2478 410 2506 11
434 2483 442 2508 :
475 2467 694 2507 “Hebraei
727 2473 841 2517 sunt,
874 2473 917 2508 et
948 2481 1041 2520 ego.
1104 2467 1316 2508 Israelitae
1347 2475 1460 2517 sunt,
1483 2475 1528 2509 et
1558 2482 1655 2522 ego,

192 2540 356 2582 Semen
378 2541 577 2582 Abrahae
599 2548 713 2590 sunt,
737 2548 781 2582 et
803 2556 895 2595 ego.
957 2542 1149 2583 Ministri
1173 2543 1335 2584 Christi
1357 2550 1470 2593 sunt,
1493 2549 1538 2584 et
1559 2557 1652 2597 ego.

192 2615 259 2657 Ut
280 2616 425 2656 minus
457 2616 634 2668 sapiens
659 2616 770 2666 dico,
793 2616 891 2670 plus
914 2617 1032 2669 eg0.''
1095 2616 1196 2669 Quo
1218 2618 1351 2658 etiam
1374 2617 1471 2658 loco
1493 2632 1655 2659 arcana

191 2690 277 2730 Dei
300 2704 346 2730 se
368 2690 587 2731 audivisse
608 2691 725 2740 dicit,
749 2704 848 2744 quae
871 2705 959 2731 non
982 2691 1083 2732 licet
1103 2691 1271 2732 homini
1294 2692 1413 2745 loqui
1431 2707 1440 2743 3
1470 2706 1654 2746 seseque

192 2764 250 2805 ad
281 2766 460 2806 tertium
493 2779 631 2818 usque
662 2766 823 2806 coelum
855 2772 1031 2820 raptum
1054 2781 1170 2817 esse;
1202 2773 1246 2807 et
1267 2767 1371 2807 alibi
1403 2767 1489 2808 alia
1520 2767 1576 2808 de
1606 2781 1654 2809 se

188 2839 290 2893 ipso
329 2840 561 2881 benefacta
601 2848 929 2882 commemorat.
990 2841 1170 2892 Verum,
1212 2849 1260 2882 ut
1301 2843 1362 2883 ait
1404 2842 1652 2897 Gregorius,

188 2914 216 2954 1.
243 2925 305 2967 19.
330 2914 439 2956 Mor.
470 2929 504 2956 c.
541 2926 618 2966 14:
650 2915 942 2969 “Aliquando
975 2917 1114 2957 sancti
1146 2917 1224 2957 viri
1257 2923 1300 2958 et
1331 2931 1478 2958 coram
1510 2917 1653 2959 homi-
