1903 3197
265 188 280 218 1
296 174 355 218 26
582 174 662 219 De
694 174 885 220 ratione
917 175 1110 222 vivendi
1143 176 1404 224 Socz'etatz‘s.

259 306 531 353 necessitate,
576 319 663 346 non
705 306 934 347 voluntate
975 309 1213 361 patiuntur,
1257 309 1439 349 minime
1491 315 1725 351 merentur.

260 378 349 420 Sed
392 378 530 419 facilis
572 380 644 419 est¹
680 382 916 433 responsio,
960 383 1062 434 quia
1106 382 1207 422 licet
1248 383 1345 435 cogi
1392 382 1727 435 quodammodo

259 452 489 493 videamur
524 467 624 493 cum
661 468 817 507 poenas
854 456 1052 496 subimus
1094 457 1334 509 impositas,
1368 461 1518 496 tamen
1556 457 1727 498 coactio

259 525 333 566 illa
384 526 631 572 voluntaria
660 535 757 569 est.
843 529 944 569 Hoc
996 530 1111 569 enim
1154 531 1302 570 animo
1344 529 1401 569 ad
1446 529 1725 582 Religionem

259 600 533 650 accessimus,
577 607 625 642 ut
676 602 711 641 si
758 604 937 654 quando
989 617 1271 656 peccaremus
1313 603 1638 657 corrigeremur,
1682 609 1727 644 et

258 687 415 727 poenas
453 674 621 727 legibus
659 676 934 717 solveremus.
1000 677 1175 718 Deinde
1212 692 1368 731 poenas
1405 678 1635 731 impositas
1672 691 1728 718 ne

259 753 353 787 tum
389 748 567 800 quidem
603 749 724 790 inviti
760 752 967 800 subimus,
993 766 1092 791 cum
1127 753 1269 805 primo
1304 753 1600 804 imponuntur,
1625 751 1729 792 licet

260 822 376 861 enim
414 836 487 862 eas
525 837 625 863 caro
660 823 856 876 refugiat,
887 831 930 865 et
959 826 1083 865 initio
1116 827 1249 866 etiam
1281 826 1496 875 voluntas,
1529 831 1728 865 attamen

259 901 414 947 postea
448 902 565 936 recta
598 896 801 937 voluntas
835 898 1125 951 amplectitur,
1163 905 1206 939 et
1243 899 1362 951 quod
1398 905 1491 939 erat
1528 913 1730 940 necessa-

259 969 383 1018 rium,
407 976 450 1009 et
471 984 598 1022 pcene
621 977 834 1021 coactum,
859 972 988 1012 efficit
1009 972 1304 1011 voluntarium
1328 979 1371 1012 et
1395 973 1728 1024 quodammodo

261 1056 401 1092 suum,
454 1044 570 1083 unde
611 1045 748 1084 oritur
790 1046 1004 1085 meritum.
1093 1045 1180 1097 Qui
1223 1060 1326 1085 vero
1368 1047 1469 1098 igne
1511 1052 1731 1099 purgante

261 1122 490 1162 vexantur,
520 1130 670 1157 eorum
704 1132 859 1171 poenae,
892 1119 1094 1171 quamvis
1125 1119 1384 1160 voluntariae
1423 1121 1603 1159 omnino
1642 1133 1731 1159 non

261 1189 503 1238 videantur,
548 1192 653 1230 dum
697 1193 940 1232 necessario
984 1193 1255 1245 irrogantur;
1304 1199 1465 1243 tamen,
1504 1194 1607 1245 quia
1645 1194 1730 1233 Dei

261 1263 489 1304 voluntate
530 1265 807 1305 delectantur
847 1272 890 1306 et
931 1267 1140 1319 gaudent,
1181 1273 1224 1307 et
1269 1268 1323 1307 ad
1372 1267 1494 1307 illum
1538 1281 1617 1320 per
1658 1281 1733 1308 eas

265 1350 419 1389 poenas
454 1339 541 1378 cito
576 1345 755 1392 sperant
790 1340 985 1390 evadere,
1010 1340 1170 1380 idcirco
1198 1354 1299 1381 vere
1328 1347 1430 1381 sunt
1461 1340 1731 1381 voluntariae.

264 1410 439 1451 Malunt
462 1413 576 1451 enim
611 1412 711 1464 igne
741 1413 815 1452 illo
844 1414 1031 1466 purgari,
1056 1427 1188 1465 quam
1212 1428 1310 1454 cum
1345 1413 1434 1453 ulla
1456 1413 1640 1464 macula,
1662 1413 1732 1454 vel

262 1484 531 1533 tenuissima,
566 1485 608 1524 in
646 1486 730 1525 Dei
764 1487 910 1526 venire
947 1492 1242 1539 conspectum.
1309 1487 1402 1527 Nec
1434 1494 1596 1535 tamen,
1631 1488 1734 1540 quia

263 1556 522 1597 voluntariae
555 1565 666 1607 sunt,
692 1559 853 1599 idcirco
877 1567 1125 1600 merentur:
1158 1561 1234 1600 sed
1266 1561 1364 1601 ideo
1388 1575 1475 1601 non
1501 1567 1734 1610 merentur,

265 1631 367 1682 quia
409 1638 510 1671 sunt
547 1638 675 1672 extra
712 1634 947 1672 terminum
986 1635 1191 1686 viamque
1229 1635 1437 1674 merendi.
1499 1635 1733 1675 Viatorum

264 1710 412 1744 autem
445 1711 619 1745 tantum
657 1713 722 1746 est
761 1708 915 1755 meriti,
950 1721 1037 1747 non
1076 1722 1225 1748 eorum
1265 1709 1339 1760 qui
1376 1709 1457 1748 vias
1495 1710 1733 1749 terminum

265 1780 516 1832 attigerunt.

354 1859 409 1893 20.
447 1853 498 1892 Id
537 1855 655 1906 quod
699 1868 854 1907 poenas
897 1856 1128 1908 impositas
1160 1855 1425 1896 difficiliores
1459 1855 1564 1896 facit
1601 1869 1734 1909 quam

266 1927 379 1967 ultro
424 1934 660 1980 susceptas,
705 1934 770 1968 cst
818 1930 1070 1981 ignominia:
1120 1929 1310 1970 dedecus
1354 1931 1472 1983 quod
1520 1930 1604 1970 illae
1647 1930 1738 1971 fere

265 2001 524 2053 adjunctum
568 2002 745 2052 habent,
780 2009 941 2043 nostrae
977 2017 1079 2043 vero
1122 2003 1298 2043 laudem
1343 2005 1490 2056 potius
1528 2010 1571 2043 et
1603 2005 1736 2044 decus

263 2075 440 2115 habent.
482 2076 580 2115 Imo
599 2076 717 2128 quod
736 2077 932 2116 omnium
952 2076 1254 2116 difficillimum
1274 2091 1482 2129 perpessu
1501 2083 1577 2125 est,
1597 2077 1736 2130 quod—

265 2163 349 2200 que
372 2149 569 2188 maxime
593 2150 677 2188 urit
699 2149 742 2187 in
766 2150 955 2202 irrogata
979 2163 1112 2202 poena
1134 2150 1325 2190 dedecus
1350 2156 1426 2199 est,
1451 2164 1538 2202 quo
1561 2149 1735 2190 sublato

265 2236 352 2262 non
376 2235 538 2274 magna
562 2222 803 2262 admodum
835 2224 1053 2263 censenda
1083 2237 1216 2276 poena
1247 2230 1323 2272 est,
1349 2224 1482 2263 etiam
1513 2225 1547 2263 si
1578 2238 1737 2277 corpus

265 2296 487 2336 excruciet
530 2302 573 2335 et
615 2310 791 2336 sensum
836 2297 981 2346 laedat,
1026 2298 1128 2350 quia
1170 2298 1386 2337 cruciatus
1437 2298 1582 2347 animi,
1625 2312 1736 2350 quos

265 2370 396 2410 infert
434 2369 689 2422 ignominia,
734 2370 922 2423 majores
966 2377 1066 2411 sunt
1099 2384 1231 2423 quam
1275 2371 1467 2424 corporis
1510 2372 1737 2421 cruciatus,

265 2448 313 2484 ut
343 2442 471 2483 docet
496 2442 776 2484 S.Thomas.1
840 2443 977 2497 Cujus
1000 2445 1059 2484 rei
1084 2445 1295 2484 indicium
1320 2458 1414 2484 esse
1436 2450 1594 2497 potest,
1619 2444 1739 2497 quod

265 2516 438 2557 dolores
481 2518 673 2570 corporis
715 2525 872 2571 sponte
914 2519 1011 2571 quis
1054 2519 1235 2571 suscipit
1278 2524 1325 2558 ut
1368 2518 1549 2570 effugiat
1591 2518 1738 2567 animi,

265 2591 479 2643 multique
522 2591 693 2631 malunt
729 2593 864 2632 vitam
909 2594 1113 2645 corporis,
1150 2606 1283 2644 quam
1322 2592 1546 2640 honorem,
1587 2593 1660 2644 qui
1693 2592 1738 2631 in

264 2665 391 2705 bonis
423 2666 556 2705 animi
592 2672 856 2715 numeratur,
881 2667 1094 2706 amittere.

351 2738 503 2779 Oritur
551 2740 594 2779 in
646 2739 810 2779 inflicta
863 2753 996 2792 poena
1047 2739 1237 2780 dedecus
1279 2740 1438 2793 triplici
1491 2753 1547 2779 ex
1599 2738 1732 2779 fonte.

263 2812 469 2862 Primum,
502 2813 606 2866 quia
637 2826 737 2854 cum
770 2826 905 2867 poena
939 2813 1154 2853 afficimur
1183 2814 1490 2854 existimamus
1523 2826 1601 2853 nos
1633 2825 1731 2866 par-

779 2902 791 2922 1
817 2903 851 2936 S.
876 2912 902 2937 1.
931 2911 961 2936 2.
983 2914 1014 2945 q.
1043 2909 1093 2945 35.
1122 2914 1151 2936 a.
1172 2909 1201 2945 7.
