1903 3197
275 171 297 216 5
311 173 366 202 22
527 188 530 189 ν
596 157 677 203 De
708 157 900 203 ratione
933 156 1127 203 vivendi
1166 156 1427 203 Socz‘elatis.

276 290 519 330 mittendus
572 296 638 330 est
691 291 733 329 in
786 289 1011 331 salubrius.
1095 291 1168 332 Sic
1220 290 1337 330 enim
1396 289 1750 331 Constitutiones

276 365 423 403 aiunt:
474 363 562 405 “Si
605 365 913 417 experimento
955 365 1269 418 comperiretur
1315 363 1472 416 aliquis
1509 363 1618 403 serre
1659 377 1747 404 non

274 452 403 491 posse
426 437 609 490 alicujus
636 439 826 490 regionis
856 438 1029 488 coelum,
1054 445 1097 478 et
1129 438 1244 478 male
1276 436 1439 477 habere
1471 438 1748 478 continenter

275 517 554 561 cernerertur,
593 511 818 565 Superiori
853 512 1221 553 considerandum
1264 511 1502 564 reliquitur,
1536 525 1641 551 num
1676 511 1749 551 ille

277 587 463 639 migrare
495 585 581 626 alio
613 599 700 626 non
733 586 932 634 debeat,''
956 593 1034 626 etc.

362 660 529 700 Verum
564 674 619 700 ne
657 661 843 700 nimium
882 660 1055 701 facilem
1095 660 1304 713 Superior
1335 661 1429 713 ipse
1463 673 1509 699 se
1540 658 1749 712 praebeat,

275 740 362 774 tres
394 734 668 774 conditiones
697 748 723 774 a
755 734 1154 774 Constitutionibus
1187 734 1474 787 requiruntur.
1540 733 1753 782 Primum,

276 815 323 848 ut
358 809 665 862 experimento
703 814 980 861 compertum
1015 808 1082 858 sit,
1117 808 1278 848 coelum
1312 808 1575 848 valetudinis
1610 821 1749 861 aegro-

275 884 410 922 tantis
447 883 630 930 officere,
670 897 727 922 ex
767 882 1010 922 continenti
1058 881 1223 921 scilicet
1270 882 1595 922 invaletudine:
1648 881 1748 921 ideo

275 957 475 1006 addunt;
536 957 635 996 “Et
708 956 823 995 male
887 955 1050 996 habere
1116 956 1392 996 continenter
1466 955 1748 996 cerneretur.''

275 1030 491 1078 SecundO,
526 1036 574 1070 ut
617 1043 704 1070 non
748 1029 969 1082 cupiditas
1006 1035 1229 1082 spectetur
1270 1029 1423 1081 aegroti
1464 1029 1533 1069 vel
1575 1029 1747 1078 infirmi,

274 1104 350 1143 sed
394 1104 591 1144 divinum
630 1104 872 1144 dumtaxat
910 1104 1202 1156 obsequium;
1250 1109 1293 1143 et
1340 1103 1395 1143 de
1440 1103 1525 1143 hoc
1571 1103 1750 1143 dicunt:

274 1178 404 1218 “Ubi
451 1178 608 1218 melius
649 1178 821 1218 habens
864 1191 1055 1230 corpore,
1100 1178 1340 1231 impensius
1381 1177 1530 1217 divino
1572 1176 1748 1217 servitio

273 1266 427 1292 vacare
459 1252 633 1306 possit.'’
697 1252 863 1301 Tertio,
899 1259 946 1292 ut
968 1252 1064 1292 hfec
1095 1253 1282 1292 mutatio
1314 1265 1401 1291 non
1434 1251 1491 1291 ab
1523 1252 1618 1304 ipso
1651 1264 1751 1304 pos-

274 1325 438 1366 tuletur
479 1326 666 1376 infirmo,
709 1333 785 1366 aut
834 1326 1129 1379 propensione
1175 1326 1309 1365 animi
1351 1325 1630 1378 significetur,
1672 1325 1749 1365 sed

277 1400 522 1453 Superioris
576 1401 852 1453 relinquatur
903 1401 1111 1441 arbitrio:
1173 1406 1217 1440 et
1264 1400 1347 1440 hoc
1399 1399 1451 1439 iis
1501 1398 1750 1451 significant

274 1476 443 1524 verbis;
493 1475 633 1515 “Non
668 1475 748 1515 erit
786 1476 923 1528 ipsius
961 1475 1120 1514 infirmi
1162 1474 1416 1527 hujusmodi
1458 1474 1749 1514 mutationem

274 1549 509 1603 postulare,
553 1563 633 1589 nec
672 1550 830 1590 animis
874 1550 1215 1602 propensionem
1257 1549 1313 1589 ad
1367 1562 1461 1589 eam
1507 1549 1750 1597 ostendere,

273 1624 350 1664 Sed
396 1623 643 1677 Superioris
686 1637 800 1664 curae
845 1624 888 1664 id
934 1623 1237 1677 relinquetur.”
1302 1623 1387 1663 His
1424 1623 1750 1663 conditionibus

274 1697 359 1738 hoc
393 1699 573 1738 remedii
611 1711 750 1751 genus
790 1699 973 1738 concedi
1016 1698 1159 1746 debet,
1206 1697 1295 1736 imo
1338 1697 1584 1737 necessario
1628 1696 1752 1736 adhi-

274 1772 376 1820 beri,
402 1773 629 1824 curarique
653 1786 707 1811 ne
730 1773 835 1824 quid
860 1773 1045 1812 omnino
1078 1772 1133 1811 de
1164 1770 1366 1811 absoluta
1389 1784 1491 1811 cura
1514 1770 1750 1810 desiderari

274 1852 416 1898 queat.
502 1846 650 1899 Quare
693 1860 792 1887 cum
835 1847 879 1886 in
922 1846 1130 1886 habenda
1173 1847 1327 1898 aegroti
1371 1846 1538 1886 ratione
1581 1844 1749 1884 nullum

274 1935 417 1973 neque
454 1935 667 1974 personse‚
706 1935 849 1974 neque
887 1921 1070 1961 remedii
1110 1921 1343 1960 discrimen
1378 1920 1540 1960 faciant
1577 1919 1754 1960 Consti—

272 1996 467 2036 tutiones
490 2001 663 2046 nostrae‚
687 1997 764 2036 sed
792 1996 1055 2049 cuicumque
1090 1995 1323 2048 aegrotanti
1350 1995 1536 2048 quodvis
1569 1993 1750 2034 remedii

273 2083 413 2123 genus
450 2075 604 2123 aptum
644 2077 686 2111 et
722 2071 991 2110 conveniens
1033 2069 1230 2110 adhiberi
1268 2069 1415 2119 velint,
1453 2082 1615 2121 magna
1651 2081 1751 2121 pro·

274 2144 390 2184 fecto
421 2144 517 2185 haec
549 2158 651 2185 cura
683 2145 903 2185 censenda
935 2151 1011 2185 est.

362 2219 525 2267 Tertio,
544 2225 743 2259 versatur
776 2219 870 2259 haec
901 2220 1060 2259 eadem
1091 2218 1352 2272 magnitudo
1382 2231 1506 2266 curae,
1532 2229 1665 2269 quam
1695 2217 1752 2256 de

275 2293 452 2344 aeg1·otis
493 2306 644 2344 gerere
683 2292 941 2345 Superiores
990 2293 1166 2342 debent,
1204 2294 1247 2332 in
1285 2292 1494 2332 facultate
1541 2298 1584 2331 et
1630 2304 1749 2331 com-

275 2366 490 2406 moditate
541 2367 781 2419 praebenda
844 2367 1096 2419 exequendi
1154 2380 1216 2416 ea,
1276 2380 1374 2418 quae
1436 2365 1749 2419 praescripserit

275 2440 471 2480 medicus
509 2445 601 2480 tam
640 2440 682 2480 in
719 2441 860 2480 victus
898 2441 1077 2489 ratione,
1119 2454 1253 2493 quam
1291 2440 1334 2479 in
1373 2439 1609 2479 medicinis.
1675 2438 1748 2479 Sic

275 2514 392 2554 enim
433 2513 783 2554 Constitutiones
819 2514 1012 2555 habent:
1047 2514 1361 2555 “Observetur
1397 2520 1489 2554 tam
1528 2514 1570 2553 in
1607 2513 1747 2554 victus

275 2589 444 2628 ratione
486 2601 620 2641 quam
662 2589 705 2628 in
748 2589 976 2629 medicinis
1013 2589 1132 2642 quod
1178 2589 1375 2628 medicus
1420 2587 1747 2641 prsescripserit,

276 2669 492 2715 quantum
524 2662 615 2702 fieri
648 2662 844 2716 poterit.''
909 2664 1039 2704 Hanc
1075 2670 1223 2704 autem
1260 2663 1515 2703 facultatem
1553 2662 1748 2715 praebere

278 2736 488 2790 Superior
523 2737 657 2778 debet
694 2738 867 2777 duobus
904 2738 1124 2791 praecipue
1169 2739 1322 2779 modis.
1388 2737 1593 2785 Primum,
1618 2735 1750 2776 nullis

276 2811 499 2864 parcendo
540 2812 801 2865 sumptibus,
839 2813 929 2852 sive
967 2813 1010 2851 in
1046 2813 1188 2852 victus
1230 2812 1410 2860 ratione,
1449 2824 1549 2851 cum
1587 2810 1749 2850 delica-

274 2885 408 2925 tiores
450 2891 493 2926 et
536 2886 677 2938 magis
719 2886 928 2939 exquisiti
982 2887 1213 2927 necessarii
1261 2892 1364 2926 sunt
1405 2885 1518 2936 cibi;
1570 2885 1661 2924 sive
1702 2883 1745 2923 in
