1903 3197
248 176 343 225 274
574 163 656 209 De
688 163 878 210 ratione
911 162 1105 209 vivendi
1137 162 1399 210 Socz'etatz‘s.

245 310 304 336 ex
345 294 550 336 admissis
591 294 729 343 malis,
773 295 836 335 ita
876 295 1011 335 etiam
1062 294 1226 347 gratias
1273 293 1372 346 jure
1412 294 1585 346 agimus
1637 307 1718 347 pro

244 369 382 423 partis
411 369 548 410 bonis.
595 368 780 408 Naturae
806 373 956 409 autem
981 373 1328 408 consentaneum
1352 373 1428 416 est,
1452 369 1571 420 prius
1599 368 1718 409 bona

245 448 291 484 et
319 443 439 483 lucra
467 442 681 496 respicere
713 456 814 495 quae
846 442 903 482 sis
935 442 1137 494 adeptuS,
1161 454 1295 493 quam
1324 441 1589 481 detrimenta
1617 455 1716 494 quae

245 518 439 571 ceperis;
474 517 641 557 bonum
674 530 866 569 namque
892 529 971 569 per
1001 528 1048 555 se
1077 520 1313 567 spectatur,
1350 521 1393 554 et
1424 514 1468 553 in
1500 515 1544 554 id
1576 515 1720 568 primo

246 604 372 632 mens
409 591 504 644 ipsa
541 590 683 640 fertur,
716 595 872 643 postea
908 594 1058 629 autem
1103 587 1268 627 malum
1313 587 1546 640 repellitur,
1585 594 1718 640 atque

246 664 408 706 idcirco
451 665 570 718 prius
608 663 841 705 adhibetur
875 664 990 704 actio
1022 663 1265 715 gratiarum
1304 675 1437 714 quam
1475 661 1601 701 dolor
1632 662 1722 702 luc-

246 743 407 791 tusque
438 738 709 791 suscipiatur.
775 738 884 778 Ideo
912 736 1111 784 Basilius,
1141 749 1242 775 cum
1276 735 1332 775 de
1361 735 1620 787 quotidiana
1651 736 1718 775 sui

245 812 517 854 discussione
539 812 811 864 loqueretur:
836 811 997 852 “Circa
1020 809 1189 858 finem,''
1210 809 1364 861 inquit,
1384 809 1499 848 “diei
1524 822 1724 849 necessa-

246 887 358 927 rium
401 891 468 926 est
519 891 568 925 ut
608 886 664 925 de
706 886 768 935 iis,
802 898 903 937 quae
946 884 1020 924 illo
1072 883 1201 923 nobis
1242 883 1313 923 die
1356 883 1462 923 data
1502 890 1605 923 sunt
1646 888 1724 923 aut

247 959 473 1012 acquisita,
505 958 668 1010 gratias
701 971 911 1010 agamus;
946 963 990 997 et
1021 956 1056 995 si
1089 956 1198 1008 quid
1229 956 1285 995 sit
1313 961 1461 995 actum
1489 956 1723 1006 remissius,

249 1033 340 1073 sive
388 1030 597 1071 delictum
650 1030 830 1082 aliquod
883 1030 1183 1078 commissum,
1238 1028 1386 1068 Deum
1437 1028 1724 1081 placemus.’'1

250 1106 312 1146 Et
354 1104 729 1156 Chrysostomus:
772 1103 960 1143 “Dicito
1003 1104 1046 1143 in
1089 1102 1221 1143 corde
1262 1107 1351 1152 tuo,
1394 1108 1439 1142 et
1479 1102 1523 1141 in
1576 1103 1724 1143 anima

247 1186 337 1228 tua,
391 1178 704 1231 Expendimus
746 1177 865 1217 diem
910 1176 950 1218 O
997 1177 1156 1225 anima,
1200 1176 1321 1228 quod
1375 1176 1479 1215 boni
1529 1175 1723 1225 fecimus,

249 1257 327 1294 aut
359 1252 478 1304 quod
517 1251 621 1292 mali
663 1251 833 1304 operati
876 1250 1060 1291 sumus?
1113 1250 1174 1290 Et
1216 1250 1251 1289 si
1294 1249 1400 1301 quid
1437 1249 1578 1289 fecisti
1610 1249 1728 1299 boni,

249 1326 414 1380 gratias
459 1338 542 1378 age
585 1325 712 1375 Deo;
756 1326 789 1365 si
834 1325 941 1377 quid
985 1323 1101 1373 mali,
1140 1325 1196 1364 de
1237 1329 1398 1363 caetero
1445 1336 1500 1362 ne
1541 1321 1730 1363 facias.'’2

254 1398 477 1440 Climacus
539 1412 728 1451 quoque,
791 1405 839 1439 ut
900 1398 1109 1447 diximus,
1172 1398 1229 1438 ad
1291 1397 1386 1437 haee
1448 1397 1536 1437 duo
1599 1396 1731 1438 refert

254 1472 563 1514 examen—ad
609 1472 778 1512 lucrum
826 1479 869 1512 et
913 1472 1257 1520 detrimentum3
1310 1477 1355 1511 et
1397 1462 1618 1523 optimum
1668 1470 1732 1511 ait

254 1560 352 1587 esse
394 1546 517 1586 illum
559 1547 833 1599 trapezitam,
877 1546 952 1598 qui
993 1545 1193 1598 quotidie
1233 1558 1414 1598 vespere
1466 1545 1634 1584 lucrum
1686 1549 1732 1585 et

254 1619 571 1660 detrimentum
605 1625 846 1673 computat,
872 1620 1077 1660 nimirum
1109 1625 1156 1659 ut
1189 1618 1296 1659 illud
1330 1618 1509 1671 quidem
1541 1624 1730 1667 tueatur,

254 1706 336 1745 pro
374 1705 515 1744 eoque
551 1693 715 1744 gratias
748 1698 879 1745 agat;
913 1692 997 1732 hoc
1028 1697 1177 1732 autem
1211 1692 1370 1744 lugeat,
1402 1696 1447 1731 et
1483 1692 1602 1743 quod
1640 1691 1734 1731 fieri

257 1770 407 1818 potest
460 1765 696 1805 imminuat
736 1772 872 1819 atque
905 1764 1106 1806 elevet.’'3
1187 1765 1247 1806 Et
1294 1765 1341 1804 B.
1366 1764 1601 1816 Gregorius
1633 1777 1734 1804 cum

259 1838 448 1879 dixisset
486 1838 648 1879 debere
680 1839 1024 1891 uniuscujusque
1057 1843 1252 1878 mentem
1287 1851 1441 1878 causas
1477 1851 1578 1878 suas
1615 1838 1735 1890 apud

261 1911 520 1961 Dominum,
560 1918 604 1952 et
641 1926 795 1952 causas
836 1912 1018 1952 Domini
1061 1917 1216 1952 contra
1256 1925 1303 1951 se
1344 1911 1514 1951 solicita
1556 1911 1737 1963 inquisi-

259 1985 383 2026 tione
414 1985 646 2034 discutere,
682 1986 912 2039 explicans
944 1985 1277 2039 quodammodo
1310 1985 1353 2025 id
1385 1985 1506 2037 quod
1547 1984 1736 2034 dixerat,

261 2060 325 2100 ita
361 2058 563 2112 subjicit:
611 2059 798 2100 “Debet
830 2065 958 2100 caute
994 2072 1180 2112 pensare
1216 2058 1284 2098 vel
1315 2071 1416 2110 quae
1447 2058 1505 2098 ab
1537 2071 1589 2097 eo
1621 2057 1740 2098 bona

262 2133 520 2185 perceperit,
561 2132 631 2172 vel
674 2147 774 2185 quae
817 2132 935 2173 mala
976 2133 1102 2172 bonis
1145 2132 1259 2172 illius
1309 2144 1510 2184 perverse
1550 2130 1740 2171 vivendo

262 2205 576 2258 responderit.'’
595 2204 610 2227 4
652 2205 806 2257 Atque
829 2205 924 2245 haec
947 2211 1013 2245 est
1042 2219 1186 2253 causa,
1209 2218 1285 2244 cur
1315 2203 1358 2243 P.
1383 2204 1436 2243 N.
1464 2204 1665 2256 Ignatius
1697 2208 1743 2244 et

262 2278 504 2330 gratiarum
554 2278 776 2318 actionem
819 2278 1120 2318 adhibendam
1163 2291 1257 2318 esse
1298 2277 1515 2317 censuerit
1566 2277 1610 2316 in
1651 2276 1741 2317 dis-

265 2351 473 2391 cutienda
511 2365 590 2391 sua
628 2351 907 2400 conscientia,
946 2357 989 2391 et
1026 2364 1102 2391 cur
1137 2364 1235 2390 eam
1277 2356 1558 2404 peccatorum
1601 2349 1743 2402 poeni-

263 2424 416 2464 tentiae
462 2424 694 2476 veniaeque
750 2424 952 2477 petitioni
1005 2424 1268 2465 antetulerit.
1363 2424 1436 2463 Ex
1488 2423 1555 2463 his
1607 2423 1741 2463 etiam

265 2497 565 2550 intelligimus,
599 2498 656 2537 de
687 2498 953 2550 quibusnam
986 2498 1212 2538 beneficiis
1244 2498 1331 2537 sint
1361 2496 1544 2549 agenda:
1575 2496 1740 2549 gratiae.

357 2571 482 2611 Licet
515 2571 632 2611 enim
677 2571 720 2612 S.
755 2572 957 2624 Ignatius
1000 2573 1044 2612 id
1087 2585 1174 2612 non
1216 2570 1421 2624 explicet,
1458 2570 1744 2622 intelligimus

265 2650 417 2685 tamen
436 2659 493 2685 ex
513 2645 677 2694 Basilii,
697 2645 923 2698 Chrysost.
941 2652 983 2685 et
1004 2644 1202 2698 Gregorii
1227 2644 1456 2693 sententia,
1475 2657 1553 2696 pro
1575 2644 1627 2682 iis
1650 2655 1746 2682 esse

265 2718 486 2772 praecipue
517 2718 738 2759 beneficiis
774 2719 970 2771 agendas
1003 2719 1177 2771 gratias,
1203 2731 1301 2771 quae
1335 2719 1431 2771 ipso
1462 2717 1534 2757 die
1562 2720 1746 2768 accepta

443 2822 456 2842 ¹
480 2824 591 2857 Ascet.
613 2835 639 2858 c.
663 2831 714 2866 37.
851 2823 865 2842 2
892 2825 995 2855 Hom.
1018 2832 1046 2855 2.
1069 2825 1101 2854 in
1128 2825 1180 2855 Ps.
1203 2830 1253 2865 50.
1389 2821 1403 2842 3
1428 2823 1528 2855 Grad.
1550 2832 1580 2862 4.

834 2874 847 2893 4
875 2875 960 2907 Mor.
982 2875 1003 2906 l.
1026 2881 1077 2915 25.
1099 2885 1126 2906 c.
1150 2882 1178 2915 7.
