1903 3197
607 186 767 233 Iudex
799 185 1147 248 opusculorum.
1517 183 1601 231 xiii

548 353 880 388 OPUSCULUM
918 352 1190 386 DECIMUM.

143 455 207 489 DE
234 454 447 496 EXAMINE‚
473 459 525 485 ET
549 457 822 485 DlscussmNE
848 457 936 483 SUAE
961 456 1250 483 CONSCIENTIAE
1367 475 1375 481 .
1472 476 1479 482 .
1531 413 1598 493 {1:⁵01

234 524 251 570 ξ
281 535 308 560 1.
337 523 470 569 Quoad
487 523 749 557 necessitatem
766 521 972 567 quotidiani
990 520 1171 555 examinis
1261 548 1267 553 .
1366 547 1373 554 .
1470 547 1478 554 .
1530 527 1600 564 252

233 596 250 642 ξ
278 607 307 632 2.
337 596 472 641 Quoad
488 595 686 629 utilitatem
704 593 912 639 quotidiani
931 592 1111 628 examinis
1153 619 1160 626 .
1260 619 1267 625 .
1365 619 1372 625 .
1471 619 1479 626 .
1532 591 1602 634 264

505 792 837 828 OPUSCULUM
875 791 1230 827 UNDECIMUM.

136 892 187 926 IN
214 892 420 926 REGULAM
447 891 501 925 28.
520 898 577 924 DE
606 891 836 925 CASTITATE
943 916 951 923 .
1048 915 1056 924 .
1153 916 1161 923 .
1259 915 1266 922 .
1365 915 1372 922 .
1471 915 1478 922 .
1531 895 1599 931 307

230 962 247 1006 ξ
277 973 304 998 1.
334 963 479 997 Puritas
496 962 657 1008 perfecte
675 969 730 997 est
749 961 932 997 servanda
1049 987 1056 995 .
1155 987 1162 994 .
1261 987 1269 994 .
1367 987 1373 994 .
1470 987 1478 994 .
1530 968 1601 1003 307

229 1034 246 1080 ξ
274 1045 303 1070 2.
331 1035 512 1079 Angelica
529 1034 669 1079 puritas
687 1040 743 1068 est
761 1033 942 1068 imitanda
1048 1060 1056 1067 .
1155 1059 1162 1066 .
1261 1059 1268 1066 .
1366 1059 1373 1066 .
1472 1060 1478 1066 .
1531 1040 1599 1075 313

229 1107 247 1153 ξ
274 1117 304 1151 3.
331 1107 513 1152 Angelica
530 1107 671 1152 puritas
689 1112 744 1141 est
762 1105 922 1140 difficilis
1049 1132 1056 1139 .
1154 1132 1161 1139 .
1259 1132 1266 1138 .
1365 1131 1371 1138 .
1470 1131 1477 1138 .
1530 1112 1601 1147 320

229 1179 439 1214 Difficultas
456 1191 501 1215 ex
518 1180 684 1214 humana
701 1178 955 1213 imbecillitate
1047 1205 1054 1211 .
1153 1204 1160 1211 .
1260 1203 1267 1210 .
1365 1203 1372 1210 .
1470 1203 1478 1210 .
1530 1185 1596 1220 321

228 1251 438 1286 Difficultas
456 1262 500 1285 ex
517 1262 643 1296 pugna
660 1250 860 1284 universali
925 1248 950 1283 ⁹.
1047 1277 1052 1283 .
1154 1275 1160 1283 .
1260 1276 1266 1283 .
1365 1275 1372 1282 .
1470 1275 1478 1283 .
1529 1257 1600 1291 324

226 1323 436 1358 Difficultas
457 1329 607 1368 propter
623 1322 780 1356 insidias
837 1348 843 1356 .
942 1349 949 1356 .
1047 1349 1054 1356 .
1154 1348 1161 1354 .
1259 1348 1266 1354 .
1365 1347 1372 1354 .
1470 1347 1478 1355 .
1529 1330 1598 1365 329

225 1395 243 1442 ξ
268 1405 299 1438 4.
329 1396 390 1432 De
405 1395 538 1431 mediis
556 1395 605 1429 ad
622 1394 842 1439 Angelicam
859 1394 1062 1439 puritatem
1152 1420 1160 1428 .
1258 1420 1265 1427 .
1364 1419 1372 1427 .
1468 1420 1476 1427 .
1529 1401 1595 1438 335

485 1595 815 1630 OPUSCULUM
854 1594 1250 1629 DUODECIMUM.

131 1691 197 1725 DE
223 1692 470 1727 D15c1PL1NA
495 1700 657 1736 MENSAE,
674 1700 808 1733 JUXTA
831 1692 1048 1726 SUMMARH
1077 1692 1284 1726 REGULAM
1305 1700 1358 1735 30.
1411 1691 1475 1725 Ex

226 1772 258 1807 3.
278 1772 394 1798 PART.
413 1772 446 1799 C.
470 1774 496 1799 1.
517 1764 536 1809 ξ
556 1772 586 1809 5.
728 1791 737 1799 .
833 1792 840 1799 .
939 1792 946 1798 .
1045 1790 1052 1798 .
1150 1790 1158 1797 .
1256 1792 1262 1798 .
1362 1790 1369 1797 .
1467 1790 1475 1797 .
1527 1762 1596 1806 366

227 1834 246 1880 ξ
275 1845 303 1870 1.
331 1837 392 1871 De
409 1836 482 1871 cibi
499 1836 670 1871 sumendi
687 1837 830 1871 ratione
943 1865 948 1870 .
1047 1863 1053 1870 .
1152 1863 1159 1869 .
1257 1863 1264 1870 .
1362 1863 1369 1870 .
1527 1835 1596 1879 366

228 1907 246 1953 ξ
272 1917 303 1942 2.
332 1908 392 1942 De
406 1908 666 1942 benedictione
682 1919 823 1942 mensae
941 1935 948 1942 .
1047 1934 1054 1941 .
1151 1934 1158 1941 .
1257 1934 1265 1941 .
1362 1934 1369 1940 .
1467 1934 1474 1942 .
1525 1907 1594 1951 382

226 1978 244 2024 ξ
270 1988 300 2022 3.
330 1980 390 2014 De
406 1979 565 2014 lectione
582 1979 631 2013 ad
647 1991 818 2014 mensam
938 2006 945 2013 .
1043 2005 1050 2013 .
1150 2006 1156 2013 .
1254 2005 1262 2012 .
1360 2005 1368 2012 .
1466 2005 1473 2013 .
1524 1978 1593 2020 388

413 2171 746 2206 OPUSCULUM
783 2170 1310 2206 DECIMUMTERTIUM.

131 2269 197 2303 DE
213 2268 503 2303 VALETUDINIS
522 2276 723 2302 HABENDA
741 2276 937 2312 RATIONE,
954 2275 1089 2308 JUXTA
1108 2268 1473 2302 CONSTITUTIONES

222 2348 275 2376 Ac
301 2341 519 2375 REGULAS.
617 2367 625 2375 .
722 2367 729 2374 .
827 2367 834 2374 .
934 2366 941 2373 .
1039 2366 1046 2373 .
1145 2366 1153 2373 .
1252 2366 1259 2373 .
1357 2365 1364 2374 .
1464 2365 1471 2372 .
1522 2346 1590 2382 393

132 2412 177 2446 In
196 2412 380 2456 Regulam
398 2412 597 2447 Surnrnarii
615 2412 670 2454 46.
725 2439 732 2446 .
830 2439 837 2445 .
935 2438 942 2444 .
1041 2439 1047 2445 .
1147 2438 1155 2445 .
1252 2438 1259 2445 .
1357 2438 1365 2445 .
1463 2436 1471 2444 .
1522 2416 1590 2453 395

224 2483 242 2529 ξ
270 2494 298 2519 1.
327 2485 386 2518 De
403 2484 519 2518 nimia
535 2484 699 2529 corporis
717 2483 965 2518 sollicitudine
1042 2510 1049 2517 .
1146 2511 1153 2517 .
1252 2510 1260 2517 .
1358 2510 1364 2517 .
1463 2509 1470 2516 .
1522 2488 1588 2526 395

224 2555 242 2600 ξ
269 2566 299 2591 2.
329 2557 388 2591 De
404 2556 597 2591 moderata
614 2556 777 2601 corporis
796 2567 883 2590 cura
936 2582 943 2589 .
1040 2582 1048 2589 .
1146 2582 1152 2589 .
1251 2582 1259 2589 .
1357 2582 1364 2589 .
1463 2581 1470 2588 .
1520 2563 1545 2595 4
1559 2561 1575 2586 Ι

224 2626 242 2672 ξ
268 2637 298 2671 3.
328 2629 387 2662 De
403 2628 606 2662 moderatae
623 2639 721 2662 curae
739 2627 854 2671 signis
936 2654 943 2661 .
1042 2653 1049 2660 .
1147 2654 1154 2660 .
1252 2654 1259 2661 .
1357 2654 1364 2661 .
1463 2653 1470 2660 .
1521 2634 1592 2667 414

133 2700 179 2734 In
197 2699 381 2744 Regulam
402 2699 601 2734 Summarii
618 2707 672 2742 47.
723 2726 730 2733 .
829 2725 836 2733 .
936 2727 942 2732 .
1041 2725 1048 2732 .
1145 2725 1152 2732 .
1251 2726 1258 2733 .
1358 2725 1365 2732 .
1462 2725 1469 2731 .
1520 2705 1588 2738 421

222 2770 240 2816 ξ
270 2781 297 2806 1.
326 2773 386 2806 De
402 2772 517 2805 nimio
534 2771 662 2806 labore
678 2770 831 2805 vitando
935 2797 942 2805 .
1041 2798 1047 2804 .
1146 2796 1153 2804 .
1251 2797 1258 2804 .
1357 2796 1364 2803 .
1461 2796 1468 2803 .
1519 2777 1586 2810 421

222 2842 239 2889 ξ
266 2854 295 2879 2.
325 2845 385 2879 De
402 2844 623 2879 necessitate
641 2843 822 2878 moderati
840 2842 978 2877 laboris
1040 2868 1048 2876 .
1145 2869 1152 2875 .
1251 2869 1257 2876 .
1356 2869 1362 2875 .
1463 2868 1468 2873 .
1519 2845 1587 2883 425

225 2914 242 2960 ἓ
270 2925 300 2959 3.
331 2917 389 2951 De
407 2916 538 2951 studiis
555 2915 689 2950 mentis
708 2914 1019 2959 interrumpendis
1150 2939 1157 2946 .
1254 2939 1261 2946 .
1361 2939 1367 2945 .
1465 2939 1471 2945 .
1522 2919 1591 2955 433
