1903 3197
277 198 294 228 1
307 183 367 242 58
595 180 675 226 De
709 180 899 226 ratione
933 180 1127 227 vivendi
1161 180 1419 228 Socz'etczlz's.

268 315 440 357 offensa
483 312 571 352 fere
614 312 731 353 sint?
814 311 947 364 Quod
989 314 1023 353 si
1066 312 1161 354 haec
1204 314 1247 352 in
1293 313 1525 365 Religione
1567 314 1737 367 perpeti

272 389 441 430 minora
493 386 743 439 refugimus,
796 393 990 440 apparet,
1043 401 1097 427 ne
1147 394 1241 428 tum
1295 387 1486 440 quidem,
1530 401 1630 427 cum
1683 388 1738 428 ab

272 462 436 504 exteris
492 467 625 514 atque
683 460 932 501 infidelibus
989 463 1240 514 expetimus
1303 462 1489 510 duriora,
1547 461 1737 502 solidum

271 551 366 579 esse
407 542 541 590 atque
582 549 841 589 germanum
884 536 1111 588 patientiae
1143 535 1437 585 desiderium3
1476 535 1552 575 sed
1590 536 1738 588 potius

272 611 466 653 studium
490 610 716 663 quoddam
740 609 880 649 inanis
902 609 1066 661 gloriae,
1089 623 1176 661 qua
1206 609 1346 661 magis
1369 609 1580 658 ducimur,
1604 621 1738 661 quam

261 691 349 727 ,aut
385 685 597 725 charitate
636 683 721 723 Dei
760 688 835 723 aut
872 683 1133 723 humilitatis
1171 683 1334 723 ardore.
1414 683 1466 722 In
1506 683 1738 735 Religione

272 760 436 813 quippe
488 756 778 798 contumelias
831 763 874 796 et
926 757 1144 796 dedecora
1188 757 1357 809 perpeti
1410 770 1509 796 cum
1558 757 1739 796 minime

271 838 484 886 appareat
520 831 771 884 gloriosum,
806 831 907 870 inde
946 830 994 870 fit
1036 837 1083 870 ut
1121 844 1172 870 ea
1208 831 1405 883 plerique
1443 832 1557 870 intra
1589 831 1740 870 dome-

270 906 404 947 sticos
438 905 627 958 parietes
665 903 847 956 fugiant,
887 917 987 943 cum
1025 909 1173 943 tamen
1213 903 1366 943 eadem
1406 905 1523 956 apud
1564 910 1741 944 exteros

272 983 592 1021 consectantur.
669 976 736 1017 At
768 976 1085 1017 assuescendus
1117 976 1184 1016 his
1226 977 1469 1016 minoribus
1511 984 1577 1017 est
1619 978 1740 1029 igno-

273 1054 431 1102 miniis,
465 1058 508 1092 et
546 1051 799 1092 domesticis
835 1049 1109 1090 exercendus
1146 1050 1318 1089 animus
1356 1051 1537 1103 probris,
1570 1051 1604 1090 si
1640 1063 1742 1090 vere

272 1127 476 1168 volumus
523 1124 645 1176 digni
699 1137 792 1163 esse
836 1122 1086 1174 majoribus.
1172 1123 1237 1163 Ut
1284 1122 1326 1164 S.
1361 1123 1432 1163 ille
1476 1121 1634 1173 Pater,1
1667 1123 1741 1176 qui

274 1199 565 1241 bubulcorum
600 1197 733 1237 verba
768 1196 983 1236 maledica
1017 1196 1273 1249 propulsare
1308 1196 1610 1250 redarguendo
1643 1209 1742 1237 cum

273 1279 437 1327 posset,
460 1271 647 1312 tolerare
679 1270 852 1310 fortiter
884 1269 1050 1318 maluit,
1081 1283 1168 1321 quo
1202 1270 1439 1323 majoribus
1473 1271 1744 1324 perferendis

274 1347 440 1401 injuriis
492 1360 587 1386 sese
640 1345 859 1384 minorum
906 1344 1222 1384 exercitatione
1269 1346 1570 1386 assuefaceret.
1655 1345 1745 1386 Cur

273 1435 362 1462 non
404 1420 536 1473 igitur
577 1418 725 1459 studio
768 1418 1004 1471 flagremus
1046 1419 1229 1468 ardenti,
1273 1425 1331 1468 ut,
1364 1419 1741 1472 quemadmodum

271 1494 548 1537 -Constitutio
592 1506 671 1532 nos
723 1492 946 1540 admonet,
993 1495 1015 1511 ‘⁴
1032 1505 1185 1532 omnes
1231 1506 1406 1541 errores,
1449 1493 1657 1542 defectus,
1701 1498 1746 1533 et

270 1580 568 1622 quaecumque
607 1566 650 1605 in
684 1565 812 1605 nobis
845 1570 999 1605 notata
1036 1570 1169 1617 atque
1201 1565 1431 1606 observata
1464 1566 1634 1614 fuerint,
1667 1579 1745 1618 per

272 1641 487 1695 quemvis,
530 1640 604 1692 qui
658 1644 787 1678 extra
839 1639 1161 1678 confessionem
1210 1652 1261 1678 ea
1311 1641 1539 1693 acceperit,
1585 1640 1744 1679 nostris

276 1715 587 1769 Superioribus
611 1712 861 1766 patefiant.'’
918 1713 1036 1753 Hinc
1059 1713 1263 1753 nimirum
1288 1713 1414 1754 facile
1436 1714 1743 1767 intelligemus,

277 1795 493 1844 quantum
524 1787 841 1840 progressionis
863 1788 918 1827 ad
946 1787 1151 1827 virtutem
1181 1788 1481 1840 pietatemque
1504 1788 1746 1837 fecerimus,

278 1864 313 1904 si
356 1862 555 1915 quotidie
600 1862 643 1901 in
686 1861 812 1901 nobis
847 1860 1051 1900 voluntas
1088 1860 1183 1901 haec
1220 1868 1396 1910 crescat,
1434 1867 1482 1901 ut
1519 1862 1746 1915 quidquid,

279 1951 367 1978 non
411 1936 545 1976 modo
589 1935 693 1975 foris
735 1935 790 1974 de
833 1935 958 1974 nobis
1001 1935 1200 1984 cernitur,
1232 1935 1309 1975 sed
1347 1936 1480 1975 etiam
1517 1935 1560 1975 in
1598 1936 1747 1975 animo

277 2012 388 2052 latet
421 2010 677 2061 intimisque
712 2008 962 2058 recessibus,
1000 2015 1200 2061 apertum
1236 2023 1285 2050 ac
1320 2010 1487 2049 nudum
1523 2009 1747 2062 Superiori

279 2085 476 2126 velimus.
542 2083 612 2123 Ac
644 2082 852 2136 profecto,
886 2082 965 2121 nisi
999 2096 1079 2121 nos
1109 2082 1169 2122 ita
1200 2082 1491 2131 instituamus,
1515 2096 1567 2122 ea
1599 2083 1744 2129 etiam,

282 2173 382 2214 quae
419 2157 631 2212 praeclare
669 2157 711 2196 in
750 2157 876 2196 nobis
910 2162 1160 2196 constructa
1191 2157 1405 2206 videntur,
1430 2163 1556 2197 ruent
1587 2157 1745 2196 omnia.

283 2234 356 2274 Da
388 2232 494 2272 mihi
534 2231 662 2279 enim,
696 2231 769 2282 qui
807 2230 1071 2282 permoleste
1107 2230 1349 2270 delatorem
1387 2230 1507 2279 ferat,
1532 2244 1631 2270 ecce
1668 2230 1748 2270 tibi

284 2305 519 2348 confestim
582 2304 869 2344 alienationes
930 2304 1219 2352 voluntatum,
1273 2310 1438 2344 mutuae
1491 2304 1748 2352 simultates,

284 2379 556 2433 suspiciones
618 2378 793 2426 crebrae,
856 2378 1296 2427 obmurmurationeS,
1348 2379 1653 2428 detractiones,
1706 2383 1749 2418 et

285 2454 418 2496 timor
454 2453 636 2505 quidam
673 2466 895 2492 servorum
937 2466 987 2492 ac
1030 2453 1359 2505 mancipiorum,
1393 2453 1467 2505 qui
1503 2452 1634 2505 plane
1670 2465 1748 2491 ex-

284 2527 510 2570 terminari
573 2540 631 2567 ex
692 2526 881 2567 filiorum
942 2527 1191 2579 pectoribus
1243 2532 1374 2579 atque
1435 2539 1492 2565 ex
1550 2525 1749 2566 universa

289 2601 513 2644 Societate
555 2600 698 2640 debet.
783 2601 848 2641 Ut
897 2601 1029 2653 igitur
1069 2601 1124 2641 ab
1166 2600 1233 2640 his
1283 2600 1440 2640 saltem
1492 2598 1619 2639 malis
1670 2612 1750 2640 nos

288 2675 371 2730 ipsi
415 2675 650 2728 eripiamus
682 2688 733 2714 ac
764 2675 1047 2724 vindicemus,
1084 2680 1240 2727 totque
1281 2673 1571 2714 incommodis
1602 2686 1749 2713 occur-

289 2763 448 2799 ramus,
491 2749 710 2789 discamus
762 2748 870 2788 ferre
922 2761 1008 2788 non
1061 2749 1194 2788 modo
1245 2761 1373 2801 aequo
1419 2748 1567 2788 animo
1618 2760 1749 2787 omne

288 2822 524 2864 delationis
555 2837 606 2863 ac
641 2822 887 2862 delatorum
919 2835 1069 2874 genus,
1102 2835 1252 2862 verum
1288 2823 1421 2863 etiam
1454 2821 1568 2862 ultro
1601 2827 1749 2874 petere

756 2909 768 2929 1
794 2911 835 2942 In
858 2911 926 2943 Vit.
950 2911 1035 2944 Patr.
1057 2912 1089 2944 d.
1109 2919 1140 2952 3.
1160 2921 1186 2945 e.
1212 2919 1281 2944 101.
