1903 3197
278 175 364 219 172
593 159 673 204 De
706 159 896 205 7‘all'07le
930 159 1123 205 vivendi
1158 159 1419 205 Socz'elalzk.

271 308 321 332 ea
355 292 615 344 prudentius
649 292 979 344 consultiusque
1001 292 1158 332 silebis.
1226 291 1479 331 Dorotheus
1503 291 1631 339 enim,
1662 305 1746 344 pro

270 368 438 419 peccati
493 367 808 419 magnitudine,
863 374 1044 419 peccata
1097 366 1279 406 fratrum
1333 365 1389 404 ad
1444 365 1737 417 Praepositum

271 441 506 480 deferenda
549 442 758 493 praecipit.
827 441 991 493 Magna
1035 447 1181 481 autem
1234 439 1473 492 magnique
1525 439 1741 479 momenti

268 522 380 563 sunt,
414 529 512 568 quae
546 515 615 555 vel
651 523 802 555 contra
837 516 996 555 divinae
1039 515 1147 568 legis
1180 514 1464 566 ecclesiaeque
1499 521 1731 566 praecepta,

269 590 336 629 vel
379 596 531 630 contra
574 591 889 642 professionem
934 603 1256 641 communeque
1299 589 1521 641 religionis
1559 589 1738 637 bonum,

269 664 336 703 vel
373 670 525 703 contra
561 664 760 712 salutem,
798 670 840 703 et
877 664 1017 716 majus
1054 663 1233 716 aliquod
1272 663 1413 702 fratris
1452 662 1737 702 commodum

270 739 616 778 committuntur.
682 738 835 790 Atque
865 738 947 778 hoc
978 752 1105 778 sensu
1131 737 1441 790 intelligendus
1464 744 1528 777 est
1556 736 1740 776 Basilius

270 825 369 851 cum
395 812 524 852 docet
549 812 791 852 indefinite:
818 811 1127 864 Quodcunque
1150 818 1383 864 peccatum
1408 809 1739 859 ind.icanduir1;1

270 886 476 939 intelligit
510 886 625 925 enim
660 887 931 925 mortiferum
967 893 1209 938 peccatum,
1243 886 1362 937 quod
1399 887 1529 925 etiam
1569 899 1738 924 veneno

271 968 497 1012 comparat
535 974 559 999 a
598 960 803 1012 pestifera
843 961 981 999 bestia
1017 959 1187 1010 injecto.
1249 959 1483 999 Venenum
1521 965 1668 999 antem
1704 958 1738 998 si

272 1040 454 1086 peccato
479 1034 601 1081 inest,
622 1034 714 1086 jam
741 1048 827 1073 non
860 1034 963 1081 leve,
987 1034 1062 1072 sed
1087 1047 1230 1085 grave,
1256 1034 1493 1085 magnique
1527 1032 1740 1072 momenti

271 1115 501 1160 peccatum
525 1114 599 1147 est.
653 1108 815 1147 Praeter
837 1107 932 1146 haec
955 1113 1103 1147 antem
1128 1121 1402 1159 quaecunque
1425 1107 1738 1147 conscientiam

272 1181 510 1229 stimulant,
551 1195 602 1222 ea
640 1189 739 1221 sunt
784 1182 1048 1227 indicanda;
1097 1182 1230 1221 modo
1268 1188 1416 1221 tamen
1456 1195 1509 1221 ne
1548 1181 1601 1220 sit
1639 1194 1741 1220 con-

271 1257 452 1296 scientia
475 1257 688 1296 morosior
713 1263 755 1296 et
773 1256 987 1309 scrupulis
1010 1263 1196 1304 assueta,
1214 1271 1312 1308 quse
1332 1270 1474 1296 noxas
1496 1256 1739 1295 levissimas

270 1331 460 1383 grandes
483 1330 624 1378 faciat,
651 1338 692 1371 et
717 1331 775 1370 ibi
800 1331 981 1371 crimina
1006 1331 1318 1383 deprehendat,
1336 1331 1408 1370 ubi
1434 1330 1491 1370 nil
1515 1331 1570 1370 sit
1594 1344 1738 1370 noxae.

273 1404 405 1456 Quod
439 1405 473 1444 si
509 1405 605 1456 quis
641 1419 803 1457 anceps
838 1405 986 1444 animo
1021 1405 1086 1452 sit,
1111 1405 1397 1457 ambigatque
1432 1419 1486 1444 an
1522 1403 1739 1456 ejusmodi

271 1479 326 1518 sit
359 1493 436 1527 res,
471 1494 568 1532 quae
603 1479 840 1519 deferenda
878 1486 1011 1531 atque
1049 1479 1284 1520 indicanda
1316 1480 1526 1527 videatur,
1564 1479 1740 1518 Patrem

273 1567 399 1592 suum
445 1554 610 1594 scilicet
653 1553 924 1606 spiritualem
968 1553 1179 1601 consulat,
1224 1560 1267 1592 et
1309 1554 1364 1593 de
1406 1553 1499 1605 ejus
1547 1552 1740 1601 consilio,

272 1633 437 1667 statuat
471 1628 589 1680 quod
623 1628 841 1680 optimum
877 1628 919 1666 in
955 1628 1151 1667 Domino
1183 1628 1323 1667 visum
1357 1627 1493 1667 fuerit.

359 1702 509 1741 Tertia
552 1702 770 1753 objectio:
826 1700 1049 1753 Quoniam
1090 1702 1359 1741 Constitutio
1398 1715 1484 1741 non
1529 1700 1738 1753 exprimit

270 1776 336 1814 cui
373 1775 651 1814 manifestare
684 1789 778 1814 sese
810 1775 996 1814 invicem
1030 1775 1184 1814 fratres
1217 1775 1417 1819 debeant.
1446 1774 1581 1827 quaeri
1605 1774 1737 1814 etiam

271 1856 428 1902 potest,
453 1864 507 1889 an
532 1849 625 1889 haec
650 1849 947 1889 manifestatio
980 1863 1154 1902 semper
1176 1850 1231 1889 sit
1255 1850 1454 1890 facienda
1479 1849 1742 1902 Praepositis,

270 1938 325 1964 an
361 1924 493 1964 etiam
523 1924 571 1964 iis
600 1925 672 1976 qui
706 1924 980 1976 deliquerint,
1013 1924 1062 1963 iis
1096 1924 1259 1964 scilicet
1289 1924 1581 1964 admonendis
1611 1924 1740 1964 corri—

271 1998 525 2051 gendisque,
546 2012 644 2051 quae
668 1998 948 2038 correctionis
971 1998 1174 2038 fraternae
1197 1998 1293 2038 loco
1316 1999 1381 2038 sit.
1446 1998 1714 2051 Respondeo
1733 2011 1741 2037 z

274 2072 452 2125 Proprie
490 2073 757 2125 intelligitur,
796 2072 1104 2125 Superioribus
1138 2086 1187 2111 ac
1222 2072 1484 2124 Praepositis,
1511 2085 1622 2124 quos
1659 2071 1739 2111 etsi

274 2146 543 2186 Constitutio
561 2147 645 2186 hoc
663 2147 759 2185 loco
779 2160 864 2185 non
889 2145 1110 2198 exprimit,
1127 2146 1277 2198 paucis
1300 2151 1449 2185 tamen
1472 2151 1574 2185 ante
1596 2145 1740 2185 verbis

270 2219 498 2271 expressit,
523 2220 629 2258 dum
653 2225 910 2259 contentum
937 2233 1030 2258 esse
1054 2232 1274 2271 quemque
1302 2219 1454 2271 jubet:
1490 2219 1553 2260 Ut
1586 2231 1738 2258 omnes

272 2307 436 2333 errores
474 2299 516 2333 et
559 2292 755 2333 defectus
794 2293 927 2345 ipsius
967 2306 1044 2345 per
1081 2293 1291 2345 quemvis,
1336 2293 1409 2345 qui
1453 2299 1580 2332 extra
1625 2292 1740 2333 Con-

270 2366 504 2406 fessionem
544 2380 618 2406 eos
655 2368 882 2419 acceperit,
924 2367 1269 2406 manifestentur.
1350 2367 1535 2406 Decima
1573 2367 1739 2419 quippe

266 2439 361 2480 haec
386 2440 654 2480 Constitutio
686 2440 935 2489 Summarii,
956 2441 1035 2481 etsi
1062 2454 1086 2480 a
1111 2454 1228 2481 nona
1251 2455 1300 2480 ac
1322 2441 1528 2493 proxima
1555 2453 1737 2479 numero

273 2515 458 2567 locoque
497 2514 751 2567 sejungitur,
785 2515 941 2554 eodem
980 2521 1129 2555 tamen
1166 2513 1443 2567 paragrapho
1480 2514 1737 2555 continetur.

272 2588 593 2628 Verumtamen
621 2588 868 2628 admonitio
892 2594 1048 2629 mutua
1070 2589 1184 2628 inter
1207 2588 1359 2628 fratres
1383 2603 1471 2628 non
1494 2589 1628 2629 modo
1651 2601 1739 2628 non

274 2662 540 2716 prohibetur,
564 2676 714 2703 verum
749 2662 882 2702 etiam
917 2663 1253 2703 commendatur
1285 2677 1309 2702 a
1343 2663 1528 2711 Sanctis,
1562 2669 1605 2702 et
1636 2675 1741 2703 sane

274 2737 545 2778 adsentanea
575 2736 842 2789 evangelica:
871 2736 1045 2777 videtur
1071 2750 1164 2777 esse
1197 2737 1418 2777 doctrinae.
1483 2737 1599 2777 Nam
1622 2736 1740 2788 apud

277 2811 569 2865 Evangelium
602 2810 672 2852 hic
705 2811 985 2851 correctionis
1018 2811 1126 2851 ordo
1157 2811 1462 2864 praescribitur.
1531 2815 1552 2830 “
1571 2810 1618 2851 Si
1640 2823 1740 2864 pec-

867 2900 873 2919 ¹
902 2902 985 2943 Reg.
1005 2901 1094 2933 brev.
1115 2910 1145 2942 4.
