1903 3197
547 143 615 189 In
650 142 869 204 Regnlas
903 141 1165 188 Modestiae.
1501 140 1561 200 58
1569 151 1593 199 5

131 281 154 298 ‘¹
171 278 251 318 Per
273 289 406 329 quam
429 275 587 328 aliquis
616 275 659 314 in
682 274 888 314 omnibus
910 274 1201 315 exterioribus
1224 273 1406 314 modum
1439 271 1597 313 tenet.”

130 352 233 391 Non
272 351 390 404 quod
428 351 561 391 etiam
598 350 654 390 ad
692 349 986 389 moderandos
1022 349 1157 389 animi
1194 354 1342 389 motus
1379 347 1598 388 modestia

130 426 226 478 ipsa
255 438 341 464 non
373 430 570 478 spectet:
603 436 703 463 nam
735 423 1001 462 contrarium
1033 423 1202 462 Doctor
1231 423 1324 475 ipse
1346 422 1476 462 docet
1497 435 1532 461 a.
1560 431 1594 460 2.

130 512 167 551 q.
193 498 281 546 160,
301 505 344 538 et
362 512 400 550 q.
427 498 514 537 161.
536 497 609 537 ubi
632 496 861 536 modestiae
884 502 1031 549 partes
1053 496 1230 545 dividit,
1254 508 1440 547 quarum
1464 507 1597 534 unam

128 571 425 611 humilitatem
449 571 562 619 facit,
587 584 684 623 quae
708 569 763 609 ad
788 569 1083 610 moderandos
1105 569 1277 609 animos
1300 574 1394 608 tota
1416 573 1597 620 spectat.

130 645 373 686 Anselmus
405 658 591 698 quoque,
624 645 666 683 in
700 644 837 697 Epist.
864 643 919 683 ad
949 643 1054 683 Phil.
1079 655 1117 694 4,
1142 642 1406 683 modestiam
1438 641 1600 681 versari

131 720 260 760 docet
292 720 430 760 tribus
462 719 505 758 in
538 718 693 758 rebus:
726 718 768 757 in
801 719 960 767 animo,
994 718 1037 757 in
1070 717 1335 770 operatione,
1370 716 1413 755 in
1445 714 1599 755 verbis.

133 793 222 835 Sed
252 793 413 833 idcirco
443 793 601 833 dicitur
631 793 850 833 exteriora
878 791 1027 832 omnia
1050 790 1280 840 moderari,
1303 790 1407 842 quia
1428 794 1600 842 partem

132 866 252 907 illam
277 868 318 909 S.
339 867 448 907 Tho.
474 866 713 907 definiebat
734 866 976 914 modestice,
1000 879 1098 918 quze
1130 863 1410 905 moderandis
1440 862 1602 903 exteri-

132 941 279 982 oribus
314 942 572 990 continetur,
608 954 798 993 quaeque
832 946 937 980 nota
971 940 1174 980 omnibus
1208 952 1308 979 cum
1342 938 1409 986 sit,
1445 938 1602 977 merito

133 1016 310 1069 proprio
341 1016 568 1056 modestiae
600 1015 777 1056 nomine
806 1019 1109 1067 nuncupatur;
1138 1013 1271 1066 juxta
1293 1011 1400 1052 illud
1428 1011 1533 1052 Phil.
1562 1023 1600 1062 4.

135 1089 396 1130 “Modestia
424 1096 569 1130 vestra
602 1096 705 1129 nota
738 1090 793 1129 sit
825 1088 1029 1128 omnibus
1060 1086 1346 1127 hominibus.'‘
1391 1086 1508 1126 Nam
1539 1085 1602 1125 in-

133 1164 312 1203 teriores
336 1164 468 1204 animi
492 1169 637 1203 motus
660 1163 740 1202 nisi
764 1176 820 1202 ex
844 1162 1038 1202 externis
1061 1162 1152 1202 noti
1176 1175 1269 1201 esse
1293 1173 1380 1200 non
1403 1163 1600 1212 possunt.

134 1237 230 1276 Nec
259 1251 361 1277 vcro
391 1251 470 1277 nos
499 1237 624 1277 aliter
652 1237 891 1289 accipimus
920 1235 989 1275 hic
1019 1235 1295 1283 modestiam,
1320 1240 1367 1274 ut
1393 1233 1600 1280 diximuS,

136 1311 216 1350 nisi
248 1317 295 1350 ut
325 1311 367 1350 in
398 1311 687 1351 exterioribus
717 1317 965 1363 occupatur.
1030 1310 1180 1349 Partes
1201 1315 1350 1349 autem
1373 1306 1604 1347 modestiae

136 1398 235 1436 quae
270 1385 382 1424 inter
415 1398 494 1424 nos
528 1390 674 1425 motus
708 1385 842 1424 animi
879 1383 1162 1423 moderantur
1194 1396 1245 1422 ac
1279 1382 1478 1429 fraenant,
1510 1379 1602 1432 jam

135 1472 208 1498 eas
230 1458 363 1510 vulgo
385 1458 479 1498 aliis
501 1458 752 1498 nominibus
776 1457 1062 1510 appellamus,
1086 1463 1132 1497 ut
1154 1456 1426 1505 humilitatis,
1449 1461 1528 1495 etc.

215 1532 387 1572 Dicitur
403 1538 627 1586 praeterea,
645 1536 722 1572 “ut
740 1545 826 1571 non
846 1531 1042 1571 offendat
1060 1531 1320 1583 cujusquam
1337 1526 1602 1582 aspectum.’'

140 1606 241 1646 Hoc
264 1621 321 1646 ex
344 1606 599 1660 Augustino
628 1612 855 1659 sumptum
886 1612 951 1646 est
980 1606 1086 1658 ch.
1114 1617 1147 1656 3.
1173 1611 1228 1645 to.
1260 1616 1290 1644 1.
1315 1604 1388 1656 qui
1412 1603 1472 1643 sic
1495 1615 1604 1655 prae-

139 1681 244 1733 cipit
267 1682 310 1720 in
334 1695 411 1721 sua
433 1681 602 1734 regula:
632 1681 716 1720 “In
739 1681 921 1728 incessu,
941 1686 1069 1729 statu,
1088 1679 1252 1728 habitu,
1271 1684 1314 1719 et
1336 1678 1379 1717 in
1402 1677 1607 1717 omnibus

138 1755 331 1795 motibus
346 1755 499 1796 vestris
518 1754 624 1795 nihil
642 1754 718 1794 fiat
736 1755 854 1806 quod
873 1754 1132 1806 cujusquam
1151 1753 1347 1794 offendat
1364 1757 1605 1804 aspectum,

138 1830 213 1870 sed
238 1831 356 1882 quod
380 1836 570 1870 vestram
594 1829 749 1869 deceat
770 1827 1086 1868 sanctitatem.''
1123 1828 1211 1867 Hic
1229 1828 1360 1880 igitur
1377 1825 1607 1866 modestiae

142 1904 239 1944 finis
271 1910 347 1953 est,
383 1910 429 1944 ut
462 1903 621 1943 nullius
654 1903 903 1942 offendatur
933 1909 1166 1955 aspectus,
1201 1907 1243 1942 et
1275 1900 1357 1941 hoc
1390 1907 1456 1940 est
1488 1899 1607 1952 quod

141 1978 291 2031 regula
329 1984 479 2018 nostra
515 1976 744 2030 significat,
784 1990 883 2016 cum
925 1977 1126 2029 praecipit
1166 1976 1276 2015 tales
1319 1988 1412 2015 esse
1449 1973 1609 2013 debere

140 2058 287 2093 motus
319 2066 472 2093 omnes
503 2057 741 2104 gestusque
774 2051 977 2104 corporis,
1010 2056 1058 2090 ut
1090 2050 1207 2103 apud
1238 2062 1391 2089 omnes
1419 2047 1609 2088 :edifica-

140 2128 307 2168 tionem
338 2127 536 2179 pariant:
572 2126 691 2178 quod
722 2125 839 2165 idem
869 2130 934 2164 est
967 2138 1018 2165 ac
1047 2125 1081 2164 si
1112 2124 1286 2173 diceret,
1310 2129 1357 2162 ut
1390 2135 1520 2162 nemo
1552 2134 1610 2160 ex

144 2215 294 2242 eorum
318 2206 497 2253 aspectu
525 2200 622 2252 jure
650 2200 789 2253 possit
811 2199 984 2239 offendi.
1049 2199 1175 2238 Idem
1199 2197 1314 2237 dixit
1337 2210 1359 2237 e
1381 2195 1608 2236 contrario.

144 2276 275 2315 Dicet
297 2275 453 2327 aliquis
473 2288 480 2313 z
524 2273 763 2326 Quomodo
785 2273 971 2313 dicimus
993 2271 1074 2313 hac
1097 2278 1322 2325 postrema
1345 2268 1611 2310 definitionis

143 2349 357 2403 particula
390 2348 619 2389 modestiae
657 2347 790 2387 finem
832 2346 1078 2399 significari,
1113 2360 1212 2386 cum
1245 2346 1288 2385 in
1322 2346 1442 2385 Prov.
1477 2358 1509 2383 c.
1547 2354 1609 2383 21.

145 2424 325 2472 dicatur,
364 2423 484 2463 Finis
522 2422 753 2462 modestiae
790 2422 922 2462 timor
960 2421 1176 2461 Domini?
1251 2420 1472 2459 Nimirum
1510 2417 1614 2470 quia

144 2497 276 2537 timor
293 2496 475 2536 Domini
498 2497 616 2549 cogit
639 2510 718 2536 nos
741 2509 918 2536 omnem
942 2495 1133 2548 proximi
1157 2494 1446 2534 offensionem
1465 2493 1611 2531 vitare.

146 2571 330 2617 Deinde,
364 2571 521 2610 dicitur
559 2584 654 2610 esse
696 2571 828 2609 timor
870 2569 1052 2609 Domini
1091 2569 1189 2608 finis
1226 2567 1468 2614 modestice,
1511 2564 1613 2617 quia

146 2646 301 2686 eadem
345 2645 566 2685 modestia
608 2651 651 2684 et
692 2645 999 2697 proximorum
1042 2643 1178 2684 oculis
1220 2643 1351 2682 servit
1392 2639 1612 2680 interdum

145 2726 187 2760 et
235 2719 420 2768 divinis,
465 2725 508 2758 et
540 2718 647 2758 dum
679 2719 984 2771 proximorum
1017 2717 1306 2758 offensionem
1343 2715 1465 2764 vitat,
1502 2714 1613 2754 vitat

143 2795 276 2834 etiam
320 2793 475 2833 eadem
518 2806 652 2845 opera
689 2798 733 2833 et
770 2793 993 2841 divinam;
1032 2798 1076 2832 et
1108 2797 1268 2831 contra.
1302 2790 1353 2831 V.
1388 2804 1426 2842 g.
1491 2790 1612 2830 Dum
1646 2845 1648 2847 Ι

140 2867 289 2909 oculos
312 2868 512 2908 modeste
534 2867 749 2917 contineo,
768 2880 826 2906 ne
847 2866 933 2906 huc
956 2866 1146 2918 illucque
1168 2865 1359 2917 protervi
1382 2869 1609 2918 vagentur,
