<?xml version="1.0" encoding="UTF-8"?>
<!DOCTYPE html PUBLIC "-//W3C//DTD XHTML 1.0 Transitional//EN"
    "http://www.w3.org/TR/xhtml1/DTD/xhtml1-transitional.dtd">
<html xmlns="http://www.w3.org/1999/xhtml" xml:lang="en" lang="en">
 <head>
  <title>
</title>
<meta http-equiv="Content-Type" content="text/html;charset=utf-8" />
  <meta name='ocr-system' content='tesseract 3.04.00' />
  <meta name='ocr-capabilities' content='ocr_page ocr_carea ocr_par ocr_line ocrx_word'/>
</head>
<body>
  <div class='ocr_page' id='page_1' title='image "./nicolaiorlandini00orla/nicolaiorlandini00orla_0258.png"; bbox 0 0 1903 3197; ppageno 0'>
   <div class='ocr_carea' id='block_1_1' title="bbox 282 186 1424 250">
    <p class='ocr_par' dir='ltr' id='par_1_1' title="bbox 282 186 1424 250">
     <span class='ocr_line' id='line_1_1' title="bbox 282 186 1424 250; baseline -0.004 -14"><span class='ocrx_word' id='word_1_1' title='bbox 282 207 305 236; x_wconf 85' lang='lat'>2</span> <span class='ocrx_word' id='word_1_2' title='bbox 315 191 376 250; x_wconf 84' lang='lat'>38</span> <span class='ocrx_word' id='word_1_3' title='bbox 601 186 683 233; x_wconf 77' lang='lat' dir='ltr'>De</span> <span class='ocrx_word' id='word_1_4' title='bbox 714 187 905 234; x_wconf 67' lang='lat' dir='ltr'>ratione</span> <span class='ocrx_word' id='word_1_5' title='bbox 937 186 1129 233; x_wconf 73' lang='lat' dir='ltr'>vivendi</span> <span class='ocrx_word' id='word_1_6' title='bbox 1161 186 1424 233; x_wconf 73' lang='lat' dir='ltr'>Socz‘etatz&#39;s.</span> 
     </span>
    </p>
   </div>
   <div class='ocr_carea' id='block_1_2' title="bbox 271 318 1750 2866">
    <p class='ocr_par' dir='ltr' id='par_1_2' title="bbox 271 318 1750 2866">
     <span class='ocr_line' id='line_1_2' title="bbox 277 318 1750 372; baseline -0.002 -10"><span class='ocrx_word' id='word_1_7' title='bbox 277 328 327 363; x_wconf 90' lang='lat' dir='ltr'>ut</span> <span class='ocrx_word' id='word_1_8' title='bbox 368 319 488 361; x_wconf 90' lang='lat' dir='ltr'>nulla</span> <span class='ocrx_word' id='word_1_9' title='bbox 530 320 656 360; x_wconf 85' lang='lat' dir='ltr'>nobis</span> <span class='ocrx_word' id='word_1_10' title='bbox 698 318 887 360; x_wconf 88' lang='lat' dir='ltr'>utilitate</span> <span class='ocrx_word' id='word_1_11' title='bbox 934 319 1159 372; x_wconf 88' lang='lat' dir='ltr'>proposita</span> <span class='ocrx_word' id='word_1_12' title='bbox 1200 332 1300 358; x_wconf 90' lang='lat' dir='ltr'>eum</span> <span class='ocrx_word' id='word_1_13' title='bbox 1353 330 1563 366; x_wconf 83' lang='lat' dir='ltr'>amemus,</span> <span class='ocrx_word' id='word_1_14' title='bbox 1618 318 1750 371; x_wconf 88' lang='lat' dir='ltr'>eique</span> 
     </span>
     <span class='ocr_line' id='line_1_3' title="bbox 278 390 1749 448; baseline -0.003 -13"><span class='ocrx_word' id='word_1_15' title='bbox 278 395 558 448; x_wconf 83' lang='lat' dir='ltr'>placeamus3</span> <span class='ocrx_word' id='word_1_16' title='bbox 591 393 724 445; x_wconf 90' lang='lat' dir='ltr'>idque</span> <span class='ocrx_word' id='word_1_17' title='bbox 757 393 1025 445; x_wconf 88' lang='lat' dir='ltr'>sempiterna</span> <span class='ocrx_word' id='word_1_18' title='bbox 1058 391 1251 445; x_wconf 86' lang='lat' dir='ltr'>quadam</span> <span class='ocrx_word' id='word_1_19' title='bbox 1286 390 1498 431; x_wconf 80' lang='lat' dir='ltr'><strong>charitate</strong></span> <span class='ocrx_word' id='word_1_20' title='bbox 1535 391 1579 430; x_wconf 89' lang='lat' dir='ltr'>in</span> <span class='ocrx_word' id='word_1_21' title='bbox 1617 391 1749 431; x_wconf 88' lang='lat' dir='ltr'>rebus</span> 
     </span>
     <span class='ocr_line' id='line_1_4' title="bbox 279 464 1747 518; baseline -0.003 -10"><span class='ocrx_word' id='word_1_22' title='bbox 279 467 496 516; x_wconf 83' lang='lat' dir='ltr'>omnibus,</span> <span class='ocrx_word' id='word_1_23' title='bbox 520 471 569 506; x_wconf 87' lang='lat' dir='ltr'>ut</span> <span class='ocrx_word' id='word_1_24' title='bbox 593 466 685 518; x_wconf 91' lang='lat' dir='ltr'>jam</span> <span class='ocrx_word' id='word_1_25' title='bbox 719 465 940 517; x_wconf 81' lang='lat' dir='ltr'>diximus;</span> <span class='ocrx_word' id='word_1_26' title='bbox 972 480 1023 506; x_wconf 90' lang='lat' dir='ltr'>ac</span> <span class='ocrx_word' id='word_1_27' title='bbox 1051 466 1240 518; x_wconf 89' lang='lat' dir='ltr'>denique</span> <span class='ocrx_word' id='word_1_28' title='bbox 1270 478 1358 504; x_wconf 93' lang='lat' dir='ltr'>non</span> <span class='ocrx_word' id='word_1_29' title='bbox 1385 478 1443 504; x_wconf 82' lang='lat' dir='ltr'>ex</span> <span class='ocrx_word' id='word_1_30' title='bbox 1473 464 1747 513; x_wconf 78' lang='lat' dir='ltr'>necessitate,</span> 
     </span>
     <span class='ocr_line' id='line_1_5' title="bbox 276 538 1746 592; baseline -0.004 -10"><span class='ocrx_word' id='word_1_31' title='bbox 276 546 353 582; x_wconf 90' lang='lat' dir='ltr'>aut</span> <span class='ocrx_word' id='word_1_32' title='bbox 373 541 532 581; x_wconf 91' lang='lat' dir='ltr'>timore</span> <span class='ocrx_word' id='word_1_33' title='bbox 562 539 789 592; x_wconf 80' lang='lat' dir='ltr'>gehennae,</span> <span class='ocrx_word' id='word_1_34' title='bbox 819 540 895 580; x_wconf 90' lang='lat' dir='ltr'>sed</span> <span class='ocrx_word' id='word_1_35' title='bbox 925 538 1169 580; x_wconf 78' lang='lat' dir='ltr'>voluntarie</span> <span class='ocrx_word' id='word_1_36' title='bbox 1199 553 1249 579; x_wconf 92' lang='lat' dir='ltr'>ac</span> <span class='ocrx_word' id='word_1_37' title='bbox 1277 538 1424 587; x_wconf 88' lang='lat' dir='ltr'>libere,</span> <span class='ocrx_word' id='word_1_38' title='bbox 1454 542 1585 590; x_wconf 92' lang='lat' dir='ltr'>prout</span> <span class='ocrx_word' id='word_1_39' title='bbox 1614 550 1746 577; x_wconf 92' lang='lat' dir='ltr'>unus-</span> 
     </span>
     <span class='ocr_line' id='line_1_6' title="bbox 277 610 1742 667; baseline -0.003 -13"><span class='ocrx_word' id='word_1_40' title='bbox 277 614 463 667; x_wconf 84' lang='lat' dir='ltr'>quisque</span> <span class='ocrx_word' id='word_1_41' title='bbox 491 613 727 653; x_wconf 87' lang='lat' dir='ltr'>destinavit</span> <span class='ocrx_word' id='word_1_42' title='bbox 758 613 801 652; x_wconf 92' lang='lat' dir='ltr'>in</span> <span class='ocrx_word' id='word_1_43' title='bbox 830 613 961 653; x_wconf 90' lang='lat' dir='ltr'>corde</span> <span class='ocrx_word' id='word_1_44' title='bbox 992 626 1081 652; x_wconf 87' lang='lat' dir='ltr'>suo.</span> <span class='ocrx_word' id='word_1_45' title='bbox 1146 611 1218 653; x_wconf 84' lang='lat' dir='ltr'>Sic</span> <span class='ocrx_word' id='word_1_46' title='bbox 1239 611 1327 651; x_wconf 90' lang='lat' dir='ltr'>veri</span> <span class='ocrx_word' id='word_1_47' title='bbox 1351 610 1426 650; x_wconf 89' lang='lat' dir='ltr'>filii</span> <span class='ocrx_word' id='word_1_48' title='bbox 1457 611 1629 659; x_wconf 90' lang='lat' dir='ltr'>erimus,</span> <span class='ocrx_word' id='word_1_49' title='bbox 1654 623 1742 650; x_wconf 91' lang='lat' dir='ltr'>non</span> 
     </span>
     <span class='ocr_line' id='line_1_7' title="bbox 278 685 1741 739; baseline -0.004 -11"><span class='ocrx_word' id='word_1_50' title='bbox 278 686 401 728; x_wconf 88' lang='lat' dir='ltr'>nothi</span> <span class='ocrx_word' id='word_1_51' title='bbox 435 693 568 739; x_wconf 91' lang='lat' dir='ltr'>atque</span> <span class='ocrx_word' id='word_1_52' title='bbox 601 686 845 734; x_wconf 86' lang='lat' dir='ltr'>adulterini,</span> <span class='ocrx_word' id='word_1_53' title='bbox 879 687 953 738; x_wconf 89' lang='lat' dir='ltr'>qui</span> <span class='ocrx_word' id='word_1_54' title='bbox 991 699 1078 725; x_wconf 91' lang='lat' dir='ltr'>non</span> <span class='ocrx_word' id='word_1_55' title='bbox 1112 691 1203 726; x_wconf 89' lang='lat' dir='ltr'>tam</span> <span class='ocrx_word' id='word_1_56' title='bbox 1245 685 1381 738; x_wconf 84' lang='lat' dir='ltr'>patris</span> <span class='ocrx_word' id='word_1_57' title='bbox 1414 698 1574 733; x_wconf 88' lang='lat' dir='ltr'>amore,</span> <span class='ocrx_word' id='word_1_58' title='bbox 1608 696 1741 736; x_wconf 87' lang='lat' dir='ltr'>quem</span> 
     </span>
     <span class='ocr_line' id='line_1_8' title="bbox 277 757 1742 814; baseline -0.004 -12"><span class='ocrx_word' id='word_1_59' title='bbox 277 776 366 802; x_wconf 92' lang='lat' dir='ltr'>non</span> <span class='ocrx_word' id='word_1_60' title='bbox 403 766 659 814; x_wconf 84' lang='lat' dir='ltr'>agnoscunt,</span> <span class='ocrx_word' id='word_1_61' title='bbox 692 774 825 813; x_wconf 88' lang='lat' dir='ltr'>quam</span> <span class='ocrx_word' id='word_1_62' title='bbox 862 774 939 813; x_wconf 89' lang='lat' dir='ltr'>spe</span> <span class='ocrx_word' id='word_1_63' title='bbox 977 759 1189 800; x_wconf 84' lang='lat' dir='ltr'>mercedis</span> <span class='ocrx_word' id='word_1_64' title='bbox 1221 764 1297 798; x_wconf 86' lang='lat' dir='ltr'>aut</span> <span class='ocrx_word' id='word_1_65' title='bbox 1328 765 1490 799; x_wconf 88' lang='lat' dir='ltr'>terrore</span> <span class='ocrx_word' id='word_1_66' title='bbox 1525 757 1742 810; x_wconf 84' lang='lat' dir='ltr'>supplicii,</span> 
     </span>
     <span class='ocr_line' id='line_1_9' title="bbox 275 831 1741 888; baseline -0.004 -12"><span class='ocrx_word' id='word_1_67' title='bbox 275 848 400 876; x_wconf 86' lang='lat' dir='ltr'>suam</span> <span class='ocrx_word' id='word_1_68' title='bbox 430 835 491 875; x_wconf 91' lang='lat' dir='ltr'>illi</span> <span class='ocrx_word' id='word_1_69' title='bbox 513 847 692 888; x_wconf 79' lang='lat' dir='ltr'>operam</span> <span class='ocrx_word' id='word_1_70' title='bbox 716 833 938 873; x_wconf 80' lang='lat' dir='ltr'>exhibent.</span> <span class='ocrx_word' id='word_1_71' title='bbox 1002 832 1150 885; x_wconf 77' lang='lat' dir='ltr'>Quare</span> <span class='ocrx_word' id='word_1_72' title='bbox 1171 831 1435 872; x_wconf 84' lang='lat' dir='ltr'>Ambrosius</span> <span class='ocrx_word' id='word_1_73' title='bbox 1467 832 1510 871; x_wconf 93' lang='lat' dir='ltr'>in</span> <span class='ocrx_word' id='word_1_74' title='bbox 1545 831 1741 870; x_wconf 85' lang='lat' dir='ltr'>Lucam:</span> 
     </span>
     <span class='ocr_line' id='line_1_10' title="bbox 276 904 1741 960; baseline -0.004 -11"><span class='ocrx_word' id='word_1_75' title='bbox 276 908 489 958; x_wconf 81' lang='lat' dir='ltr'>“Filius,”</span> <span class='ocrx_word' id='word_1_76' title='bbox 532 908 683 960; x_wconf 86' lang='lat' dir='ltr'>inquit,</span> <span class='ocrx_word' id='word_1_77' title='bbox 728 907 837 958; x_wconf 88' lang='lat' dir='ltr'>“qui</span> <span class='ocrx_word' id='word_1_78' title='bbox 888 905 1024 946; x_wconf 88' lang='lat' dir='ltr'>habet</span> <span class='ocrx_word' id='word_1_79' title='bbox 1070 906 1221 947; x_wconf 79' lang='lat' dir='ltr'>Sancti</span> <span class='ocrx_word' id='word_1_80' title='bbox 1265 905 1454 958; x_wconf 84' lang='lat' dir='ltr'>Spiritus</span> <span class='ocrx_word' id='word_1_81' title='bbox 1495 906 1656 957; x_wconf 88' lang='lat' dir='ltr'>pignus</span> <span class='ocrx_word' id='word_1_82' title='bbox 1697 904 1741 943; x_wconf 87' lang='lat' dir='ltr'>in</span> 
     </span>
     <span class='ocr_line' id='line_1_11' title="bbox 275 977 1741 1031; baseline -0.003 -9"><span class='ocrx_word' id='word_1_83' title='bbox 275 981 457 1023; x_wconf 86' lang='lat' dir='ltr'>seculari</span> <span class='ocrx_word' id='word_1_84' title='bbox 490 981 632 1028; x_wconf 84' lang='lat' dir='ltr'>corde,</span> <span class='ocrx_word' id='word_1_85' title='bbox 663 979 876 1019; x_wconf 89' lang='lat' dir='ltr'>mercedis</span> <span class='ocrx_word' id='word_1_86' title='bbox 912 978 1032 1019; x_wconf 88' lang='lat' dir='ltr'>lucra</span> <span class='ocrx_word' id='word_1_87' title='bbox 1066 992 1152 1018; x_wconf 90' lang='lat' dir='ltr'>non</span> <span class='ocrx_word' id='word_1_88' title='bbox 1187 979 1355 1031; x_wconf 81' lang='lat' dir='ltr'>quaerit,</span> <span class='ocrx_word' id='word_1_89' title='bbox 1387 978 1464 1018; x_wconf 91' lang='lat' dir='ltr'>sed</span> <span class='ocrx_word' id='word_1_90' title='bbox 1496 983 1640 1017; x_wconf 85' lang='lat' dir='ltr'>servat</span> <span class='ocrx_word' id='word_1_91' title='bbox 1669 977 1741 1029; x_wconf 89' lang='lat' dir='ltr'>jus</span> 
     </span>
     <span class='ocr_line' id='line_1_12' title="bbox 274 1050 1743 1105; baseline -0.004 -10"><span class='ocrx_word' id='word_1_92' title='bbox 274 1051 520 1095; x_wconf 78' lang='lat' dir='ltr'>haeredis.’&#39;1</span> <span class='ocrx_word' id='word_1_93' title='bbox 587 1053 706 1105; x_wconf 88' lang='lat' dir='ltr'>Ergo</span> <span class='ocrx_word' id='word_1_94' title='bbox 747 1052 822 1105; x_wconf 90' lang='lat' dir='ltr'>qui</span> <span class='ocrx_word' id='word_1_95' title='bbox 863 1052 983 1092; x_wconf 87' lang='lat' dir='ltr'>lucra</span> <span class='ocrx_word' id='word_1_96' title='bbox 1023 1057 1237 1104; x_wconf 78' lang='lat' dir='ltr'>quaerunt,</span> <span class='ocrx_word' id='word_1_97' title='bbox 1279 1050 1513 1091; x_wconf 87' lang='lat' dir='ltr'>adulterini</span> <span class='ocrx_word' id='word_1_98' title='bbox 1556 1055 1657 1090; x_wconf 90' lang='lat' dir='ltr'>sunt</span> <span class='ocrx_word' id='word_1_99' title='bbox 1699 1055 1743 1090; x_wconf 90' lang='lat' dir='ltr'>et</span> 
     </span>
     <span class='ocr_line' id='line_1_13' title="bbox 273 1123 1745 1179; baseline -0.003 -12"><span class='ocrx_word' id='word_1_100' title='bbox 273 1127 472 1168; x_wconf 88' lang='lat' dir='ltr'>infideles</span> <span class='ocrx_word' id='word_1_101' title='bbox 504 1127 591 1175; x_wconf 86' lang='lat' dir='ltr'>filii,</span> <span class='ocrx_word' id='word_1_102' title='bbox 616 1139 703 1167; x_wconf 91' lang='lat' dir='ltr'>non</span> <span class='ocrx_word' id='word_1_103' title='bbox 734 1127 823 1166; x_wconf 90' lang='lat' dir='ltr'>veri</span> <span class='ocrx_word' id='word_1_104' title='bbox 855 1132 989 1179; x_wconf 88' lang='lat' dir='ltr'>atque</span> <span class='ocrx_word' id='word_1_105' title='bbox 1020 1126 1228 1179; x_wconf 78' lang='lat' dir='ltr'>germani.</span> <span class='ocrx_word' id='word_1_106' title='bbox 1291 1125 1351 1165; x_wconf 86' lang='lat' dir='ltr'>Et</span> <span class='ocrx_word' id='word_1_107' title='bbox 1385 1125 1441 1165; x_wconf 90' lang='lat' dir='ltr'>de</span> <span class='ocrx_word' id='word_1_108' title='bbox 1472 1124 1524 1164; x_wconf 88' lang='lat' dir='ltr'>iis</span> <span class='ocrx_word' id='word_1_109' title='bbox 1556 1123 1745 1164; x_wconf 85' lang='lat' dir='ltr'>dicitur:</span> 
     </span>
     <span class='ocr_line' id='line_1_14' title="bbox 273 1198 1739 1253; baseline -0.003 -12"><span class='ocrx_word' id='word_1_110' title='bbox 273 1201 548 1242; x_wconf 89' lang='lat' dir='ltr'>“Generatio</span> <span class='ocrx_word' id='word_1_111' title='bbox 608 1214 743 1253; x_wconf 87' lang='lat' dir='ltr'>prava</span> <span class='ocrx_word' id='word_1_112' title='bbox 793 1206 836 1239; x_wconf 91' lang='lat' dir='ltr'>et</span> <span class='ocrx_word' id='word_1_113' title='bbox 887 1213 1168 1252; x_wconf 80' lang='lat' dir='ltr'>exasperans,</span> <span class='ocrx_word' id='word_1_114' title='bbox 1220 1198 1447 1252; x_wconf 86' lang='lat' dir='ltr'>generatio</span> <span class='ocrx_word' id='word_1_115' title='bbox 1499 1210 1597 1250; x_wconf 61' lang='lat' dir='ltr'>quae</span> <span class='ocrx_word' id='word_1_116' title='bbox 1651 1209 1739 1236; x_wconf 87' lang='lat' dir='ltr'>non</span> 
     </span>
     <span class='ocr_line' id='line_1_15' title="bbox 271 1269 1739 1323; baseline -0.004 -8"><span class='ocrx_word' id='word_1_117' title='bbox 271 1274 435 1315; x_wconf 80' lang='lat' dir='ltr'>direxit</span> <span class='ocrx_word' id='word_1_118' title='bbox 468 1288 542 1314; x_wconf 91' lang='lat' dir='ltr'>cor</span> <span class='ocrx_word' id='word_1_119' title='bbox 577 1287 716 1323; x_wconf 87' lang='lat' dir='ltr'>suum,</span> <span class='ocrx_word' id='word_1_120' title='bbox 751 1280 794 1314; x_wconf 91' lang='lat' dir='ltr'>et</span> <span class='ocrx_word' id='word_1_121' title='bbox 831 1287 919 1314; x_wconf 91' lang='lat' dir='ltr'>non</span> <span class='ocrx_word' id='word_1_122' title='bbox 956 1279 1022 1313; x_wconf 89' lang='lat' dir='ltr'>est</span> <span class='ocrx_word' id='word_1_123' title='bbox 1058 1273 1249 1313; x_wconf 89' lang='lat' dir='ltr'>creditus</span> <span class='ocrx_word' id='word_1_124' title='bbox 1287 1285 1386 1312; x_wconf 88' lang='lat' dir='ltr'>cum</span> <span class='ocrx_word' id='word_1_125' title='bbox 1425 1272 1524 1311; x_wconf 91' lang='lat' dir='ltr'>Deo</span> <span class='ocrx_word' id='word_1_126' title='bbox 1561 1269 1739 1323; x_wconf 88' lang='lat' dir='ltr'>spiritus</span> 
     </span>
     <span class='ocr_line' id='line_1_16' title="bbox 273 1343 1743 1401; baseline -0.004 -12"><span class='ocrx_word' id='word_1_127' title='bbox 273 1346 454 1401; x_wconf 81' lang='lat' dir='ltr'>ejus;”2</span> <span class='ocrx_word' id='word_1_128' title='bbox 504 1347 655 1400; x_wconf 88' lang='lat' dir='ltr'>quales</span> <span class='ocrx_word' id='word_1_129' title='bbox 706 1347 812 1388; x_wconf 92' lang='lat' dir='ltr'>olim</span> <span class='ocrx_word' id='word_1_130' title='bbox 864 1352 988 1387; x_wconf 87' lang='lat' dir='ltr'>erant</span> <span class='ocrx_word' id='word_1_131' title='bbox 1038 1346 1113 1386; x_wconf 87' lang='lat' dir='ltr'>filii</span> <span class='ocrx_word' id='word_1_132' title='bbox 1167 1345 1314 1394; x_wconf 83' lang='lat' dir='ltr'>Israel,</span> <span class='ocrx_word' id='word_1_133' title='bbox 1358 1357 1470 1398; x_wconf 88' lang='lat' dir='ltr'>quos</span> <span class='ocrx_word' id='word_1_134' title='bbox 1522 1343 1743 1396; x_wconf 90' lang='lat' dir='ltr'>Propheta</span> 
     </span>
     <span class='ocr_line' id='line_1_17' title="bbox 273 1418 1742 1473; baseline -0.004 -11"><span class='ocrx_word' id='word_1_135' title='bbox 273 1421 489 1462; x_wconf 86' lang='lat' dir='ltr'>describit.</span> <span class='ocrx_word' id='word_1_136' title='bbox 554 1422 739 1461; x_wconf 89' lang='lat' dir='ltr'>Pravam</span> <span class='ocrx_word' id='word_1_137' title='bbox 770 1426 918 1461; x_wconf 82' lang='lat' dir='ltr'>autem</span> <span class='ocrx_word' id='word_1_138' title='bbox 950 1420 1281 1473; x_wconf 78' lang='lat' dir='ltr'>generationem</span> <span class='ocrx_word' id='word_1_139' title='bbox 1313 1418 1520 1471; x_wconf 90' lang='lat' dir='ltr'>appellat,</span> <span class='ocrx_word' id='word_1_140' title='bbox 1545 1430 1644 1470; x_wconf 83' lang='lat' dir='ltr'>quae</span> <span class='ocrx_word' id='word_1_141' title='bbox 1667 1429 1742 1457; x_wconf 89' lang='lat' dir='ltr'>cor</span> 
     </span>
     <span class='ocr_line' id='line_1_18' title="bbox 273 1489 1743 1545; baseline -0.004 -10"><span class='ocrx_word' id='word_1_142' title='bbox 273 1501 453 1544; x_wconf 87' lang='lat' dir='ltr'>rectum,</span> <span class='ocrx_word' id='word_1_143' title='bbox 486 1501 534 1534; x_wconf 89' lang='lat' dir='ltr'>ut</span> <span class='ocrx_word' id='word_1_144' title='bbox 569 1494 674 1535; x_wconf 90' lang='lat' dir='ltr'>boni</span> <span class='ocrx_word' id='word_1_145' title='bbox 712 1493 800 1543; x_wconf 88' lang='lat' dir='ltr'>filii,</span> <span class='ocrx_word' id='word_1_146' title='bbox 839 1508 927 1534; x_wconf 92' lang='lat' dir='ltr'>non</span> <span class='ocrx_word' id='word_1_147' title='bbox 967 1493 1114 1541; x_wconf 86' lang='lat' dir='ltr'>habet,</span> <span class='ocrx_word' id='word_1_148' title='bbox 1153 1493 1230 1533; x_wconf 90' lang='lat' dir='ltr'>sed</span> <span class='ocrx_word' id='word_1_149' title='bbox 1273 1498 1444 1545; x_wconf 90' lang='lat' dir='ltr'>patrem</span> <span class='ocrx_word' id='word_1_150' title='bbox 1488 1490 1633 1543; x_wconf 82' lang='lat' dir='ltr'>diligit</span> <span class='ocrx_word' id='word_1_151' title='bbox 1674 1489 1743 1530; x_wconf 86' lang='lat' dir='ltr'>sui</span> 
     </span>
     <span class='ocr_line' id='line_1_19' title="bbox 275 1562 1740 1620; baseline -0.004 -12"><span class='ocrx_word' id='word_1_152' title='bbox 275 1567 498 1609; x_wconf 89' lang='lat' dir='ltr'>commodi</span> <span class='ocrx_word' id='word_1_153' title='bbox 520 1567 688 1620; x_wconf 86' lang='lat' dir='ltr'>gratia;</span> <span class='ocrx_word' id='word_1_154' title='bbox 721 1567 839 1620; x_wconf 89' lang='lat' dir='ltr'>quod</span> <span class='ocrx_word' id='word_1_155' title='bbox 866 1567 983 1606; x_wconf 88' lang='lat' dir='ltr'>idem</span> <span class='ocrx_word' id='word_1_156' title='bbox 1007 1571 1073 1606; x_wconf 91' lang='lat' dir='ltr'>est</span> <span class='ocrx_word' id='word_1_157' title='bbox 1095 1580 1144 1606; x_wconf 89' lang='lat' dir='ltr'>ac</span> <span class='ocrx_word' id='word_1_158' title='bbox 1168 1565 1348 1617; x_wconf 86' lang='lat' dir='ltr'>diligere</span> <span class='ocrx_word' id='word_1_159' title='bbox 1370 1565 1413 1604; x_wconf 89' lang='lat' dir='ltr'>in</span> <span class='ocrx_word' id='word_1_160' title='bbox 1438 1577 1523 1613; x_wconf 89' lang='lat' dir='ltr'>ore,</span> <span class='ocrx_word' id='word_1_161' title='bbox 1548 1569 1597 1603; x_wconf 92' lang='lat' dir='ltr'>ut</span> <span class='ocrx_word' id='word_1_162' title='bbox 1618 1562 1740 1603; x_wconf 84' lang='lat' dir='ltr'>infra.</span> 
     </span>
     <span class='ocr_line' id='line_1_20' title="bbox 275 1637 1741 1691; baseline -0.003 -11"><span class='ocrx_word' id='word_1_163' title='bbox 275 1641 375 1682; x_wconf 88' lang='lat' dir='ltr'>“Et</span> <span class='ocrx_word' id='word_1_164' title='bbox 396 1640 647 1680; x_wconf 80' lang='lat' dir='ltr'>dilexerunt</span> <span class='ocrx_word' id='word_1_165' title='bbox 677 1653 775 1680; x_wconf 89' lang='lat' dir='ltr'>eum</span> <span class='ocrx_word' id='word_1_166' title='bbox 806 1640 849 1680; x_wconf 90' lang='lat' dir='ltr'>in</span> <span class='ocrx_word' id='word_1_167' title='bbox 880 1653 953 1680; x_wconf 86' lang='lat' dir='ltr'>ore</span> <span class='ocrx_word' id='word_1_168' title='bbox 981 1653 1071 1688; x_wconf 89' lang='lat' dir='ltr'>suo,</span> <span class='ocrx_word' id='word_1_169' title='bbox 1097 1645 1140 1679; x_wconf 86' lang='lat' dir='ltr'>et</span> <span class='ocrx_word' id='word_1_170' title='bbox 1171 1638 1321 1691; x_wconf 89' lang='lat' dir='ltr'>lingua</span> <span class='ocrx_word' id='word_1_171' title='bbox 1343 1651 1421 1678; x_wconf 88' lang='lat' dir='ltr'>sua</span> <span class='ocrx_word' id='word_1_172' title='bbox 1443 1637 1616 1677; x_wconf 89' lang='lat' dir='ltr'>mentiti</span> <span class='ocrx_word' id='word_1_173' title='bbox 1638 1641 1741 1676; x_wconf 83' lang='lat' dir='ltr'>sunt</span> 
     </span>
     <span class='ocr_line' id='line_1_21' title="bbox 272 1708 1742 1763; baseline -0.004 -10"><span class='ocrx_word' id='word_1_174' title='bbox 272 1712 339 1763; x_wconf 86' lang='lat' dir='ltr'>ei;</span> <span class='ocrx_word' id='word_1_175' title='bbox 372 1726 446 1753; x_wconf 86' lang='lat' dir='ltr'>cor</span> <span class='ocrx_word' id='word_1_176' title='bbox 475 1719 624 1752; x_wconf 89' lang='lat' dir='ltr'>autem</span> <span class='ocrx_word' id='word_1_177' title='bbox 654 1725 804 1753; x_wconf 87' lang='lat' dir='ltr'>eorum</span> <span class='ocrx_word' id='word_1_178' title='bbox 834 1726 922 1753; x_wconf 92' lang='lat' dir='ltr'>non</span> <span class='ocrx_word' id='word_1_179' title='bbox 951 1717 1045 1752; x_wconf 88' lang='lat' dir='ltr'>erat</span> <span class='ocrx_word' id='word_1_180' title='bbox 1074 1718 1241 1752; x_wconf 88' lang='lat' dir='ltr'>rectum</span> <span class='ocrx_word' id='word_1_181' title='bbox 1274 1724 1373 1750; x_wconf 89' lang='lat' dir='ltr'>cum</span> <span class='ocrx_word' id='word_1_182' title='bbox 1401 1708 1513 1750; x_wconf 83' lang='lat' dir='ltr'>eo.’&#39;3</span> <span class='ocrx_word' id='word_1_183' title='bbox 1565 1709 1742 1761; x_wconf 86' lang='lat' dir='ltr'>Nempe</span> 
     </span>
     <span class='ocr_line' id='line_1_22' title="bbox 275 1784 1740 1839; baseline -0.003 -13"><span class='ocrx_word' id='word_1_184' title='bbox 275 1787 390 1839; x_wconf 88' lang='lat' dir='ltr'>quia,</span> <span class='ocrx_word' id='word_1_185' title='bbox 414 1799 514 1826; x_wconf 91' lang='lat' dir='ltr'>cum</span> <span class='ocrx_word' id='word_1_186' title='bbox 536 1786 688 1827; x_wconf 86' lang='lat' dir='ltr'>dicunt</span> <span class='ocrx_word' id='word_1_187' title='bbox 717 1800 763 1826; x_wconf 88' lang='lat' dir='ltr'>se</span> <span class='ocrx_word' id='word_1_188' title='bbox 793 1787 939 1826; x_wconf 87' lang='lat' dir='ltr'>Deum</span> <span class='ocrx_word' id='word_1_189' title='bbox 962 1799 1157 1838; x_wconf 80' lang='lat' dir='ltr'>quaerere</span> <span class='ocrx_word' id='word_1_190' title='bbox 1186 1797 1236 1825; x_wconf 85' lang='lat' dir='ltr'>ac</span> <span class='ocrx_word' id='word_1_191' title='bbox 1266 1784 1459 1837; x_wconf 89' lang='lat' dir='ltr'>diligere,</span> <span class='ocrx_word' id='word_1_192' title='bbox 1483 1797 1564 1824; x_wconf 88' lang='lat' dir='ltr'>nec</span> <span class='ocrx_word' id='word_1_193' title='bbox 1590 1788 1740 1823; x_wconf 86' lang='lat' dir='ltr'>tamen</span> 
     </span>
     <span class='ocr_line' id='line_1_23' title="bbox 274 1858 1520 1912; baseline -0.003 -12"><span class='ocrx_word' id='word_1_194' title='bbox 274 1860 355 1900; x_wconf 85' lang='lat' dir='ltr'>nisi</span> <span class='ocrx_word' id='word_1_195' title='bbox 377 1872 424 1899; x_wconf 90' lang='lat' dir='ltr'>se</span> <span class='ocrx_word' id='word_1_196' title='bbox 446 1859 527 1912; x_wconf 89' lang='lat' dir='ltr'>ipsi</span> <span class='ocrx_word' id='word_1_197' title='bbox 551 1865 752 1912; x_wconf 82' lang='lat' dir='ltr'>quaerant</span> <span class='ocrx_word' id='word_1_198' title='bbox 774 1874 823 1899; x_wconf 87' lang='lat' dir='ltr'>ac</span> <span class='ocrx_word' id='word_1_199' title='bbox 845 1859 1044 1911; x_wconf 84' lang='lat' dir='ltr'>diligant,</span> <span class='ocrx_word' id='word_1_200' title='bbox 1068 1858 1218 1911; x_wconf 89' lang='lat' dir='ltr'>lingua</span> <span class='ocrx_word' id='word_1_201' title='bbox 1239 1858 1520 1898; x_wconf 89' lang='lat' dir='ltr'>mentiuntur.</span> 
     </span>
     <span class='ocr_line' id='line_1_24' title="bbox 364 1929 1742 1985; baseline -0.002 -12"><span class='ocrx_word' id='word_1_202' title='bbox 364 1933 649 1985; x_wconf 84' lang='lat' dir='ltr'>Exasperans</span> <span class='ocrx_word' id='word_1_203' title='bbox 697 1938 846 1973; x_wconf 87' lang='lat' dir='ltr'>autem</span> <span class='ocrx_word' id='word_1_204' title='bbox 894 1932 1052 1972; x_wconf 88' lang='lat' dir='ltr'>dicitur</span> <span class='ocrx_word' id='word_1_205' title='bbox 1096 1932 1334 1984; x_wconf 88' lang='lat' dir='ltr'>generatio,</span> <span class='ocrx_word' id='word_1_206' title='bbox 1377 1931 1480 1984; x_wconf 89' lang='lat' dir='ltr'>quia</span> <span class='ocrx_word' id='word_1_207' title='bbox 1527 1929 1634 1970; x_wconf 88' lang='lat' dir='ltr'>nihil</span> <span class='ocrx_word' id='word_1_208' title='bbox 1681 1929 1742 1970; x_wconf 85' lang='lat' dir='ltr'>ita</span> 
     </span>
     <span class='ocr_line' id='line_1_25' title="bbox 276 2004 1743 2060; baseline -0.003 -13"><span class='ocrx_word' id='word_1_209' title='bbox 276 2012 514 2060; x_wconf 82' lang='lat' dir='ltr'>exasperat</span> <span class='ocrx_word' id='word_1_210' title='bbox 536 2013 670 2059; x_wconf 86' lang='lat' dir='ltr'>atque</span> <span class='ocrx_word' id='word_1_211' title='bbox 700 2007 849 2055; x_wconf 88' lang='lat' dir='ltr'>irritat,</span> <span class='ocrx_word' id='word_1_212' title='bbox 869 2020 1002 2059; x_wconf 91' lang='lat' dir='ltr'>quam</span> <span class='ocrx_word' id='word_1_213' title='bbox 1026 2019 1126 2046; x_wconf 90' lang='lat' dir='ltr'>cum</span> <span class='ocrx_word' id='word_1_214' title='bbox 1148 2004 1358 2053; x_wconf 86' lang='lat' dir='ltr'>videmur,</span> <span class='ocrx_word' id='word_1_215' title='bbox 1381 2004 1569 2044; x_wconf 86' lang='lat' dir='ltr'>filiorum</span> <span class='ocrx_word' id='word_1_216' title='bbox 1594 2005 1743 2052; x_wconf 78' lang='lat' dir='ltr'>instar,</span> 
     </span>
     <span class='ocr_line' id='line_1_26' title="bbox 274 2078 1738 2133; baseline -0.003 -13"><span class='ocrx_word' id='word_1_217' title='bbox 274 2080 411 2133; x_wconf 86' lang='lat' dir='ltr'>patris</span> <span class='ocrx_word' id='word_1_218' title='bbox 443 2079 608 2120; x_wconf 87' lang='lat' dir='ltr'>bonum</span> <span class='ocrx_word' id='word_1_219' title='bbox 642 2093 835 2132; x_wconf 79' lang='lat' dir='ltr'>quaerere</span> <span class='ocrx_word' id='word_1_220' title='bbox 870 2085 913 2119; x_wconf 93' lang='lat' dir='ltr'>et</span> <span class='ocrx_word' id='word_1_221' title='bbox 945 2079 1038 2131; x_wconf 87' lang='lat' dir='ltr'>ejus</span> <span class='ocrx_word' id='word_1_222' title='bbox 1075 2078 1301 2131; x_wconf 85' lang='lat' dir='ltr'>negotium</span> <span class='ocrx_word' id='word_1_223' title='bbox 1339 2090 1479 2129; x_wconf 86' lang='lat' dir='ltr'>agere,</span> <span class='ocrx_word' id='word_1_224' title='bbox 1511 2083 1556 2117; x_wconf 86' lang='lat' dir='ltr'>et</span> <span class='ocrx_word' id='word_1_225' title='bbox 1588 2082 1738 2116; x_wconf 90' lang='lat' dir='ltr'>tamen</span> 
     </span>
     <span class='ocr_line' id='line_1_27' title="bbox 276 2149 1742 2206; baseline -0.003 -13"><span class='ocrx_word' id='word_1_226' title='bbox 276 2153 448 2206; x_wconf 86' lang='lat' dir='ltr'>agimus</span> <span class='ocrx_word' id='word_1_227' title='bbox 486 2158 697 2201; x_wconf 85' lang='lat' dir='ltr'>nostrum,</span> <span class='ocrx_word' id='word_1_228' title='bbox 736 2159 780 2193; x_wconf 89' lang='lat' dir='ltr'>et</span> <span class='ocrx_word' id='word_1_229' title='bbox 817 2152 984 2192; x_wconf 90' lang='lat' dir='ltr'>bonum</span> <span class='ocrx_word' id='word_1_230' title='bbox 1021 2157 1219 2191; x_wconf 91' lang='lat' dir='ltr'>nostrum</span> <span class='ocrx_word' id='word_1_231' title='bbox 1257 2150 1504 2203; x_wconf 76' lang='lat' dir='ltr'>quaerimus.</span> <span class='ocrx_word' id='word_1_232' title='bbox 1567 2149 1742 2189; x_wconf 89' lang='lat' dir='ltr'>Dicitur</span> 
     </span>
     <span class='ocr_line' id='line_1_28' title="bbox 274 2223 1742 2278; baseline -0.003 -12"><span class='ocrx_word' id='word_1_233' title='bbox 274 2231 424 2266; x_wconf 88' lang='lat' dir='ltr'>autem</span> <span class='ocrx_word' id='word_1_234' title='bbox 465 2226 692 2278; x_wconf 87' lang='lat' dir='ltr'>generatio</span> <span class='ocrx_word' id='word_1_235' title='bbox 734 2240 832 2278; x_wconf 81' lang='lat' dir='ltr'>quae</span> <span class='ocrx_word' id='word_1_236' title='bbox 875 2239 963 2265; x_wconf 90' lang='lat' dir='ltr'>non</span> <span class='ocrx_word' id='word_1_237' title='bbox 1005 2224 1168 2265; x_wconf 79' lang='lat' dir='ltr'>direxit</span> <span class='ocrx_word' id='word_1_238' title='bbox 1202 2238 1276 2264; x_wconf 88' lang='lat' dir='ltr'>cor</span> <span class='ocrx_word' id='word_1_239' title='bbox 1315 2237 1455 2272; x_wconf 85' lang='lat' dir='ltr'>suum,</span> <span class='ocrx_word' id='word_1_240' title='bbox 1489 2223 1603 2275; x_wconf 89' lang='lat' dir='ltr'>quia,</span> <span class='ocrx_word' id='word_1_241' title='bbox 1638 2235 1742 2262; x_wconf 64' lang='lat' dir='ltr'>cum&gt;</span> 
     </span>
     <span class='ocr_line' id='line_1_29' title="bbox 274 2296 1739 2350; baseline -0.003 -11"><span class='ocrx_word' id='word_1_242' title='bbox 274 2300 349 2339; x_wconf 82' lang='lat' dir='ltr'>irae</span> <span class='ocrx_word' id='word_1_243' title='bbox 378 2299 454 2338; x_wconf 87' lang='lat' dir='ltr'>filii</span> <span class='ocrx_word' id='word_1_244' title='bbox 484 2312 716 2339; x_wconf 88' lang='lat' dir='ltr'>nascamur</span> <span class='ocrx_word' id='word_1_245' title='bbox 741 2312 906 2348; x_wconf 90' lang='lat' dir='ltr'>omnes,</span> <span class='ocrx_word' id='word_1_246' title='bbox 930 2298 1149 2338; x_wconf 85' lang='lat' dir='ltr'>nascimur</span> <span class='ocrx_word' id='word_1_247' title='bbox 1171 2298 1304 2338; x_wconf 89' lang='lat' dir='ltr'>etiam</span> <span class='ocrx_word' id='word_1_248' title='bbox 1327 2297 1447 2350; x_wconf 85' lang='lat' dir='ltr'>pravi</span> <span class='ocrx_word' id='word_1_249' title='bbox 1468 2310 1477 2336; x_wconf 74' lang='grc' dir='ltr'>ε</span> <span class='ocrx_word' id='word_1_250' title='bbox 1512 2298 1532 2316; x_wconf 85' lang='grc'><em>“</em></span> <span class='ocrx_word' id='word_1_251' title='bbox 1552 2296 1739 2336; x_wconf 75' lang='lat' dir='ltr'>Pravum</span> 
     </span>
     <span class='ocr_line' id='line_1_30' title="bbox 276 2370 1739 2424; baseline -0.002 -11"><span class='ocrx_word' id='word_1_252' title='bbox 276 2378 343 2413; x_wconf 90' lang='lat' dir='ltr'>est</span> <span class='ocrx_word' id='word_1_253' title='bbox 379 2386 452 2413; x_wconf 92' lang='lat' dir='ltr'>cor</span> <span class='ocrx_word' id='word_1_254' title='bbox 489 2373 686 2413; x_wconf 89' lang='lat' dir='ltr'>omnium</span> <span class='ocrx_word' id='word_1_255' title='bbox 724 2378 768 2412; x_wconf 93' lang='lat' dir='ltr'>et</span> <span class='ocrx_word' id='word_1_256' title='bbox 805 2370 1143 2412; x_wconf 75' lang='lat' dir='ltr'>inscrutabile.”4</span> <span class='ocrx_word' id='word_1_257' title='bbox 1205 2371 1325 2424; x_wconf 88' lang='lat' dir='ltr'>Ergo</span> <span class='ocrx_word' id='word_1_258' title='bbox 1362 2370 1481 2424; x_wconf 90' lang='lat' dir='ltr'>quod</span> <span class='ocrx_word' id='word_1_259' title='bbox 1523 2370 1739 2410; x_wconf 87' lang='lat' dir='ltr'>habemus</span> 
     </span>
     <span class='ocr_line' id='line_1_31' title="bbox 275 2443 1741 2499; baseline -0.002 -13"><span class='ocrx_word' id='word_1_260' title='bbox 275 2460 302 2486; x_wconf 87' lang='lat' dir='ltr'>a</span> <span class='ocrx_word' id='word_1_261' title='bbox 333 2451 488 2487; x_wconf 91' lang='lat' dir='ltr'>natura</span> <span class='ocrx_word' id='word_1_262' title='bbox 519 2451 724 2499; x_wconf 87' lang='lat' dir='ltr'>corrupta</span> <span class='ocrx_word' id='word_1_263' title='bbox 754 2459 950 2498; x_wconf 84' lang='lat' dir='ltr'>pravum,</span> <span class='ocrx_word' id='word_1_264' title='bbox 975 2445 1252 2498; x_wconf 87' lang='lat' dir='ltr'>dirigendum</span> <span class='ocrx_word' id='word_1_265' title='bbox 1284 2458 1363 2498; x_wconf 93' lang='lat' dir='ltr'>per</span> <span class='ocrx_word' id='word_1_266' title='bbox 1393 2444 1580 2497; x_wconf 85' lang='lat' dir='ltr'>gratiam</span> <span class='ocrx_word' id='word_1_267' title='bbox 1612 2443 1741 2484; x_wconf 86' lang='lat' dir='ltr'>nobis</span> 
     </span>
     <span class='ocr_line' id='line_1_32' title="bbox 273 2516 1736 2572; baseline -0.002 -12"><span class='ocrx_word' id='word_1_268' title='bbox 273 2525 350 2560; x_wconf 87' lang='lat' dir='ltr'>est.</span> <span class='ocrx_word' id='word_1_269' title='bbox 425 2520 519 2560; x_wconf 90' lang='lat' dir='ltr'>Ista</span> <span class='ocrx_word' id='word_1_270' title='bbox 559 2533 662 2560; x_wconf 88' lang='lat' dir='ltr'>vero</span> <span class='ocrx_word' id='word_1_271' title='bbox 705 2519 932 2572; x_wconf 87' lang='lat' dir='ltr'>generatio</span> <span class='ocrx_word' id='word_1_272' title='bbox 974 2533 1073 2572; x_wconf 79' lang='lat' dir='ltr'>quae</span> <span class='ocrx_word' id='word_1_273' title='bbox 1115 2532 1190 2559; x_wconf 87' lang='lat' dir='ltr'>cor</span> <span class='ocrx_word' id='word_1_274' title='bbox 1229 2518 1419 2558; x_wconf 83' lang='lat' dir='ltr'>filiorum</span> <span class='ocrx_word' id='word_1_275' title='bbox 1461 2531 1549 2558; x_wconf 92' lang='lat' dir='ltr'>non</span> <span class='ocrx_word' id='word_1_276' title='bbox 1589 2516 1736 2564; x_wconf 90' lang='lat' dir='ltr'>habet,</span> 
     </span>
     <span class='ocr_line' id='line_1_33' title="bbox 274 2587 1744 2646; baseline -0.002 -13"><span class='ocrx_word' id='word_1_277' title='bbox 274 2599 442 2634; x_wconf 79' lang='lat' dir='ltr'>naturae</span> <span class='ocrx_word' id='word_1_278' title='bbox 494 2587 644 2633; x_wconf 88' lang='lat' dir='ltr'>secuta</span> <span class='ocrx_word' id='word_1_279' title='bbox 694 2593 968 2646; x_wconf 85' lang='lat' dir='ltr'>pravitatem,</span> <span class='ocrx_word' id='word_1_280' title='bbox 1014 2593 1132 2645; x_wconf 88' lang='lat' dir='ltr'>quod</span> <span class='ocrx_word' id='word_1_281' title='bbox 1184 2591 1462 2645; x_wconf 90' lang='lat' dir='ltr'>dirigendum</span> <span class='ocrx_word' id='word_1_282' title='bbox 1516 2591 1598 2631; x_wconf 85' lang='lat' dir='ltr'>fuit</span> <span class='ocrx_word' id='word_1_283' title='bbox 1649 2604 1744 2631; x_wconf 11' lang='lat' dir='ltr'>non?</span> 
     </span>
     <span class='ocr_line' id='line_1_34' title="bbox 274 2663 1745 2718; baseline 0 -12"><span class='ocrx_word' id='word_1_284' title='bbox 274 2667 448 2708; x_wconf 80' lang='lat' dir='ltr'>direxit.</span> <span class='ocrx_word' id='word_1_285' title='bbox 540 2668 600 2707; x_wconf 90' lang='lat' dir='ltr'>Et</span> <span class='ocrx_word' id='word_1_286' title='bbox 641 2680 730 2707; x_wconf 92' lang='lat' dir='ltr'>non</span> <span class='ocrx_word' id='word_1_287' title='bbox 777 2673 843 2707; x_wconf 87' lang='lat' dir='ltr'>est</span> <span class='ocrx_word' id='word_1_288' title='bbox 884 2666 1074 2707; x_wconf 87' lang='lat' dir='ltr'>creditus</span> <span class='ocrx_word' id='word_1_289' title='bbox 1121 2679 1220 2707; x_wconf 88' lang='lat' dir='ltr'>cum</span> <span class='ocrx_word' id='word_1_290' title='bbox 1268 2666 1366 2706; x_wconf 88' lang='lat' dir='ltr'>Deo</span> <span class='ocrx_word' id='word_1_291' title='bbox 1410 2665 1588 2718; x_wconf 87' lang='lat' dir='ltr'>spiritus</span> <span class='ocrx_word' id='word_1_292' title='bbox 1632 2663 1745 2716; x_wconf 81' lang='lat' dir='ltr'>ejus„</span> 
     </span>
     <span class='ocr_line' id='line_1_35' title="bbox 274 2736 1737 2794; baseline -0.001 -14"><span class='ocrx_word' id='word_1_293' title='bbox 274 2741 378 2793; x_wconf 90' lang='lat' dir='ltr'>quia</span> <span class='ocrx_word' id='word_1_294' title='bbox 406 2741 548 2782; x_wconf 88' lang='lat' dir='ltr'>fidelis</span> <span class='ocrx_word' id='word_1_295' title='bbox 577 2741 690 2794; x_wconf 86' lang='lat' dir='ltr'>patri</span> <span class='ocrx_word' id='word_1_296' title='bbox 721 2755 799 2781; x_wconf 86' lang='lat' dir='ltr'>suo</span> <span class='ocrx_word' id='word_1_297' title='bbox 829 2754 916 2781; x_wconf 91' lang='lat' dir='ltr'>non</span> <span class='ocrx_word' id='word_1_298' title='bbox 947 2740 1054 2791; x_wconf 87' lang='lat' dir='ltr'>fuit;</span> <span class='ocrx_word' id='word_1_299' title='bbox 1089 2740 1207 2792; x_wconf 89' lang='lat' dir='ltr'>quod</span> <span class='ocrx_word' id='word_1_300' title='bbox 1243 2739 1353 2779; x_wconf 90' lang='lat' dir='ltr'>infra</span> <span class='ocrx_word' id='word_1_301' title='bbox 1386 2739 1572 2779; x_wconf 88' lang='lat' dir='ltr'>dicitur:</span> <span class='ocrx_word' id='word_1_302' title='bbox 1605 2736 1737 2778; x_wconf 92' lang='lat' dir='ltr'>“Nec</span> 
     </span>
     <span class='ocr_line' id='line_1_36' title="bbox 274 2811 1743 2866; baseline -0.004 -10"><span class='ocrx_word' id='word_1_303' title='bbox 274 2814 426 2856; x_wconf 86' lang='lat' dir='ltr'>fideles</span> <span class='ocrx_word' id='word_1_304' title='bbox 471 2815 610 2856; x_wconf 89' lang='lat' dir='ltr'>habiti</span> <span class='ocrx_word' id='word_1_305' title='bbox 658 2821 758 2855; x_wconf 87' lang='lat' dir='ltr'>sunt</span> <span class='ocrx_word' id='word_1_306' title='bbox 802 2815 845 2854; x_wconf 90' lang='lat' dir='ltr'>in</span> <span class='ocrx_word' id='word_1_307' title='bbox 889 2820 1157 2854; x_wconf 88' lang='lat' dir='ltr'>testamento</span> <span class='ocrx_word' id='word_1_308' title='bbox 1200 2811 1353 2866; x_wconf 83' lang='lat' dir='ltr'>ejus.’&#39;5</span> <span class='ocrx_word' id='word_1_309' title='bbox 1429 2813 1490 2853; x_wconf 90' lang='lat' dir='ltr'>Et</span> <span class='ocrx_word' id='word_1_310' title='bbox 1530 2812 1743 2864; x_wconf 82' lang='lat' dir='ltr'>Moyses:</span> 
     </span>
    </p>
   </div>
   <div class='ocr_carea' id='block_1_3' title="bbox 349 2899 1655 2946">
    <p class='ocr_par' dir='ltr' id='par_1_3' title="bbox 349 2899 1655 2946">
     <span class='ocr_line' id='line_1_37' title="bbox 349 2899 1655 2946; baseline -0.005 -9"><span class='ocrx_word' id='word_1_311' title='bbox 349 2903 361 2923; x_wconf 78' lang='lat'>1</span> <span class='ocrx_word' id='word_1_312' title='bbox 385 2905 438 2937; x_wconf 90' lang='lat' dir='ltr'>Gl.</span> <span class='ocrx_word' id='word_1_313' title='bbox 460 2906 493 2936; x_wconf 93' lang='lat' dir='ltr'>in</span> <span class='ocrx_word' id='word_1_314' title='bbox 517 2916 543 2938; x_wconf 91' lang='lat' dir='ltr'>c.</span> <span class='ocrx_word' id='word_1_315' title='bbox 566 2913 596 2946; x_wconf 88' lang='grc'>3.</span> <span class='ocrx_word' id='word_1_316' title='bbox 689 2903 703 2923; x_wconf 77' lang='lat'><strong>2</strong></span> <span class='ocrx_word' id='word_1_317' title='bbox 727 2904 812 2936; x_wconf 85' lang='lat' dir='ltr'>Psal.</span> <span class='ocrx_word' id='word_1_318' title='bbox 835 2910 885 2944; x_wconf 91' lang='lat'>77.</span> <span class='ocrx_word' id='word_1_319' title='bbox 977 2902 991 2923; x_wconf 79' lang='lat'>3</span> <span class='ocrx_word' id='word_1_320' title='bbox 1015 2903 1100 2935; x_wconf 86' lang='lat' dir='ltr'>Ibid.</span> <span class='ocrx_word' id='word_1_321' title='bbox 1192 2902 1206 2921; x_wconf 80' lang='lat'>⁴¹</span> <span class='ocrx_word' id='word_1_322' title='bbox 1226 2903 1293 2944; x_wconf 87' lang='lat' dir='ltr'>Jer.</span> <span class='ocrx_word' id='word_1_323' title='bbox 1318 2908 1366 2943; x_wconf 88' lang='lat'>17.</span> <span class='ocrx_word' id='word_1_324' title='bbox 1459 2899 1472 2921; x_wconf 81' lang='lat'>⁵</span> <span class='ocrx_word' id='word_1_325' title='bbox 1497 2900 1583 2932; x_wconf 84' lang='lat' dir='ltr'>Psal.</span> <span class='ocrx_word' id='word_1_326' title='bbox 1605 2906 1655 2940; x_wconf 90' lang='lat'>77.</span> 
     </span>
    </p>
   </div>
  </div>
 </body>
</html>
