1903 3197
397 161 473 207 De
505 158 853 206 antevertendzss-
887 156 1239 203 tentationibus.
1452 166 1542 213 207

173 294 245 333 Ex
288 294 354 333 his
396 292 654 345 colligimus,
698 291 733 330 si
776 290 873 342 quis
915 290 996 329 tria
1039 288 1260 340 religionis
1301 294 1404 327 vota
1447 287 1546 326 Deo

83 368 274 420 perfecte
307 367 458 414 solvat,
490 377 728 416 eorumque
760 363 914 403 studiis
947 361 1210 414 perennibus
1243 375 1288 400 se
1321 361 1546 401 contineat

83 448 217 494 atque
249 446 463 488 exerceat,
489 440 581 479 fore
614 444 660 478 ut
690 450 867 477 omnem
897 436 1188 476 tentationem
1222 448 1396 487 prorsus
1427 440 1549 475 ante-

84 522 236 555 vertat.
300 515 414 554 Nam
452 511 710 552 exercitatio
743 510 956 550 castitatis
996 514 1137 548 armat
1173 508 1366 547 animam
1400 513 1552 547 contra

84 589 276 628 libidinis
310 594 466 627 testum
497 586 726 637 carnisque
758 583 1060 636 petulantiam,
1085 588 1127 621 et
1150 581 1343 620 studium
1367 593 1551 632 pauper-

85 662 189 702 tatis
212 662 418 701 adversus
445 660 672 699 avaritiam
697 657 1073 710 cupiditatemque
1103 668 1244 694 rerum
1268 660 1551 701 terrenarum,

87 743 130 776 et
167 736 376 775 continua
413 733 638 772 humilitas
676 731 938 771 obedientiae
976 730 1182 769 adversus
1220 728 1470 781 superbiam
1509 733 1552 766 et

87 809 408 849 coenodoxiam.
474 807 587 847 Sunt
626 806 740 846 enim
779 805 872 844 haec
907 805 1000 850 tria,
1036 811 1083 843 ut
1125 816 1254 842 nemo
1298 815 1384 841 non
1416 801 1549 849 videt,

85 884 294 923 adversus
346 882 419 922 illa
471 895 568 933 quae
621 880 815 932 Joannes
868 884 1106 925 enumerat,
1150 875 1551 928 concupiscentiam

86 958 252 1005 camis,-
293 955 692 1009 concupiscentiam
746 952 983 998 oculorum,
1037 957 1080 991 et
1135 951 1386 1003 superbiam
1438 949 1551 989 vitae.

88 1031 235 1083 Quare
257 1032 291 1070 si
318 1031 524 1070 adversus
547 1029 814 1069 tentationes
845 1027 1132 1080 praemunitos
1161 1031 1442 1076 armatosque
1472 1036 1552 1062 nos

89 1105 300 1152 volumus,
337 1104 419 1144 huc
454 1104 644 1155 denique
681 1103 823 1142 omnis
868 1107 1016 1140 nostra
1054 1113 1166 1146 cura,
1203 1111 1355 1138 omnes
1391 1096 1553 1150 vigilia:

88 1179 366 1219 conferantur
394 1190 569 1217 necesse
598 1183 674 1223 est,
700 1182 747 1214 ut
769 1182 871 1214 vota
902 1180 1050 1214 nostra
1073 1186 1206 1225 quam
1237 1171 1552 1225 perfectissime

92 1255 188 1293 Deo
241 1252 487 1296 reddamus,
532 1251 573 1289 in
617 1262 856 1300 eorumque
899 1248 1045 1287 studio
1097 1247 1371 1286 continenter
1421 1251 1555 1296 atque

90 1326 405 1367 exercitatione
438 1337 670 1364 versemur.

177 1399 266 1441 Sed
299 1399 416 1438 dicet
446 1397 692 1450 quispiam:
727 1396 840 1436 Sunt
868 1401 1079 1447 przeterea
1111 1394 1377 1433 tentationes
1405 1392 1555 1432 multae

90 1475 249 1526 quibus
284 1473 574 1525 exagitamur,
603 1485 701 1523 quae
737 1470 792 1510 ad
827 1470 910 1509 tria
945 1469 1018 1508 illa
1053 1468 1198 1520 capita
1233 1480 1320 1506 non
1354 1466 1558 1506 videntur

89 1548 196 1588 satis
218 1546 451 1588 commode
487 1545 675 1585 revocari
699 1558 842 1597 posse,
868 1549 916 1582 ut
938 1556 1013 1591 ece,
1038 1556 1146 1594 quas
1169 1555 1287 1594 saepe
1311 1540 1558 1580 Bernardus

91 1628 329 1668 enumerat,
366 1627 408 1661 et
447 1633 596 1660 eorum
628 1619 803 1672 propria
833 1618 986 1657 asserit
1024 1615 1097 1668 qui
1130 1614 1373 1668 proficiunt.
1437 1613 1558 1666 Quo-

93 1709 186 1735 rum
245 1696 360 1735 enim
418 1694 685 1734 tentationes
752 1705 846 1731 esse
903 1691 975 1737 ait,
1032 1703 1130 1741 quae
1196 1687 1556 1741 “proficientium

91 1769 381 1810 sanctioribus
439 1768 593 1807 studiis
651 1765 792 1805 solent
840 1779 896 1804 ex
944 1763 1115 1804 occulto
1168 1762 1374 1808 insidiari,
1425 1760 1558 1800 veluti

96 1843 302 1894 quaedam
338 1841 626 1881 fraudulentae
661 1838 932 1891 vulpeculae3
964 1838 1109 1889 specie
1151 1836 1328 1888 quidem
1366 1836 1559 1883 virtutes,

95 1930 138 1956 re
181 1922 328 1955 autem
369 1912 532 1954 vitia.''1
596 1913 741 1952 Prima
782 1918 848 1951 cst
889 1910 1159 1950 frustratoria
1201 1909 1405 1961 quae-dam
1458 1921 1558 1961 spes

94 2002 227 2042 quam
269 1988 366 2041 quis
417 1987 550 2028 habet
601 1987 643 2026 in
693 1985 978 2038 acquisitione
1026 1996 1216 2031 suorum,
1259 1996 1358 2022 cum
1400 1982 1561 2022 tacitus

94 2075 242 2102 secum
293 2062 385 2114 ipse
445 2061 575 2100 dicit:
630 2059 795 2111 Quanti
848 2059 1011 2098 bonum
1064 2070 1151 2108 quo
1193 2055 1311 2095 solus
1357 2055 1484 2104 fruor,
1526 2054 1562 2094 si

98 2149 237 2176 essem
290 2135 332 2174 in
387 2134 526 2187 patria
578 2146 753 2185 possem
806 2133 957 2183 utique
1009 2129 1219 2182 impartiri
1271 2128 1473 2168 fratribus
1520 2132 1563 2167 et

96 2209 309 2262 cognatis,
340 2209 454 2248 notis
487 2215 530 2248 et
562 2207 724 2255 amicis,
762 2212 912 2246 amant
945 2218 1015 2244 me
1047 2210 1089 2243 et
1122 2203 1247 2244 facile
1281 2203 1564 2254 acquiescunt

97 2284 322 2324 suadente.
388 2282 591 2323 Secunda
614 2287 680 2321 est
702 2280 964 2320 desiderium
987 2277 1255 2331 praedicandi
1279 2290 1365 2316 non
1384 2275 1560 2329 quidem

99 2358 155 2398 ad
198 2363 402 2411 parentes
445 2364 487 2396 et
541 2355 822 2408 propinquos,
863 2354 995 2406 juxta
1037 2352 1143 2392 illud
1186 2352 1435 2391 “continuo
1477 2363 1563 2390 non

99 2433 297 2485 acquievi
325 2432 442 2471 carni
475 2437 518 2470 et
552 2429 816 2482 sanguini'';
849 2427 925 2468 sed
959 2426 1083 2480 quasi
1110 2425 1269 2479 purius,
1292 2424 1564 2471 fructuosius,

101 2506 342 2558 fortiusque
374 2505 535 2558 passim
569 2504 626 2544 ad
659 2509 898 2544 extraneos
925 2508 969 2542 et
1003 2501 1059 2541 ad
1091 2513 1255 2541 omnes.
1318 2499 1468 2539 Tertia
1502 2504 1568 2538 est

103 2580 236 2620 eremi
266 2593 317 2619 ac
345 2579 594 2619 solitudinis
623 2578 900 2623 desiderium,
925 2589 1024 2615 cum
1054 2575 1151 2627 quis
1184 2574 1362 2627 cogitat,
1386 2574 1420 2613 si
1450 2571 1568 2612 solus

105 2654 285 2706 degeret
315 2652 453 2692 multo
482 2666 527 2692 se
559 2651 823 2704 copiosiores
853 2649 1018 2689 fructus
1049 2654 1370 2701 percepturum,
1404 2646 1567 2698 quippe

105 2726 179 2780 qui
222 2727 264 2766 in
307 2726 528 2766 communi
571 2725 661 2765 vita
702 2730 875 2764 tantum
927 2721 1163 2776 spiritualis
1215 2720 1366 2774 gratiae
1418 2718 1570 2758 fuisset

105 2805 324 2854 expertus.
389 2798 558 2852 Quarta
600 2798 790 2850 denique
827 2803 893 2838 est
934 2795 1140 2837 notabilis
1182 2808 1232 2835 ac
1268 2792 1570 2846 superstitiosa

691 2885 702 2906 ¹
729 2887 825 2919 Cant.
848 2887 916 2919 Ser.
937 2885 989 2925 64.
