1903 3197
227 183 307 229 De
327 182 472 228 malis
494 180 553 226 ab
578 179 892 226 immoderata
918 178 1225 239 castzgatz'one
1247 177 1426 223 allatis.
1491 189 1551 235 45
1562 187 1585 234 5

126 314 371 368 gignuntur
405 319 633 364 tamquam
668 324 751 351 ova
782 310 1012 362 pullosque
1047 309 1377 349 mortificanda:
1424 313 1467 348 et
1507 307 1591 347 hoc

126 394 196 428 est
219 388 334 427 vitiis
366 387 487 434 mori,
512 385 630 438 quod
663 384 769 424 dicit
802 383 970 423 Glossa.

216 460 447 501 Secundo:
479 459 662 499 facimus
697 457 830 497 etiam
865 462 1016 496 contra
1046 456 1288 507 justitiam;
1322 456 1423 508 quia
1457 469 1588 507 pecu-

125 533 221 574 liari
258 533 452 585 quodam
487 533 619 572 modo
656 545 734 571 nos
772 531 870 569 Deo
907 529 1267 576 consecravimus,
1302 528 1588 580 religionique

128 619 207 647 nos
249 612 366 646 totos
407 606 635 645 dedimus:
682 604 765 644 hoc
807 609 883 651 est,
918 616 1005 643 non
1047 603 1218 642 animos
1260 602 1404 650 modo,
1436 615 1587 641 verum

127 680 261 720 etiam
303 692 494 732 corpora.
558 679 716 730 Itaque
757 677 896 717 multo
939 677 1082 716 minus
1125 689 1203 715 nos
1245 676 1381 715 nostri
1424 688 1587 723 sumus,

126 753 204 793 sed
246 752 459 805 quidquid
497 765 647 791 sumus
688 751 908 804 religionis
949 763 1133 790 sumus:
1185 749 1303 802 quod
1346 749 1379 788 si
1432 761 1590 800 corpus

126 833 291 868 temere
319 826 544 879 perdimus
575 839 666 865 rem
698 825 886 865 alienam
921 825 1145 877 perdimus
1178 830 1330 863 contra
1357 823 1588 874 justitiam,

127 913 227 952 quae
249 913 376 939 suum
399 900 556 952 cuique
573 899 700 951 jubet
723 899 913 939 reddere.
977 898 1084 938 Ideo
1109 898 1355 937 Bernardus
1374 895 1404 936 :l
1437 899 1457 915 “
1477 896 1589 936 Cum

126 973 313 1014 dixisset
335 973 650 1014 rationabiliter
672 973 1026 1013 mortificandum
1049 985 1144 1011 esse
1166 985 1332 1023 corpus,
1358 984 1466 1010 mox
1489 970 1590 1009 sub-

121 1046 219 1099 jicit
250 1047 311 1086 sic
332 1046 387 1086 de
409 1061 461 1086 eo
490 1046 711 1099 agendum
738 1060 832 1086 esse
863 1047 974 1086 sicut
1005 1046 1060 1085 de
1092 1059 1179 1085 non
1212 1058 1302 1093 suo,
1326 1044 1402 1084 sed
1436 1043 1540 1094 ejus,
1565 1057 1589 1082 a

128 1132 216 1172 quo
247 1121 387 1172 pretio
420 1133 581 1171 magno
615 1120 752 1172 empti
784 1133 944 1169 sumus,
986 1125 1035 1158 ut
1076 1118 1367 1171 glorificemus
1402 1130 1502 1156 eum
1546 1116 1589 1155 in

123 1206 310 1246 corpore
332 1192 516 1233 nostro.”
577 1192 710 1245 Quod
733 1193 910 1245 quidem
934 1205 1034 1232 cum
1059 1191 1316 1232 Christianis
1338 1191 1542 1230 omnibus
1565 1204 1591 1229 a

130 1265 303 1307 Christo
337 1267 576 1318 redemptis
612 1273 678 1306 est
711 1266 970 1313 faciendum,
1009 1272 1105 1305 tum
1137 1279 1239 1304 vero
1274 1264 1497 1316 religiosis,
1533 1264 1589 1303 ad

123 1352 238 1392 quos
274 1339 346 1378 ille
379 1352 625 1379 sermonem
659 1338 864 1379 habebat.
928 1339 1104 1378 Planius
1138 1344 1286 1378 autem
1322 1337 1590 1389 intelligitur,

127 1425 260 1465 quam
298 1412 342 1451 id
385 1412 595 1464 injustum
632 1413 699 1462 sit,
741 1413 776 1452 si
813 1412 976 1464 triplex
1018 1411 1135 1459 illud,
1168 1411 1287 1463 quod
1319 1409 1452 1462 paulo
1488 1415 1591 1449 ante

127 1485 234 1534 dixi,
268 1491 580 1526 nocumentum
616 1486 807 1538 corporis
843 1486 1107 1526 attendatur.
1185 1485 1302 1524 Nam
1340 1498 1397 1524 ex
1436 1484 1592 1523 immo-

124 1559 280 1599 derata
326 1559 626 1611 castigatione,
669 1565 746 1599 aut
789 1572 906 1598 mors
947 1559 1042 1611 ipsa
1093 1559 1299 1611 sequitur,
1344 1564 1387 1598 et
1428 1557 1592 1597 amittit

126 1631 279 1684 religio
301 1631 536 1682 hominem,
552 1645 683 1684 quem
707 1638 773 1672 tot
795 1632 1017 1672 laboribus
1040 1638 1083 1673 et
1104 1632 1354 1685 sumptibus
1376 1631 1593 1672 educavit:

131 1704 318 1757 ideoque
358 1712 451 1745 tam
493 1719 610 1758 saepe
652 1707 695 1746 P.
731 1706 931 1758 Ignatius
973 1707 1321 1746 moderationem
1373 1705 1486 1745 hanc
1527 1705 1593 1744 sui

131 1779 325 1830 corporis
361 1779 604 1830 castigandi
636 1780 848 1819 admonet
879 1778 1190 1829 adhibendam,
1223 1785 1270 1819 ut
1302 1784 1345 1819 et
1375 1778 1446 1818 hic
1478 1784 1522 1818 et
1553 1778 1596 1817 in

131 1865 219 1904 par.
244 1865 276 1891 c.
303 1862 337 1902 3.
361 1849 387 1904 ξ
416 1863 461 1892 1.:
494 1857 571 1891 aut
591 1851 859 1904 periculosus
891 1853 1121 1904 gravisque
1154 1853 1331 1892 morbus
1354 1852 1516 1900 oritur;
1550 1857 1595 1891 et

133 1930 248 1974 tunc,
278 1925 439 1977 partim
472 1931 651 1978 propter
676 1938 862 1977 magnos
890 1931 1102 1977 sumptos,
1134 1926 1208 1977 qui
1243 1926 1286 1965 in
1315 1939 1368 1965 eo
1401 1923 1594 1965 curando

133 2011 252 2050 saepe
280 1997 402 2048 fiunt,
425 1999 585 2051 partim
617 2005 795 2052 propter
827 1999 1122 2039 ministrorum
1153 1999 1386 2048 molestias,
1410 2011 1596 2051 quorum

134 2071 261 2111 multi
284 2073 398 2112 circa
419 2085 554 2112 unum
577 2086 736 2125 corpus
757 2079 1036 2125 occupantur,
1060 2073 1247 2112 afficitur
1276 2073 1408 2112 etiam
1441 2071 1598 2123 injuria

133 2145 295 2198 religio.
360 2144 508 2197 Quare
541 2146 587 2186 B.
612 2146 798 2186 Basilius
819 2144 857 2186 :2
889 2145 1125 2196 “Divina,'’
1158 2146 1309 2199 inquit,
1333 2145 1598 2198 “Scriptura

126 2232 290 2271 «corpus
321 2221 503 2272 operari,
534 2226 578 2260 et
608 2219 791 2260 aliorum
824 2219 965 2272 magis
991 2220 1268 2260 substentare
1299 2218 1599 2259 infirmitatem

128 2306 268 2345 quam
301 2292 486 2332 aliorum
519 2307 649 2346 opem
682 2293 920 2346 efflagitare
950 2293 1176 2346 praecipit3
1209 2293 1473 2333 labefactare
1494 2306 1597 2332 vero

133 2365 239 2405 illud
282 2372 326 2406 et
362 2367 506 2406 nimiis
547 2367 914 2407 macerationibus
955 2366 1125 2416 laedere,
1159 2365 1476 2419 nequaquam.”
1539 2366 1599 2406 Et

133 2437 274 2479 libro3
304 2440 360 2479 de
393 2453 495 2480 vera
530 2441 779 2493 virginitate
817 2440 1000 2493 loquens
1037 2440 1093 2481 de
1134 2441 1196 2491 iis,
1225 2441 1299 2493 qui
1336 2440 1428 2479 sine
1465 2439 1599 2479 modo

130 2526 292 2565 *corpus
314 2520 564 2565 macerant;
597 2517 617 2533 “
632 2514 734 2567 Quo
766 2513 907 2562 item,’'
931 2515 1085 2567 inquit,
1109 2517 1275 2568 “pacto
1298 2514 1494 2554 Domino
1520 2527 1599 2553 suo

131 2586 192 2627 ad
223 2586 405 2626 fratrum
438 2587 772 2628 beneficentiam
804 2589 972 2637 serviet,
997 2589 1116 2641 quod
1149 2594 1330 2628 caeteros
1361 2588 1417 2628 ad
1449 2587 1598 2638 hujus-

136 2659 256 2700 modi
274 2660 451 2700 ferenda
473 2661 684 2701 beneficia
702 2662 883 2702 idoneos
900 2663 957 2702 ad
980 2663 1045 2702 sui
1063 2676 1211 2702 curam
1229 2675 1374 2702 servos
1392 2659 1598 2701 attrahit?

137 2733 240 2773 Non
274 2733 366 2785 jam
402 2734 518 2773 enim
555 2734 751 2775 Domino
789 2736 844 2775 ad
875 2736 1047 2775 virtutis
1081 2735 1346 2775 ministrabit
1376 2747 1498 2786 opuS‚
1522 2733 1599 2773 sed

128 2807 333 2848 attritum
357 2808 511 2847 morbo
540 2807 716 2860 reliquis
739 2809 942 2849 omnibus
965 2809 1045 2849 erit
1067 2808 1367 2848 beneficentiae
1390 2805 1597 2855 occasio,''

193 2894 206 2914 ¹
231 2896 287 2927 Ad
312 2897 442 2928 Fratres
465 2897 507 2928 de
530 2897 647 2928 Monte
670 2897 744 2929 Dei.
838 2896 852 2916 ²
876 2898 914 2929 L.
936 2898 977 2930 de
1001 2898 1070 2929 Vit.
1093 2898 1187 2930 Solit.
1208 2907 1234 2928 c.
1254 2905 1286 2937 9.
1377 2894 1391 2915 ³
1415 2896 1451 2927 P.
1472 2904 1541 2936 192.
