1903 3197
451 171 519 217 In
554 171 796 232 Regulam
834 171 1115 217 Smnmarz‘z'
1147 169 1223 229 48.
1477 182 1575 230 447

434 524 495 559 IN
531 523 808 560 REGULAM
850 521 1143 559 SUMMARH
1185 522 1249 566 48.

195 634 436 687 “Corporis
470 633 700 686 castigatio
738 632 1031 672 immoderata
1066 646 1162 672 csse
1196 645 1283 671 non
1316 631 1460 681 debet,
1499 646 1579 672 nec

108 708 350 755 indiscreta,
384 709 427 747 in
469 707 626 760 vigiliis
669 713 712 747 et
752 706 1042 755 abstinentiis,
1078 711 1121 745 et
1168 704 1265 745 aliis
1306 705 1582 757 poenitentiis

105 782 298 821 externis
348 795 399 821 ac
459 780 716 821 laboribus.''
801 780 901 820 Hoc
956 785 1022 820 est
1075 779 1254 819 tertium
1313 778 1579 819 valetudinis

105 855 280 895 tuendae
315 855 577 908 praesidium,
603 855 721 907 quod
756 855 797 894 in
830 854 1022 907 corporis
1057 853 1301 906 castigandi
1344 853 1578 906 prudentia

104 930 236 969 situm
274 934 340 968 est
377 928 508 981 juxta
544 929 656 968 hanc
695 928 1081 976 Constitutionem,
1115 941 1215 980 quae
1263 927 1352 966 duo
1396 927 1578 967 omnino

105 1002 418 1055 complectitur.
484 1002 677 1042 Primum
709 1003 824 1042 enim
854 1007 973 1041 vetat
1005 1000 1349 1040 immoderatam
1384 1001 1583 1053 corporis

106 1076 466 1129 castigationem:
518 1076 677 1116 deinde
710 1075 836 1127 jubet
869 1075 1015 1128 detegi
1054 1073 1321 1114 confessario
1364 1074 1575 1126 quicquid

105 1149 347 1201 castigandi
390 1150 580 1202 corporis
623 1163 754 1190 causa
793 1149 965 1202 geritur.
1050 1147 1140 1189 Sed
1186 1147 1402 1200 supponit
1443 1153 1579 1188 antea

105 1223 409 1274 castigandum
448 1236 540 1262 esse
577 1236 760 1275 corpus;
808 1222 927 1275 quod
972 1222 1075 1262 alibi
1124 1222 1168 1261 in
1220 1222 1309 1260 suis
1351 1220 1576 1261 Constitu-

109 1295 300 1335 tionibus
334 1302 481 1335 noster
514 1296 643 1335 Pater
673 1310 751 1336 nos
785 1297 976 1336 monitos
1007 1295 1159 1335 voluit.
1242 1294 1361 1334 Nam
1396 1294 1438 1333 in
1473 1308 1511 1346 p.
1537 1293 1574 1334 6.

109 1383 141 1408 c.
169 1379 203 1418 3.
227 1366 253 1420 ἕ
291 1380 320 1407 Ι.
345 1382 444 1408 cum
477 1369 531 1408 de
563 1369 613 1408 iis
646 1370 718 1421 qui
752 1369 806 1409 ad
840 1374 1005 1409 statum
1043 1373 1211 1408 certum
1247 1367 1428 1407 admissi
1462 1373 1581 1416 sunt,

110 1442 310 1494 loquitur,
346 1442 636 1495 eamdemque
674 1442 1022 1482 moderationem
1061 1442 1104 1480 in
1139 1440 1381 1481 subeundis
1415 1441 1577 1493 asperi-

105 1516 270 1555 tatibus
311 1517 502 1569 corporis
545 1516 741 1557 adhiberi
787 1516 924 1568 jubet,
966 1515 1022 1555 ad
1076 1521 1328 1554 extremum
1372 1514 1433 1554 ita
1475 1527 1578 1553 con-

106 1589 270 1629 cludit:
305 1589 438 1630 “Nec
500 1596 652 1630 contra
703 1596 827 1630 tanta
879 1590 922 1629 in
974 1588 1056 1629 illis
1118 1589 1174 1628 sit
1236 1587 1463 1635 relexatio,
1517 1593 1582 1636 ut,

106 1663 272 1703 feivore
302 1664 477 1716 spiritus
508 1664 822 1716 refrigescente,
847 1663 1028 1703 humani
1062 1676 1112 1703 ac
1146 1662 1371 1702 inferiores
1392 1661 1581 1702 affectus-

106 1736 380 1777 inalescant.”
463 1737 609 1790 Quam
648 1739 861 1778 rationem
907 1737 1038 1777 etiam
1096 1735 1347 1776 Bernardus
1397 1736 1576 1788 attingit

109 1824 196 1850 una
237 1824 336 1850 cum
379 1811 486 1859 aliis,
524 1824 623 1850 cum
660 1812 716 1851 ad
764 1811 918 1851 fratres
964 1810 1113 1850 scribit
1160 1810 1215 1849 de
1259 1810 1415 1850 Monte
1460 1809 1577 1850 Dei.1⁴

106 1883 440 1933 “Cavendum‚”
474 1885 626 1936 inquit,
662 1887 755 1924 “ne
791 1898 870 1937 pro
909 1884 1161 1924 necessariis
1199 1883 1329 1935 hujus
1366 1884 1467 1923 vitae
1504 1883 1574 1924 vel

109 1957 353 1998 commodis
394 1972 420 1998 a
463 1959 676 2011 propositi
720 1958 982 1998 rectitudine
1025 1957 1092 1997 vel
1141 1957 1356 2010 dignitate
1407 1962 1575 1997 naturae

110 2033 153 2071 in
205 2045 398 2072 amorem
452 2032 519 2071 vel
572 2032 783 2072 honorem
828 2032 1020 2085 corporis
1072 2032 1136 2071 sui
1183 2032 1298 2071 sinat
1344 2032 1386 2070 in
1428 2031 1579 2084 aliquo

108 2107 372 2159 degenerare
413 2107 614 2158 spiritum
658 2119 812 2146 suum:
865 2106 1053 2158 ideoque
1100 2105 1251 2145 durius
1293 2105 1573 2145 tractandum

109 2186 175 2220 est
216 2194 383 2233 corpus,
435 2194 489 2220 ne
536 2179 717 2220 rebellet
764 2186 808 2220 et
859 2178 1127 2220 insolescat.”
1211 2178 1343 2231 Quod
1396 2179 1575 2232 quidem

108 2254 388 2294 observatum
428 2267 602 2307 semper
637 2268 662 2294 a
699 2254 861 2294 sanctis
899 2253 1001 2293 viris
1044 2252 1215 2306 plenius
1252 2258 1318 2293 est
1356 2266 1489 2305 quam
1529 2258 1577 2293 ut

110 2328 421 2381 comprobetur
468 2328 697 2382 exemplis.
777 2328 841 2369 Ut
889 2328 1021 2367 etiam
1068 2333 1251 2379 cogatur
1296 2326 1607 2379 Augustinus

110 2403 197 2442 suis
239 2402 444 2442 fratribus
481 2402 548 2442 vel
587 2416 759 2442 summa
795 2408 1021 2442 senectute
1065 2401 1274 2442 confectis
1321 2401 1363 2440 in
1413 2400 1576 2441 Christi

111 2476 287 2516 nomine
321 2475 587 2529 praecipere,2
616 2483 664 2516 ut
696 2476 853 2516 saltem
886 2476 1041 2516 diebus
1072 2476 1303 2516 dominicis
1335 2488 1385 2515 ac
1417 2475 1577 2515 solem-

113 2549 240 2592 nibus
268 2549 418 2589 vinum
451 2550 616 2599 bibant,
648 2550 928 2603 juvenesque,
953 2551 1026 2603 qui
1062 2550 1194 2590 fortes
1225 2556 1338 2598 sunt,
1362 2562 1449 2589 non
1480 2548 1576 2588 vult

112 2623 200 2663 suis
240 2637 418 2675 parcere
459 2630 591 2675 atque
628 2623 854 2676 indulgere
898 2623 1178 2677 corporibus;
1230 2623 1319 2672 sed,
1361 2622 1571 2675 quoniam

110 2697 246 2737 semel
278 2698 333 2738 de
361 2698 537 2737 inimico
564 2698 832 2750 triumphare
861 2703 1100 2752 coeperunt,
1123 2698 1166 2737 in
1201 2697 1361 2738 Christi
1394 2696 1573 2736 nomine

112 2771 418 2823 poenitentiam
443 2770 569 2823 jubet
591 2785 720 2824 agere
752 2785 806 2812 ne
827 2772 1057 2813 vincantur
1087 2772 1143 2812 ab
1174 2771 1310 2811 hoste.
1376 2770 1494 2822 Ergo
1527 2775 1571 2810 et

284 2893 296 2914 ¹
321 2895 362 2927 T.
381 2903 410 2927 2.
432 2906 463 2936 p.
485 2903 556 2926 201.
578 2894 608 2927 6.
749 2893 762 2914 ²
787 2895 842 2927 Ad
866 2896 996 2928 Fratres
1020 2895 1053 2927 in
1078 2895 1187 2927 Erem.
1217 2894 1320 2927 Serm.
1343 2893 1393 2925 28.
