1903 3197
313 224 366 267 [4
575 209 654 254 De
691 209 1107 256 Consliluc‘z'onum
1147 209 1496 257 Observatione.

300 342 413 382 inter
452 341 666 390 homines,
700 342 743 381 id
781 342 1113 394 quodammodo
1151 343 1369 383 redundat
1399 343 1467 383 vel
1510 343 1553 382 in
1592 343 1769 384 laudem

304 416 388 455 Dei
411 416 479 455 vel
502 416 545 456 in
569 415 934 469 contemptum.''1
968 418 1204 471 Propterea
1230 418 1363 470 igitur
1390 418 1768 458 Constitutionum

301 490 596 531 observationi
633 492 790 531 acriter
826 498 1071 544 exacteque
1108 492 1376 533 studendum
1417 498 1493 539 est,
1530 506 1584 532 ne
1622 498 1771 532 nostro

302 564 473 604 externi
507 565 787 605 offendantur
817 567 1034 619 exemplo.

470 754 497 807 ξ
529 763 724 793 1ΙΙ.-Ι)Ε
758 750 1209 794 CONSTIT'UTIONUM
1244 764 1606 795 AUCTORITATE.

389 843 478 884 Sed
531 844 585 883 de
638 844 827 884 utilitate
879 844 994 884 satis.
1080 845 1238 885 Restat
1280 846 1528 896 auctoritas,
1572 861 1670 899 quae
1714 861 1772 887 ex

299 919 493 958 secunda
527 924 570 958 et
600 919 730 958 tertia
759 919 928 958 ratione
957 918 1185 971 colligitur.
1249 920 1322 959 Ex
1351 920 1544 960 secunda
1577 921 1770 974 quidem,

300 992 406 1032 dum
445 992 715 1033 Constitutio
748 991 865 1041 dicit,
895 992 1055 1032 Christi
1087 992 1268 1032 Domini
1296 995 1431 1033 nostri
1453 994 1679 1034 Vicarium
1710 995 1772 1035 ita

299 1066 505 1106 statuisse
543 1071 591 1105 ut
636 1065 986 1105 Constitutiones
1025 1071 1068 1105 et
1105 1065 1224 1117 leges
1266 1067 1663 1118 perscriberentur;
1713 1083 1770 1108 ex

299 1153 388 1191 quo
427 1139 610 1179 efficitur
647 1139 998 1179 Constitutiones
1030 1145 1078 1178 ut
1111 1153 1136 1178 a
1170 1139 1345 1179 Christo
1382 1140 1611 1193 profectas,
1648 1141 1771 1194 cujus

297 1214 413 1253 vices
466 1212 677 1253 Summus
731 1212 937 1252 Pontifex
984 1213 1028 1252 in
1076 1213 1200 1253 terris
1251 1214 1375 1266 gerit,
1419 1215 1628 1254 maximae
1677 1229 1770 1255 esse

297 1287 571 1327 auctoritatis
622 1292 665 1326 et
717 1287 934 1339 ponderis.
1018 1287 1077 1326 Et
1120 1287 1298 1339 quidem
1355 1288 1410 1327 de
1467 1289 1770 1329 Franciscanae

298 1360 474 1400 familiae
513 1360 683 1412 legibus
721 1360 764 1399 id
801 1360 894 1412 ipse
933 1359 1132 1400 Christus
1169 1374 1247 1413 per
1276 1362 1418 1400 visum
1458 1361 1504 1402 B.
1525 1362 1770 1412 Francisco,

298 1448 398 1475 cum
446 1434 517 1474 ille
564 1434 620 1474 ad
673 1447 746 1473 eas
793 1433 1132 1474 conscribendas
1184 1435 1227 1473 in
1279 1440 1476 1474 montem
1529 1436 1770 1487 quemdam

298 1508 558 1555 secessisset,
597 1507 802 1547 ostendit.
881 1508 998 1547 Nam
1032 1521 1132 1547 cum
1171 1522 1221 1548 ea
1256 1509 1519 1560 quibusdam
1552 1509 1773 1549 videretur

297 1596 392 1623 esse
430 1582 620 1622 severior
656 1582 877 1634 pauloque
915 1582 1072 1632 durior,
1106 1596 1163 1621 ex
1203 1582 1376 1622 occulto
1415 1583 1547 1623 missa
1579 1597 1668 1623 vox
1706 1589 1772 1623 est

297 1657 614 1709 hujuscemodi,
660 1670 799 1708 eaque
851 1670 938 1696 non
992 1656 1140 1704 semel,
1184 1657 1261 1696 sed
1309 1657 1466 1697 iterum
1515 1671 1565 1697 ac
1612 1658 1769 1707 tertio,

298 1731 577 1778 “Francisce,
601 1730 707 1770 nihil
739 1736 864 1770 tuum
898 1731 940 1770 in
973 1730 1055 1770 hac
1083 1730 1243 1782 regula,
1282 1736 1377 1770 tota
1409 1744 1508 1771 mea
1541 1737 1636 1780 est;
1670 1744 1767 1771 eam

297 1819 379 1859 ego
420 1811 564 1845 totam
607 1805 662 1845 ad
701 1804 872 1844 literam
912 1805 1071 1845 servari
1103 1803 1266 1845 vo10.'’2
1329 1805 1470 1857 quue
1513 1806 1770 1845 Franciscus

296 1880 390 1932 ipse
422 1880 608 1921 Summo
643 1878 842 1919 Pontifici
879 1879 1080 1918 Honorio
1110 1879 1230 1918 omni
1261 1879 1585 1919 asseveratione
1614 1879 1770 1920 confir-

298 1953 446 2001 mavit,
483 1959 670 1993 testatus
713 1952 818 1992 nihil
861 1953 904 1992 in
942 1966 992 1992 ea
1030 1952 1164 1992 fuisse
1201 1952 1256 1992 de
1293 1967 1384 2001 suo,
1420 1953 1496 1993 sed
1535 1954 1684 1994 omnia
1721 1959 1769 1994 ut

296 2027 460 2081 scripta
513 2033 647 2077 erant,
690 2041 715 2067 a
759 2026 935 2067 Christo
981 2028 1144 2067 tradita
1195 2033 1329 2079 atque
1375 2027 1550 2067 dictata.
1635 2027 1768 2080 Quod

296 2103 441 2155 ipsum
465 2101 520 2142 de
547 2101 641 2141 aliis
672 2101 973 2152 religiosorum
1004 2101 1214 2140 institutis
1244 2114 1295 2140 ac
1324 2100 1484 2153 regulis
1514 2101 1769 2142 existimare

295 2188 474 2228 aequum
504 2180 581 2223 est,
605 2181 699 2214 tum
723 2174 841 2226 quod
872 2187 1021 2214 earum
1052 2174 1302 2214 conditores
1333 2174 1473 2214 multa
1502 2175 1766 2227 precatione,

295 2263 399 2289 cura
422 2263 472 2289 ac
495 2248 794 2296 meditatione,
815 2253 863 2288 ut
885 2248 940 2287 de
964 2248 1092 2287 Patre
1123 2252 1273 2287 nostro
1305 2248 1482 2300 Ignatio
1505 2249 1768 2315 accepimus¹

297 2336 371 2363 eas
413 2323 708 2375 scripserunt;
761 2327 856 2361 tum
899 2320 1017 2374 quod
1070 2322 1150 2360 nisi
1196 2335 1258 2361 eae
1302 2335 1327 2361 a
1372 2321 1533 2362 Christi
1585 2322 1764 2363 Vicario

295 2396 608 2438 confirmentur
643 2410 693 2436 ac
731 2395 991 2443 sanciantur,
1028 2394 1194 2435 nullam
1238 2396 1546 2436 auctoritatem
1590 2410 1766 2449 prorsus

294 2471 506 2512 obtinent.
548 2470 897 2511 Constitutiones
920 2475 1068 2509 autem
1092 2474 1252 2509 nostrae
1275 2470 1419 2522 primo
1442 2470 1577 2523 ipsius
1602 2469 1763 2511 Christi

293 2545 456 2586 Vicarii
495 2544 619 2597 jussu
662 2549 796 2597 atque
838 2549 946 2583 nutu
988 2544 1256 2597 przescriptae
1299 2550 1412 2592 sunt,
1449 2550 1496 2584 ut
1537 2543 1631 2584 haec
1668 2544 1766 2596 ipsa

295 2618 565 2660 Constitutio
598 2617 843 2669 significat;
877 2617 1135 2671 eaedemque
1167 2617 1375 2671 deinceps
1411 2618 1596 2658 aliorum
1636 2618 1767 2659 Sum-

294 2707 467 2735 morum
504 2692 766 2733 Pontificum
803 2692 1066 2733 auctoritate
1098 2692 1283 2732 firmatae
1322 2698 1456 2744 atque
1492 2692 1767 2746 approbatae,

293 2774 342 2809 ut
373 2767 466 2821 jam
505 2767 687 2808 minime
725 2766 910 2807 dubium
947 2767 1153 2820 cuiquam
1192 2780 1286 2806 esse
1323 2766 1473 2819 possit,
1503 2766 1607 2818 quin
1645 2780 1708 2807 eae
1741 2779 1768 2807 a

291 2842 391 2885 Deo
431 2842 606 2884 traditae
649 2841 950 2894 profectaeque
992 2841 1089 2882 sint.
1169 2839 1435 2893 Quanquam
1480 2841 1596 2880 enim
1646 2840 1771 2894 leges

420 2940 431 2960 ¹
462 2942 515 2974 De
539 2941 669 2973 inform.
690 2940 794 2973 novit.
815 2949 885 2981 par.
910 2948 937 2979 1,
958 2950 984 2972 c.
1002 2939 1054 2980 38.
1186 2938 1198 2957 ²*
1223 2940 1404 2972 Bonavent.
1427 2939 1460 2970 in
1479 2939 1535 2970 vit.
1558 2949 1585 2970 e.
1606 2949 1631 2970 s.
