1903 3197
323 177 402 223 De
423 177 813 239 castzgationz‘bus
837 177 1123 238 confessario
1148 177 1416 239 detqgendclv.
1493 181 1556 236 46
1565 191 1589 237 5

124 308 251 360 facit;
285 315 328 350 et
350 310 453 362 quia
473 310 609 349 tutius
641 309 795 362 agitur,
818 322 917 349 cum
949 310 1094 362 plures
1112 309 1282 361 judices
1305 310 1591 362 adhibentur;

122 388 172 423 et
200 384 304 436 quia
334 384 565 436 Superiore
592 384 773 423 absente
795 383 921 423 unius
945 383 1209 424 Confessarii
1232 390 1327 424 tota
1351 391 1416 425 est
1439 385 1591 425 mode-

131 457 251 497 ratio.

216 530 376 584 Quoad
413 533 600 572 tertium.
665 532 799 572 Ratio
835 537 995 581 autem,
1034 545 1109 571 cur
1145 531 1239 571 haec
1275 532 1396 582 fiant,
1435 539 1479 573 et
1516 547 1591 575 cur

125 605 220 654 hoc,
256 607 330 658 qui
364 607 666 659 praescribitur,
703 607 855 647 ordine
889 607 1149 660 detegendae
1183 607 1270 646 sint
1306 606 1590 648 Confessario

124 680 410 732 poenitentiae,
432 681 608 732 gemina
634 687 699 721 est
721 695 778 721 ex
815 681 1168 729 Constitutione;
1202 693 1288 719 una
1317 680 1512 732 quidem,
1541 685 1590 720 ut

119 753 280 794 clarius
302 755 564 806 procedatur
584 768 592 804 ;
625 755 761 796 altera
781 770 896 805 vero,
919 762 967 796 ut
989 756 1031 795 in
1054 755 1212 795 animis
1244 754 1588 806 corporibusque

124 827 282 867 nostris
306 828 405 868 Deo
428 829 622 869 Domino
654 836 803 870 nostro
834 830 975 882 major
1005 830 1145 883 gloria
1175 829 1405 869 deferatur.
1470 828 1591 868 Prior

121 901 234 940 ratio
275 902 444 954 duplex
486 916 580 943 esse
621 910 797 957 potest;
850 917 952 944 nam
1004 903 1161 943 clarius
1214 903 1275 942 ita
1327 902 1590 955 proceditur,

119 975 282 1027 partim
320 977 423 1028 quia
459 978 671 1027 subditus,
710 979 782 1031 qui
826 978 1109 1031 poenitentias
1152 977 1345 1029 suscipit,
1383 975 1451 1016 vel
1488 976 1591 1029 quia

121 1048 402 1101 inexperiens
435 1056 501 1090 est
533 1057 578 1091 et
610 1051 753 1092 adhuc
784 1052 940 1104 junior,
964 1052 1032 1092 vel
1067 1052 1169 1104 quia
1203 1052 1246 1090 in
1282 1051 1371 1090 suis
1403 1051 1590 1103 quisque

121 1122 250 1162 rebus
292 1122 418 1164 facile
458 1125 685 1178 decipitur,
728 1139 1008 1179 nequaquam
1051 1127 1157 1166 satis
1199 1125 1376 1165 luminis
1428 1124 1590 1166 habere

121 1202 269 1249 potest
300 1198 356 1237 ad
388 1198 720 1250 dijudicandum
753 1201 866 1240 inter
897 1200 1082 1239 nimium
1107 1205 1150 1239 et
1180 1212 1368 1252 parum3
1401 1198 1589 1251 ideoque

123 1270 301 1312 alterius
334 1273 372 1312 ei
407 1273 614 1314 standum
645 1280 710 1314 est
735 1274 911 1326 judicio,
943 1275 1016 1327 qui
1046 1281 1090 1315 et
1124 1273 1415 1326 spiritualium
1445 1285 1589 1312 rerum

122 1357 202 1384 usu
236 1345 469 1398 praecessat,
503 1352 546 1386 et
580 1348 918 1400 perturbationis
957 1348 1116 1388 affectu
1155 1353 1319 1387 caveat.
1385 1347 1508 1387 Sicut
1545 1346 1591 1386 in

124 1417 350 1458 medicinis
382 1421 572 1472 corporis
605 1436 684 1461 usu
716 1423 847 1469 venit,
879 1427 927 1461 ut
958 1435 1045 1461 non
1077 1435 1156 1460 suo
1190 1420 1285 1460 illas
1318 1420 1483 1472 aegroti,
1512 1420 1590 1460 sed

121 1492 483 1544 peritissimorum
512 1494 678 1546 judicio
710 1495 979 1536 medicorum
1007 1501 1181 1544 sumat;
1214 1500 1257 1534 et
1280 1493 1483 1545 quamvis
1505 1493 1589 1545 ipsi

120 1565 194 1618 qui
218 1572 445 1618 aegmtant,
469 1568 700 1608 medicinae
722 1574 861 1609 artem
885 1574 1076 1616 teneant,
1102 1568 1211 1607 alios
1238 1573 1389 1607 tamen
1412 1580 1469 1606 ex
1493 1566 1590 1619 lege

121 1639 316 1680 medicos
349 1641 576 1691 advocant,
600 1656 654 1682 ne
687 1643 834 1695 aliquo
866 1642 1210 1695 perturbationis
1242 1641 1403 1681 affectu
1434 1641 1478 1679 in
1510 1653 1590 1681 sua

121 1712 203 1765 ipsi
239 1714 464 1754 curatione
500 1717 744 1765 caecutiant,
778 1722 822 1756 et
859 1730 938 1769 pro
976 1715 1117 1756 salute
1155 1716 1356 1763 exitium,
1379 1727 1458 1767 pro
1496 1714 1589 1754 vita

120 1791 308 1826 mortem
332 1788 412 1827 sibi
434 1796 670 1829 accersant.
727 1789 891 1829 Partim
914 1803 1015 1828 vero
1039 1789 1141 1841 quia
1164 1789 1206 1828 in
1230 1788 1337 1828 lucis
1360 1786 1589 1840 Angelum

119 1873 167 1900 se
188 1866 365 1901 satanas
397 1862 690 1915 transfigurat,
715 1863 838 1915 cujus
870 1862 1045 1902 fraudes
1077 1868 1211 1914 atque
1244 1862 1429 1901 astutias
1458 1874 1590 1902 nemo

122 1933 276 1974 melius
310 1937 522 1987 agnoscit,
546 1950 678 1988 quam
714 1937 788 1989 qui
824 1950 923 1977 vera
958 1936 1092 1976 animi
1127 1936 1420 1975 submissione
1454 1940 1592 1987 atque

119 2006 372 2048 humilitate
406 2009 626 2050 seniorum
661 2010 841 2050 consilia
876 2015 1009 2062 atque
1041 2010 1226 2062 vestigia
1261 2009 1342 2049 sibi
1380 2009 1590 2049 sectanda

120 2080 449 2122 existimaverit.
515 2082 588 2123 Sic
626 2084 742 2123 enim
780 2083 910 2124 docet
946 2083 1103 2123 Abbas
1140 2083 1288 2123 Moses
1325 2082 1442 2135 apud
1483 2081 1588 2122 Cas-

119 2154 303 2204 sianum,
343 2162 387 2196 et
424 2157 480 2197 ad
520 2157 760 2210 perfectam
799 2157 1074 2197 discretionis
1111 2157 1325 2197 rationem
1362 2155 1589 2208 pervenire

120 2230 375 2282 quempiam
418 2245 560 2284 posse,
598 2238 642 2272 et
683 2232 902 2271 munitum
945 2244 970 2271 a
1011 2231 1178 2271 cunctis
1215 2230 1382 2270 insidiis
1424 2228 1589 2270 inimici

119 2304 390 2345 tutissimum
428 2304 715 2358 permanere.1

208 2377 334 2419 Solet
375 2385 526 2420 autem
570 2386 746 2420 satanas
798 2385 998 2419 extrema
1046 2392 1233 2431 quaeque
1275 2378 1359 2418 Dei
1411 2376 1588 2418 famulis

119 2451 315 2502 suadere,
351 2454 598 2506 praesertim
636 2454 834 2507 speciosa
870 2460 914 2494 et
950 2466 1048 2505 quse
1086 2452 1326 2492 laudabilia
1356 2451 1588 2501 videntur;

121 2529 168 2564 ut
196 2525 392 2566 diximus
421 2528 465 2567 in
497 2527 708 2581 opusculo
730 2528 784 2568 de
807 2527 1030 2567 communi
1051 2526 1225 2566 vivendi
1248 2526 1416 2566 ratione
1439 2524 1588 2565 Socie-

120 2598 224 2638 tatis
266 2605 438 2641 nostrae.
522 2601 721 2654 Ideoque
762 2602 883 2642 omni
925 2606 1085 2641 conatu
1134 2600 1267 2640 debet
1313 2597 1588 2639 discretionis

121 2671 288 2713 bonum
320 2673 480 2714 virtute
512 2673 775 2715 humilitatis
806 2675 981 2727 acquiri,
1004 2680 1052 2714 ut
1085 2673 1282 2714 Cassiani
1313 2672 1446 2712 verba
1477 2676 1588 2721 utar,

121 2747 260 2798 “quae
303 2760 382 2788 nos
424 2747 585 2788 illaesos
626 2749 682 2789 ab
724 2754 908 2801 utraque
949 2753 1097 2801 potest
1138 2747 1364 2786 nimietate
1405 2757 1586 2785 servare.

120 2818 198 2860 Ad
240 2834 377 2862 unum
420 2821 552 2863 finem
596 2822 800 2863 nimietas
839 2822 992 2875 jejunii
1035 2827 1079 2861 et
1119 2821 1333 2861 voracitas
1378 2818 1588 2872 pervenit,

702 2918 715 2939 ²
739 2919 825 2952 Coll.
847 2927 876 2952 2.
898 2929 924 2951 c.
950 2927 998 2951 11.

298 2980 359 3013 EE
