1903 3197
377 137 456 183 De
489 137 836 183 antevertendis
871 136 1222 182 tentationibus,
1435 150 1456 178 2
1464 149 1495 180 o
1503 149 1526 192 3

68 270 167 322 quis
198 269 506 309 animadvertit
537 268 592 308 ad
626 267 874 320 superbiam
899 281 944 307 se
967 281 1062 307 esse
1095 279 1374 319 propensum,
1401 279 1526 305 exer-

68 356 166 383 cere
200 357 245 383 se
278 343 410 383 debet
444 343 486 382 in
521 342 649 382 rebus
684 340 1004 393 abjectioribus,
1046 341 1107 379 sic
1144 341 1259 379 enim
1298 339 1528 379 videbatur

69 416 316 466 dicendum,
339 417 441 468 quia
464 416 694 468 unicuique
717 414 930 454 incumbit
953 426 1156 452 exercere
1177 413 1380 464 seipsum.

159 490 433 543 Respondeo.
481 489 596 542 Quia
618 488 711 528 haec
734 487 993 527 exercitatio
1017 500 1103 525 non
1128 486 1259 525 debet
1282 499 1376 525 csse
1401 487 1526 525 unius

67 564 306 603 dumtaxat
329 563 503 612 subditi,
528 568 570 602 et
604 562 697 614 ejus
731 561 804 614 qui
840 561 981 601 alieno
1011 567 1135 613 paret
1159 560 1352 611 imperio,
1377 573 1525 598 verum

67 637 202 677 etiam
237 636 533 683 moderatoriS,
559 642 601 675 et
639 636 732 687 ejus
766 635 840 688 qui
878 641 1037 688 prfeest
1074 633 1209 682 alteri,
1233 632 1355 684 cujus
1394 633 1524 672 ctiam

67 717 135 751 est
169 711 381 750 rationem
415 724 494 762 pro
529 709 715 749 subditis
758 709 855 748 Deo
890 708 1080 748 reddere.
1158 707 1277 747 Dicit
1319 707 1434 746 enim
1473 706 1527 746 de

70 784 319 836 Praepositis
353 783 538 823 Paulus:
578 784 706 837 “Ipsi
740 783 1013 837 pervigilant,
1045 783 1168 835 quasi
1204 782 1417 821 rationem
1448 794 1526 833 pro

46 858 300 898 -animabus
322 858 475 898 vestris
498 857 765 898 1·eddituri.‘'1
812 858 919 897 Ideo
944 857 1283 909 Praepositorum
1307 856 1440 895 etiam
1465 860 1530 894 est

67 931 343 972 subditorum
376 933 642 972 tentationes
675 938 957 981 antevertere,
982 944 1143 982 eosque
1176 930 1218 968 in
1252 929 1379 969 rebus
1403 941 1528 968 exer-

68 1019 165 1046 cere
187 1006 415 1046 contrariis
434 1020 442 1055 3
476 1012 522 1046 ut
545 1006 764 1059 sapienter
786 1005 945 1045 Abbas
968 1004 1037 1044 ille
1056 1003 1388 1043 Alexandrinus
1411 1003 1529 1055 apud

71 1079 318 1120 Climacum
353 1079 493 1119 facere
525 1079 678 1120 solitus
715 1078 810 1119 est.2
872 1078 959 1131 Qui
994 1078 1029 1117 si
1063 1091 1173 1130 quos
1208 1078 1320 1117 forte
1352 1091 1410 1116 ex
1439 1076 1527 1116 suis

70 1153 256 1193 subditis
307 1153 590 1193 ostentationi
642 1154 881 1206 gloriaeque
933 1152 1091 1192 servire
1143 1150 1527 1197 animadverteret,

70 1227 312 1280 praesertim
335 1240 433 1266 cum
458 1227 628 1266 externi
662 1226 862 1266 homines
884 1232 927 1266 et
950 1224 1164 1265 seculares
1191 1225 1245 1264 ad
1279 1223 1528 1263 coenobium

70 1300 356 1348 ventitabant,
382 1301 415 1339 is
447 1299 723 1339 contumeliis
753 1313 827 1339 eos
857 1299 899 1339 in
927 1303 1163 1351 conspectu
1194 1297 1527 1338 adventantium

70 1373 301 1421 afficiebat,
342 1372 668 1425 ministeriaque
712 1372 794 1412 illis
836 1371 1046 1425 ignobilia
1084 1370 1349 1423 injungebat.
1426 1369 1528 1422 Quo

72 1447 379 1500 increpationis
416 1460 575 1499 genere
612 1460 686 1487 eos
724 1447 783 1487 ita
821 1446 1013 1493 curabat,
1059 1450 1105 1485 ut
1144 1445 1237 1497 jam
1279 1445 1312 1484 si
1356 1444 1429 1495 qui
1472 1457 1529 1483 ex

70 1522 265 1562 externis
306 1522 361 1561 ad
404 1521 719 1561 monasterium
766 1521 1037 1567 accederent,
1077 1532 1227 1558 eorum
1272 1517 1386 1557 illico
1428 1530 1532 1557 con-

72 1601 271 1648 spectum
301 1594 511 1648 fugerent.
576 1594 701 1634 Idem
728 1594 945 1634 Isidorum
969 1593 1209 1645 quemdam
1227 1592 1365 1632 civem
1389 1590 1532 1631 Alex-

73 1669 303 1710 andrinum
338 1669 605 1721 primarium,
629 1669 837 1721 quoniam
873 1681 931 1707 ex
965 1667 1060 1720 ipso
1095 1671 1274 1718 aspectu
1310 1664 1529 1705 tumidum

76 1756 126 1784 ac
159 1743 395 1795 superbum
441 1742 575 1782 seculi
617 1742 832 1794 dignitate
873 1741 1163 1793 conjectabat,
1207 1739 1357 1779 statim
1400 1744 1534 1790 atque

74 1816 196 1856 illum
235 1818 277 1856 in
311 1816 561 1856 coenobium
597 1816 771 1868 recepit,
792 1814 922 1867 jussit
955 1828 1044 1866 prae
1083 1813 1247 1853 foribus
1282 1812 1532 1853 monasterii

74 1891 271 1931 omnium
319 1890 658 1942 ingredientium
702 1894 746 1928 et
792 1887 1109 1941 egredientium
1156 1886 1340 1939 genibus
1381 1899 1534 1939 pervo-

79 1965 217 2005 lutum
262 1965 323 2004 ita
364 1963 536 2003 dicere:
574 1962 665 2003 Ora
696 1975 775 2015 pro
807 1975 877 2001 me
909 1967 1044 2014 pater,
1082 1961 1289 2013 quoniam
1331 1966 1537 2013 peccator

74 2051 171 2078 sum
200 2053 206 2059 ·

199 2072 206 2087 ἲ

269 2051 355 2090 qua
415 2037 456 2076 in
507 2035 768 2076 humilitatis
820 2035 1136 2075 exercitatione
1186 2040 1354 2087 septem
1417 2033 1535 2086 ipsos

76 2118 271 2152 versatus
312 2125 462 2160 annOS,
514 2111 571 2151 ad
614 2109 999 2163 profundissimam
1043 2108 1337 2148 humilitatem
1379 2108 1537 2148 dicitur

74 2187 331 2239 pervenisse.

167 2260 286 2299 Dicit
308 2259 440 2311 igitur
462 2259 504 2298 P.
528 2257 728 2311 Ignatius
752 2264 771 2277 ‘⁴
787 2271 886 2297 cum
909 2257 1006 2310 quis
1029 2255 1422 2305 animadvertitur‚’'
1448 2268 1536 2295 non

77 2339 225 2374 autem
248 2347 347 2374 cum
366 2333 461 2386 quis
484 2346 529 2372 se
551 2333 694 2385 ipsum
713 2331 1033 2379 animadvertit,
1054 2336 1097 2371 et
1115 2331 1342 2371 “exerceri
1366 2329 1534 2378 debet,''

78 2421 163 2448 non
206 2413 354 2448 autem
396 2419 600 2446 exercere
637 2420 683 2446 se
719 2406 878 2454 debet;
913 2411 959 2445 ut
997 2405 1222 2456 utriusque
1259 2403 1453 2443 studium
1493 2403 1537 2442 in

79 2482 400 2522 antevertendis
433 2480 750 2521 tentationibus
779 2479 1108 2532 complectatur,
1139 2478 1338 2518 Rectoris
1368 2483 1412 2517 et
1437 2477 1539 2516 sub·

79 2554 170 2604 diti,
209 2555 327 2607 quod
370 2568 457 2594 non
504 2554 564 2594 ita
606 2553 732 2593 facile
779 2553 993 2606 potuisset
1036 2552 1179 2592 activa
1221 2550 1538 2604 significatione

80 2628 323 2681 complecti.
388 2628 490 2668 Huc
532 2627 702 2669 accedit
742 2627 860 2679 quod
904 2626 1104 2666 subditus
1148 2638 1235 2665 non
1277 2638 1324 2665 se
1364 2636 1538 2675 semper

79 2703 278 2756 agnoscit
324 2707 368 2742 et
418 2715 497 2742 sua
545 2702 652 2742 vitia
703 2701 1025 2749 animadvertit,
1068 2700 1171 2740 caeci
1222 2699 1338 2738 enim
1387 2710 1539 2737 sumus

77 2777 120 2816 in
164 2776 321 2816 nostris
363 2775 467 2828 ipsis
509 2775 624 2815 vitiis
666 2774 976 2828 inspiciendis;
1029 2779 1083 2821 et,
1128 2778 1176 2812 ut
1226 2772 1287 2812 ait
1339 2769 1538 2820 Basilius,

519 2862 530 2882 ¹
557 2864 646 2895 Heb.
670 2871 719 2904 13.
897 2861 911 2880 ‘²
935 2862 1035 2893 Grad.
1056 2871 1085 2901 4.
