1903 3197
295 146 391 190 442
621 134 702 180 De
736 137 924 183 ratione
959 139 1152 187 vivendi
1183 143 1445 193 Socz'etatz'S.

293 262 566 317 delinquunt,
591 267 665 319 qui
698 281 777 308 nec
809 274 996 324 tempus,
1020 286 1100 314 nec
1132 274 1276 315 locum
1311 290 1428 330 saepe
1460 287 1647 331 norunt;
1682 296 1760 322 nec

291 336 350 377 ad
381 337 535 379 ludum
567 340 750 382 consilio
783 348 826 383 et
850 345 1077 398 sapientia,
1101 349 1177 388 sed
1211 363 1333 390 coeco
1363 353 1557 404 quodam
1590 355 1757 409 impetu

290 423 343 451 ac
374 412 618 465 cupiditate
649 414 878 459 ducuntur.
943 419 1139 473 Ideoque
1171 423 1289 474 quod
1323 424 1366 463 in
1399 424 1465 465 his
1494 427 1649 467 vitium
1683 435 1759 479 est,

291 483 336 523 in
365 484 449 525 illis
478 493 544 527 est
565 488 714 538 virtus,
736 489 779 529 in
807 492 965 543 quibus
996 495 1107 534 ratio
1135 496 1353 548 gubernat
1375 500 1550 541 omnia:
1582 501 1759 543 habitus

292 563 440 600 autem
464 573 521 600 ex
549 562 718 603 ratione
745 578 942 617 operans,
965 573 1012 608 ut
1035 569 1151 609 idem
1184 569 1225 610 S.
1243 570 1439 612 Thomas
1463 574 1603 625 docet,
1623 576 1759 617 virtus

289 634 497 686 quaedam
531 636 708 677 moralis
740 645 817 688 est,
850 646 983 693 atque
1016 642 1176 684 idcirco
1219 645 1261 683 in
1301 645 1413 686 ludis
1447 648 1581 688 etiam
1613 656 1760 702 potest

289 720 386 747 esse
427 708 573 749 virtus.
664 711 723 751 Et
765 713 945 764 quidem
993 719 1230 763 εὐτραπελίαν
1272 719 1315 758 in
1359 720 1425 760 his
1472 721 1763 765 Aristotelesl

288 781 414 834 ponit
447 786 549 830 παρὰ
583 790 641 822 τόυ
677 788 714 822 ἒύ
748 787 879 833 τρέπειν
923 791 978 825 τὸν
1019 792 1133 841 λόγον,
1171 792 1290 843 quod
1333 794 1452 835 dicta
1492 796 1641 850 aliqua
1682 805 1758 838 aut

287 853 415 906 sacta,
458 863 506 896 ut
551 858 614 897 ait
659 859 705 899 B.
734 859 942 909 Thomas,
982 863 1025 901 in
1060 864 1266 905 solatium
1304 869 1401 919 quis
1437 868 1759 913 hilaritatemve

286 928 400 969 bene
442 935 595 971 vertat.
680 932 782 984 Ipse
831 939 981 974 autem
1027 935 1224 978 Thomas
1256 940 1462 982 virtutem
1499 943 1624 993 hanc,
1657 960 1757 998 quae

284 1001 414 1043 ludos
468 1004 650 1044 consilio
706 1012 751 1046 et
807 1007 975 1049 ratione
1033 1009 1192 1063 dirigit,
1245 1020 1461 1065 quatenus
1503 1030 1529 1057 a
1579 1018 1757 1060 ludendi

284 1074 653 1118 immoderatione
726 1093 806 1120 nos
878 1081 1065 1133 cohibet,
1134 1085 1189 1125 ad
1262 1089 1526 1130 modestiam
1594 1092 1758 1134 scilicet

284 1157 470 1191 revocat.

372 1224 445 1263 Ex
481 1225 639 1277 quibus
677 1227 863 1268 efficitur
899 1230 1124 1283 religiosos
1161 1232 1300 1281 ludos,
1337 1250 1435 1276 cum
1471 1243 1563 1279 tam
1607 1240 1756 1281 multis

282 1296 411 1337 rebus
454 1313 480 1338 a
521 1300 805 1342 saecularibus
854 1312 1149 1356 secernantur,
1192 1313 1235 1347 et
1276 1308 1485 1350 honestos
1528 1325 1632 1362 esse,
1675 1327 1755 1354 nec

279 1384 394 1411 verae
436 1373 609 1414 virtutis
652 1382 892 1428 expertes;
945 1378 1134 1432 ideoque
1185 1382 1341 1422 merito
1385 1384 1442 1423 ab
1484 1385 1534 1424 iis
1576 1388 1751 1426 tractari

277 1450 415 1498 atque
453 1449 651 1500 usurpari
695 1464 835 1501 posse,
871 1452 1004 1492 modo
1040 1467 1120 1505 pro
1157 1468 1203 1494 se
1240 1456 1424 1509 quisque
1466 1459 1642 1500 studeat
1685 1460 1752 1500 his

277 1532 389 1572 quas
431 1521 525 1560 dixi
577 1523 915 1573 conditionibus,
960 1527 1075 1566 unde
1128 1530 1271 1569 omnis
1321 1532 1487 1583 pendet
1530 1532 1749 1584 honestas,

278 1592 406 1634 ludos
439 1596 558 1648 ipsos
590 1597 858 1650 astringere;
892 1600 1159 1654 eosdemque
1192 1605 1373 1644 omnino
1405 1620 1545 1658 parce,
1570 1614 1613 1648 et
1639 1609 1750 1649 sicut

271 1667 368 1708 sale
409 1669 482 1721 pio
525 1671 820 1722 condimento,
858 1678 905 1712 ut
947 1675 1009 1714 ait
1050 1675 1093 1714 in
1128 1675 1296 1716 Ethicis
1333 1678 1607 1721 Aristoteles.
1670 1682 1748 1722 Ad

276 1740 556 1783 honestatem
580 1758 683 1784 vero
714 1745 867 1797 ingens
897 1748 1068 1787 accedit
1091 1749 1266 1799 utilitas,
1292 1758 1339 1791 ut
1365 1767 1478 1805 pene
1508 1758 1750 1797 necessaria

276 1814 492 1868 religiosis
514 1817 767 1858 hominibus
792 1819 882 1859 ludi
901 1820 1049 1873 aliqua
1067 1823 1283 1864 relaxatio
1298 1826 1506 1867 videatur.
1551 1828 1748 1882 Agnosci

270 1895 426 1930 autem
468 1890 562 1931 haec
599 1892 667 1932 vel
721 1894 957 1934 necessitas
993 1896 1060 1936 vel
1104 1897 1269 1938 utilitas
1310 1906 1457 1952 potest
1499 1916 1556 1942 ex
1599 1904 1747 1944 tribus.

277 1962 472 2005 Primum
503 1979 560 2005 ex
588 1966 756 2018 judicio
786 1974 921 2021 atque
950 1971 1211 2012 auctoritate
1241 1975 1439 2014 omnium
1466 1976 1554 2016 sere
1576 1977 1747 2030 religio—

275 2051 423 2079 sorum
477 2046 686 2090 coetuum,
732 2042 806 2094 qui
858 2043 914 2083 ad
967 2045 1214 2086 animorum
1268 2049 1567 2090 remissionem
1620 2051 1747 2092 ludos

273 2112 445 2166 aliquos
497 2114 717 2155 interdum
766 2116 1012 2169 adhibent;
1064 2122 1307 2172 praesertim
1355 2123 1411 2162 ad
1463 2126 1743 2166 recreandam

268 2185 560 2238 juventutem,
613 2202 713 2241 quae
767 2190 980 2243 religiosae
1039 2192 1280 2246 disciplinae
1333 2198 1621 2248 severitatem,
1674 2201 1743 2240 cui

273 2260 472 2300 nondum
507 2262 683 2314 penitus
716 2264 917 2313 assuevit,
945 2271 988 2304 et
1021 2267 1295 2307 saecularium
1321 2269 1598 2323 voluptatum
1632 2272 1744 2313 desi-

274 2333 455 2383 derium,
480 2349 589 2388 quas
622 2336 665 2376 in
699 2337 861 2377 saeculo
895 2339 1075 2379 minime
1106 2341 1365 2394 degustavit,
1389 2346 1565 2396 gravius
1596 2348 1740 2397 sentit,

266 2421 405 2460 quam
449 2409 710 2450 confirmata
755 2417 799 2451 et
851 2413 1134 2455 corroborata
1175 2416 1269 2467 jam
1317 2423 1435 2467 zetas
1479 2420 1547 2459 cui
1594 2422 1740 2461 saeculi

269 2482 536 2535 cupiditates
584 2484 775 2537 expletae
827 2491 960 2538 atque
1008 2494 1254 2530 exaturatae
1302 2492 1500 2533 molestae
1552 2495 1739 2548 amplius

267 2568 367 2596 *esse
398 2570 486 2597 non
518 2557 670 2598 solent.

358 2630 563 2672 Secundo
605 2646 664 2672 ex
706 2633 801 2686 ipsa
844 2640 1002 2675 natura
1043 2636 1233 2678 hominis
1275 2653 1325 2679 ac
1362 2641 1541 2682 ratione.
1617 2643 1739 2684 Sicut

270 2704 387 2744 enim
439 2712 595 2746 natura
646 2707 703 2747 ad
757 2708 1039 2749 reficiendum
1092 2725 1249 2764 corpus
1300 2715 1492 2767 corporis
1544 2718 1736 2769 requiem

268 2779 437 2831 poscit;
470 2794 549 2821 nec
583 2782 699 2822 enim
734 2785 1076 2836 perpetuitatem
1115 2786 1277 2827 laboris
1311 2788 1420 2829 serre
1453 2796 1611 2843 potest,
1638 2805 1735 2832 cum

850 2870 863 2890 1
887 2873 963 2905 Eth.
985 2874 1005 2905 1.
1025 2883 1056 2914 4.
1078 2885 1104 2906 c.
1125 2875 1153 2907 8.
