1903 3197
308 197 370 253 98
627 194 705 240 De
740 193 929 240 ratione
961 193 1153 240 vivendi
1186 193 1444 240 Socz'elcztz's.

307 328 440 367 moda
476 326 590 376 vitae,
626 332 733 379 quot
770 327 813 366 in
855 327 1073 380 plerisque
1115 326 1302 376 familiis,
1337 327 1426 366 imo
1463 325 1672 378 plurimis,
1711 326 1772 368 ad'

306 401 542 442 vivendum
575 401 809 441 commoda
831 401 1066 449 abundare,
1090 415 1178 453 quo
1201 400 1435 453 perfectius
1457 400 1500 439 in
1522 400 1768 440 animorum

307 477 495 516 salutem
539 476 796 525 incumbat3
849 476 1127 528 disciplinam
1164 489 1278 522 vero,
1317 480 1360 514 et
1403 475 1437 513 si
1482 473 1554 513 illa
1591 474 1771 526 quidem

307 550 436 591 valde
486 552 616 604 viget,
659 556 784 591 tanta
835 557 983 590 tamen
1035 551 1251 590 suavitate
1302 549 1481 597 condiri,
1524 554 1573 588 ut
1625 562 1775 588 severa-

307 625 549 665 admodum
588 625 671 664 dici
715 638 800 664 non
844 626 993 677 possit,
1029 630 1071 664 et
1106 638 1202 664 eam
1238 624 1416 676 quidem
1456 636 1543 662 non
1585 629 1677 662 tam
1715 623 1771 662 ad

306 714 464 752 corpus
507 713 640 752 quam
684 700 738 739 ad
782 699 977 739 animum
1021 698 1294 738 domandum
1337 698 1584 750 pertinere;
1632 697 1774 750 poeni—

306 774 492 814 tentiam
536 779 683 813 autem
732 787 818 813 non
871 773 921 812 iis
963 773 1201 812 dumtaxat
1253 773 1393 821 rebus,
1437 786 1536 824 quze
1589 771 1774 811 domant

308 849 517 896 animum,
548 848 769 894 contineri,
793 861 941 887 verum
974 847 1023 886 iis
1053 861 1152 899 quse
1185 860 1342 899 corpus
1374 852 1568 886 atterunt
1595 851 1638 885 et
1665 845 1779 885 affli-

305 928 443 975 gunt;
479 922 784 962 afflictationes
819 928 967 961 autem
1002 921 1196 973 corporis
1218 921 1286 960 'ex
1325 920 1595 972 obligatione
1633 919 1775 959 nullas

305 996 631 1049 propemodum
669 996 910 1036 ordinarias
954 995 1071 1047 apud
1115 1008 1193 1034 nos
1236 1008 1341 1041 esse,
1376 1000 1423 1033 ut
1467 1000 1614 1033 noster
1647 994 1779 1033 Pater

306 1069 479 1110 fatetur.
537 1070 774 1121 Reliquum
799 1075 863 1108 est
886 1068 1017 1120 igitur
1035 1075 1082 1107 ut
1105 1081 1178 1106 eas
1201 1067 1282 1107 sibi
1306 1068 1502 1119 quisque,
1528 1066 1780 1119 SuperIOris

308 1158 518 1184 concessu
542 1143 858 1196 permissuque,
881 1142 1101 1194 suscipiat.

401 1218 504 1256 Huc
546 1217 716 1256 accedit
758 1216 877 1268 quod
918 1215 1013 1255 haec
1056 1216 1151 1268 ipsa
1193 1214 1436 1267 disciplinre
1480 1215 1688 1255 severitas
1737 1220 1780 1255 et

309 1291 575 1332 obedientia:
608 1290 856 1343 abnegatio,
881 1290 961 1330 nisi
994 1289 1187 1329 habeant
1215 1289 1472 1340 adjumenta
1504 1289 1784 1341 poenitentia:-

308 1365 648 1418 asperitatisque
687 1378 919 1417 corporeae,
959 1377 1077 1416 scepe
1109 1369 1210 1402 sunt
1242 1362 1491 1412 imbecilla,
1531 1363 1635 1414 quia
1677 1376 1776 1402 cum

311 1453 414 1480 caro
437 1439 604 1492 spiritui
630 1438 876 1487 reluctetur,
900 1438 981 1478 nisi
1004 1437 1074 1477 hic
1098 1451 1193 1477 eam
1218 1442 1416 1477 coerceat
1439 1443 1573 1489 atque
1596 1443 1778 1490 premat,

312 1527 402 1553 non
441 1513 566 1553 facile
603 1513 646 1552 in
689 1514 777 1553 suis
814 1512 898 1552 illis
936 1512 1326 1552 exercitationibus
1362 1511 1607 1563 studiisque
1638 1525 1783 1550 versa-

312 1588 441 1628 bitur.
501 1586 680 1627 Carebit
702 1587 835 1640 igitur
857 1592 900 1626 et
922 1586 1016 1636 hoc,
1040 1592 1084 1626 et
1105 1586 1199 1626 aliis
1227 1586 1473 1626 commodis
1506 1585 1780 1638 poenitentia*

313 1661 512 1713 quisquis
546 1666 782 1714 expectare
811 1661 917 1701 velit
946 1662 1052 1701 dum
1088 1675 1185 1701 eam
1222 1660 1431 1713 Superior
1463 1660 1693 1712 imponat;
1729 1666 1782 1707 et,

316 1736 436 1788 quod
469 1735 776 1787 gravissimum
810 1742 887 1785 est,
912 1736 954 1775 in
988 1736 1246 1788 languorem
1279 1735 1443 1775 incidet
1472 1735 1660 1787 spiritus,
1685 1735 1787 1786 quia

315 1809 528 1861 Superior
551 1823 657 1856 raro,
683 1815 731 1848 ut
753 1809 859 1855 dixi,
893 1823 979 1849 non
1011 1809 1141 1848 nullis
1171 1809 1336 1861 irrogat
1367 1808 1664 1860 poenitentias,
1698 1808 1790 1860 ipse

315 1897 419 1923 vero
451 1884 558 1923 dum
603 1883 861 1936 irrogentur,
895 1889 1132 1936 expectat:
1181 1897 1285 1936 ergo
1318 1882 1424 1921 nihil
1456 1882 1556 1921 huic
1584 1881 1676 1933 jam
1711 1883 1790 1922 erit

322 1957 439 1997 unde
474 1957 676 2009 spiritum
710 1971 837 1996 suum
867 1958 1045 2005 excitet,
1070 1957 1253 1997 sublatis
1283 1956 1471 1996 stimulis
1503 1956 1787 2008 poenitentiae,

319 2031 426 2071 nihil
450 2032 565 2071 unde
588 2045 634 2070 se
657 2032 801 2084 ipsum
824 2038 954 2071 acuat
977 2037 1019 2071 et
1043 2031 1196 2071 melior
1217 2030 1303 2070 fiat.

409 2104 579 2157 Quarta
603 2105 713 2144 ratio
736 2112 812 2151 est,
832 2106 934 2157 quia
958 2119 1056 2145 cum
1080 2104 1354 2157 poenitentiae
1373 2117 1482 2155 quas
1505 2103 1586 2142 sibi
1606 2103 1791 2155 quisque

320 2178 454 2217 sumit
478 2191 564 2217 non
595 2178 729 2217 modo
759 2179 941 2230 privatae
971 2184 1014 2218 et
1037 2177 1232 2226 occultae,
1256 2191 1406 2217 verum
1440 2177 1573 2216 etiam
1601 2177 1788 2229 publicae

320 2258 363 2291 et
407 2251 652 2291 manifestae
695 2251 865 2291 soleant
908 2266 1012 2300 esse,
1050 2253 1114 2304 (ut
1155 2258 1257 2291 sunt
1300 2265 1361 2291 ere
1405 2265 1514 2303 quas
1556 2250 1789 2303 aliquoties

321 2324 504 2377 singulis
552 2326 676 2365 annis
726 2325 995 2366 Constitutio
1033 2326 1123 2378 peti
1167 2325 1295 2377 jubet
1341 2331 1522 2378 propter
1567 2325 1788 2366 defectum

321 2399 641 2439 observationis
685 2399 943 2451 regularis),1
987 2400 1225 2452 plurimum
1267 2399 1384 2439 valet
1429 2399 1484 2439 ad
1528 2399 1790 2440 excitandos

322 2478 505 2512 caeteros
561 2473 625 2512 vis
684 2473 888 2525 exempli.
984 2473 1113 2513 Multi
1167 2474 1296 2521 enim,
1350 2473 1424 2524 qui
1480 2471 1688 2524 languere
1746 2473 1789 2512 in

321 2546 405 2586 hoc
439 2546 585 2586 studio
628 2546 854 2599 incipiunt,
889 2548 1194 2587 animadverso
1237 2546 1422 2586 aliorum
1465 2544 1620 2585 ardore
1655 2551 1703 2585 ut
1745 2560 1791 2586 se

323 2620 406 2673 ipsi
446 2626 655 2660 revocant
693 2621 749 2660 ad
787 2621 1013 2669 fervorem,
1052 2627 1095 2661 et
1132 2621 1206 2672 qui
1249 2632 1475 2671 nunquam
1515 2619 1630 2658 soliti
1669 2625 1792 2660 erant

322 2694 594 2735 voluntarias
629 2694 710 2734 sibi
746 2694 827 2746 ipsi
863 2708 1020 2747 poenas
1057 2696 1293 2747 imponere,
1326 2699 1544 2745 coguntur
1578 2693 1793 2745 quodam-

325 2768 460 2808 modo
483 2768 708 2820 proposita
731 2768 812 2807 sub
835 2768 984 2808 oculos
1007 2774 1073 2808 tot
1096 2767 1305 2820 exempla
1327 2780 1407 2820 pro
1423 2767 1586 2807 viribus
1604 2767 1792 2816 imitari;

324 2843 443 2895 quod
483 2842 736 2895 experimur
767 2856 865 2882 cum
907 2843 1171 2884 Sanctorum
1203 2842 1316 2881 vitas
1349 2841 1561 2881 attentius
1594 2840 1792 2893 legimus,

323 2917 379 2960 ad
418 2930 567 2957 eorum
611 2930 691 2956 nos
729 2916 909 2970 jejunia,
944 2917 1126 2970 vigilias,
1163 2922 1208 2956 et
1246 2917 1465 2957 orationes
1507 2915 1792 2956 vehementer

887 3003 899 3025 1
924 3007 959 3039 P.
981 3014 1010 3048 3.
1032 3018 1058 3039 c.
1084 3015 1109 3038 1.
1132 3005 1216 3046 §28-
