1903 3197
335 200 425 257 148
656 196 735 242 De
768 196 957 242 ratione
990 195 1182 243 vivendi
1215 197 1477 244 Socz'etatz's.

329 342 509 371 monere
541 343 640 369 eum
684 329 873 381 benigne
910 329 1152 383 leniterque
1184 330 1403 383 coepisset,
1442 344 1498 370 ne
1539 331 1705 372 otiosus
1747 343 1797 373 ac

328 419 467 459 vagus
510 403 700 444 instabili
743 404 921 444 levitate
963 419 1041 458 per
1082 405 1282 445 universa
1320 405 1591 454 discurreret,
1630 420 1797 460 suoque

330 479 478 533 potius
497 492 638 531 opere,
655 492 787 530 quam
811 478 954 518 aliena
976 478 1127 519 mallet
1150 478 1450 519 munificentia
1473 481 1729 530 sustentari;
1763 480 1800 520 is

331 558 455 594 tanta
479 558 544 593 est
566 553 741 592 tristitia
765 558 807 592 et
830 552 981 592 dolore
1012 553 1223 606 perfusus,
1249 558 1297 593 ut
1327 566 1426 592 eum
1458 567 1512 593 ne
1534 553 1680 594 vultus
1702 554 1797 606 qui-

332 627 435 668 dem
462 626 738 666 dissimulare
767 633 926 679 posset.
991 627 1071 667 Cui
1106 626 1281 667 Senex:
1315 626 1619 675 “Hactenus,‘'
1643 628 1796 680 inquit,

333 701 409 742 “O
443 701 516 750 fili,
550 701 714 742 cunctis
747 707 790 741 te
827 700 1068 741 facinorum
1102 701 1369 754 ponderibus
1403 701 1644 750 onerabas;
1678 701 1795 754 quid,

332 790 494 829 qufeso,
542 789 656 815 nunc
703 781 778 823 est,
816 776 933 827 quod
979 775 1034 815 ad
1079 775 1323 828 simplicem
1372 774 1796 816 admonitiunculam

330 856 527 891 nostram
568 856 692 890 tanta
734 856 777 889 te
819 849 948 889 video
990 849 1292 902 indignatione
1335 849 1643 889 commotum?
1720 848 1796 888 An

331 926 525 971 fortasse,
550 924 654 963 dum
678 929 721 963 te
744 923 1020 973 humiliabas,
1044 923 1162 963 illam
1188 923 1459 976 expectabas
1491 937 1515 963 a
1550 928 1700 963 nostro
1723 936 1797 963 ore

331 999 595 1039 sententiam
617 1013 624 1037 :
669 999 853 1050 ‘Justus
877 998 994 1049 prior
1020 1004 1084 1037 est
1113 1004 1341 1037 accusator
1362 997 1426 1036 sui
1447 1011 1454 1036 ;
1486 998 1605 1037 venit
1628 997 1796 1037 amicus

333 1072 437 1124 ejus,
462 1079 503 1111 et
527 1071 809 1123 investigabit
833 1085 931 1110 eum
949 1071 962 1110 ?
980 1069 1010 1093 '1
1074 1071 1260 1111 Proinde
1282 1084 1383 1110 vera
1406 1076 1471 1110 est
1493 1070 1637 1110 cordis
1658 1070 1818 1110 humi-'-

330 1144 431 1185 litas
454 1145 693 1194 retinenda,
718 1158 816 1197 quze
847 1158 933 1184 non
957 1145 1011 1185 de
1040 1145 1245 1185 affectata
1268 1144 1460 1197 corporis
1490 1149 1624 1196 atque
1645 1144 1813 1184 verbon-

334 1232 442 1266 rum,
471 1218 547 1258 sed
581 1219 635 1258 de
662 1218 816 1258 intima
849 1219 1007 1259 mentis
1038 1219 1343 1259 humiliatione
1376 1216 1637 1258 descendsts’
1703 1217 1816 1258 Hac

334 1293 468 1345 igitur
490 1292 738 1333 humilitate
760 1293 994 1346 prceditum
1019 1308 1112 1334 esse
1135 1299 1320 1346 oportet,
1340 1293 1413 1345 qui
1436 1292 1541 1332 velit
1559 1305 1688 1344 aequo
1711 1292 1805 1332 ani-

337 1380 421 1411 mo,
438 1367 526 1406 imo
542 1367 675 1407 etiam
695 1366 857 1407 libente
874 1368 1198 1407 admonitiones
1216 1366 1552 1418 delationesqne
1570 1366 1806 1419 suscipere.

425 1441 629 1482 Secunda
663 1442 859 1494 sequitur
893 1443 1138 1488 difficultas,
1182 1456 1280 1494 quze
1314 1448 1510 1481 versatur
1542 1442 1584 1480 in
1620 1441 1715 1493 ipsa
1747 1454 1802 1481 re.

338 1516 439 1557 Urit
472 1521 619 1555 autem
653 1530 719 1556 res
752 1516 845 1569 ipsa
875 1516 1020 1557 delata
1044 1523 1232 1569 quatuor
1264 1516 1527 1563 nominibus,
1553 1520 1600 1555 ut
1633 1529 1690 1554 ex
1722 1513 1805 1555 hac

341 1589 668 1631 Constitutione
717 1590 943 1643 colligitur.
1032 1597 1086 1639 10,
1129 1591 1246 1643 Quia
1297 1589 1553 1629 deferuntur
1593 1594 1808 1640 tanquam

338 1664 583 1710 criminosa,
619 1678 716 1716 quae
760 1678 847 1704 non
883 1671 975 1704 tam
1014 1664 1242 1705 voluntate
1277 1677 1411 1716 quam
1444 1677 1546 1704 casu
1590 1662 1806 1711 accidunt,

340 1743 387 1778 ut
441 1743 543 1777 sunt
596 1751 785 1782 errore51
839 1746 896 1784 20,
939 1738 1202 1786 deferuntur,
1248 1751 1347 1790 quae
1398 1736 1566 1790 peccati
1617 1735 1809 1776 dedecus

340 1812 599 1864 adjunctum
651 1811 827 1859 habent,
886 1819 932 1852 ut
984 1819 1084 1853 sunt
1140 1812 1367 1861 defeetus;
1432 1818 1488 1862 30,
1543 1810 1808 1859 deferuntur,

340 1900 440 1939 quze
474 1885 643 1925 nullum
673 1887 854 1926 omnino
887 1892 1118 1940 peecatum
1150 1886 1327 1931 habent,
1351 1885 1429 1926 sed
1462 1899 1513 1925 ea
1545 1885 1688 1925 resciri
1722 1897 1809 1925 non

339 1960 467 2001 facile
510 1961 714 2013 patimur,
759 1967 805 2001 ut
847 1975 1007 2002 arcana
1049 1975 1341 2014 quaecumque
1394 1959 1666 2011 occultaeque
1713 1972 1811 2008 res;

340 2042 400 2086 40,
453 2034 548 2074 haec
610 2035 705 2087 ipsa
758 2049 846 2075 non
909 2036 1042 2075 modo
1096 2035 1275 2075 fortuito
1337 2047 1529 2086 casuque
1590 2037 1810 2081 notantur,

340 2109 417 2149 sed
461 2109 593 2148 etiam
637 2108 788 2148 dedita
830 2123 962 2161 opera
1003 2110 1287 2160 studioseque
1329 2107 1626 2147 observantur.
1708 2105 1810 2145 Hoc

343 2187 410 2223 est
447 2182 580 2234 igitur
611 2181 730 2233 quod
766 2181 1035 2221 Constitutio
1068 2181 1198 2220 dicit:
1232 2181 1335 2221 “Ut
1366 2193 1521 2219 omnes
1558 2191 1733 2227 erroreS‚
1769 2183 1813 2218 et

344 2256 543 2296 defectus
580 2255 727 2307 ipsius,
761 2262 804 2295 et
836 2269 903 2295 res
936 2268 1227 2308 quaecumque
1260 2268 1358 2306 quae
1397 2259 1561 2293 notatae
1604 2253 1647 2292 in
1686 2265 1738 2292 eo
1769 2256 1814 2292 et

344 2328 592 2369 observatae
644 2327 813 2375 suerint,
867 2327 1235 2368 manifestentur.''
1311 2327 1444 2367 Error
1494 2326 1611 2366 enim
1657 2325 1813 2365 vitium

346 2402 494 2455 potius
528 2407 593 2441 est
625 2402 872 2442 intellectus
903 2416 1035 2454 quam
1058 2401 1310 2449 voluntatis,
1334 2405 1382 2440 ut
1411 2413 1510 2439 cum
1540 2398 1638 2451 quis
1669 2398 1814 2437 minus

349 2475 624 2517 considerate
647 2476 873 2528 quidpiam
897 2477 999 2528 agit,
1024 2475 1125 2515 licet
1148 2475 1317 2528 optima
1339 2474 1395 2513 sit
1416 2471 1575 2524 agendi
1597 2470 1813 2520 voluntas,

349 2548 608 2601 nullumque
649 2549 693 2588 in
735 2563 779 2589 re
821 2550 916 2603 ipsa
957 2555 1217 2602 peccatum:
1268 2546 1480 2587 Defectus
1521 2551 1681 2593 autem,
1715 2557 1814 2585 cum

342 2623 436 2676 jam
469 2636 495 2663 a
527 2628 646 2664 recto
667 2623 872 2664 voluntas
905 2624 1062 2669 deficit,
1091 2630 1133 2663 et
1166 2621 1341 2675 culpam
1375 2619 1603 2661 contrahit.
1665 2618 1814 2660 Verba

347 2709 451 2737 vero
473 2710 573 2749 quae
595 2696 836 2737 adduntur:
860 2699 933 2736 “et
951 2710 1016 2736 res
1034 2694 1336 2749 qmecunque”
1359 2707 1502 2747 neque
1525 2694 1567 2733 in
1591 2691 1814 2733 intellectu

343 2769 499 2812 vitium
523 2770 762 2819 continent,
784 2783 926 2822 neque
952 2770 995 2809 in
1018 2768 1247 2809 voluntate
1268 2773 1500 2821 peceatum
1519 2779 1528 2813 ς
1561 2765 1638 2806 sed
1660 2770 1810 2805 tamen

352 2843 570 2905 ejusmodi
607 2850 709 2890 sunt
751 2849 799 2888 ut
839 2843 1029 2884 nolimus
1067 2856 1139 2883 eas
1176 2843 1314 2896 prodi,
1349 2847 1482 2895 atque
1518 2854 1544 2882 a
1582 2838 1816 2893 Superiore

979 2930 992 2952 ²
1016 2932 1111 2965 Prov.
1137 2931 1184 2964 18.
