1903 3197
459 150 539 196 De
571 149 825 195 modcratae
857 164 984 193 curse
1017 147 1180 209 szjgm‘s.
1457 162 1513 205 41
1527 159 1550 206 5

95 298 190 325 esse
226 285 337 323 circa
368 283 542 330 victum,
573 281 779 320 vestitum
813 285 903 328 ete,
937 279 1206 319 admoneant
1235 293 1386 319 omnes
1419 293 1469 319 ea
1501 280 1556 320 de

97 372 141 399 re
174 357 462 410 Superiorem.
526 353 699 394 Deinde
730 366 832 392 vero
865 352 921 392 ad
953 352 1326 404 tranquillandum
1361 354 1556 393 animum

97 444 362 483 aequumque
398 429 682 475 reddendum,
707 439 805 466 curn
843 425 1076 477 postulatis
1113 427 1271 465 nostris
1303 426 1558 479 denegatur,

97 505 290 545 remedia
323 503 527 556 suggerit.
597 501 713 540 Tota
750 506 897 539 autem
934 499 1210 538 subditorum
1247 513 1348 538 cura
1382 514 1433 539 ac
1464 500 1560 540 dili-

97 579 245 631 gentia
297 591 347 617 eo
399 576 564 616 scilicet
611 579 849 620 revocatur,
894 579 941 612 ut
988 573 1269 611 necessitates
1322 586 1420 611 suas
1473 574 1567 612 suis-

99 651 445 692 moderatoribus
472 648 767 701 patefaciant;
801 646 918 698 quod
949 646 1004 685 ad
1028 646 1238 685 tuendam
1261 645 1559 685 valetudinem

98 726 286 778 primum
304 723 446 762 valere
468 721 639 773 praefati
662 734 822 759 sumus.
864 718 995 770 Quod
1020 719 1198 770 quidem
1224 717 1561 758 Constitutionis

99 803 366 851 praeceptum
410 795 616 835 adversus
658 807 731 833 eos
774 793 970 832 maxime
1012 792 1139 839 valet,
1180 792 1253 843 qui
1301 791 1563 830 laudabilius

99 886 192 912 esse
223 875 404 910 censent
435 867 541 907 nihil
574 880 780 919 unquam,
812 879 945 918 quam
979 864 1143 917 aliquid
1177 864 1415 916 aliquando
1445 864 1562 916 quod

99 946 155 985 ad
198 957 351 996 corpus
393 943 591 995 pertinet,
629 939 878 992 postulare;
940 939 1007 978 vel
1050 938 1168 990 quod
1212 938 1253 977 id
1302 938 1565 977 arbitrentur

100 1017 368 1072 perfectioris
386 1029 479 1055 6556
496 1014 677 1063 virtutis,
695 1012 763 1052 vel
787 1026 840 1052 ne
857 1013 1088 1051 videantur
1110 1012 1197 1050 suis
1216 1010 1573 1050 moderatoribus

102 1090 283 1138 onerosi,
305 1089 373 1129 Vel
400 1088 518 1140 quod
551 1087 718 1139 pudore
741 1085 935 1138 quodam
969 1085 1215 1124 subrustico
1238 1090 1281 1124 et
1303 1084 1569 1124 verecundia

103 1165 406 1217 impediantur,
425 1162 569 1213 aliqua
593 1161 707 1200 enim
732 1173 816 1198 una
840 1173 897 1198 ex
920 1158 986 1198 his
1008 1159 1150 1198 causis
1167 1172 1191 1198 a
1209 1158 1297 1197 suis
1320 1158 1572 1197 indicandis.

104 1237 433 1279 necessitatibus
466 1235 751 1274 retardantur.
816 1232 903 1273 Sed
938 1239 1086 1272 tamen
1119 1233 1189 1272 isti
1219 1233 1305 1271 vim
1343 1232 1567 1271 Constitu-

102 1312 232 1352 tionis
268 1324 354 1349 non
389 1309 493 1348 satis
528 1312 689 1347 tenent.
758 1305 896 1345 Aliud
932 1311 997 1345 est
1032 1306 1147 1345 enim
1181 1305 1415 1357 postulare,
1446 1304 1566 1344 aliud

102 1386 291 1425 indicare
312 1382 380 1423 vel
403 1394 625 1434 exponere
648 1381 690 1420 id
714 1380 831 1431 quod
856 1379 910 1418 ad
934 1379 1231 1418 valetudinem
1254 1378 1321 1417 vel
1344 1378 1563 1430 prodesse,

104 1459 172 1499 vel
205 1458 358 1497 obesse
388 1456 596 1501 videatur.
683 1453 953 1493 Constitutio
985 1458 1144 1499 autem,
1182 1452 1263 1490 etsi
1300 1457 1448 1503 petere
1481 1450 1569 1490 tale

105 1531 268 1583 aliquid
312 1544 337 1569 a
379 1528 614 1580 Superiore
656 1526 836 1565 minime
878 1525 951 1564 illa
993 1525 1170 1577 quidem
1203 1529 1334 1572 vetat,
1377 1523 1569 1562 indicare

105 1612 254 1646 tamen
286 1609 329 1643 et
364 1615 586 1655 exponere
629 1600 912 1640 necessitates
950 1598 1087 1650 jubet.
1174 1596 1306 1650 Quod
1349 1596 1568 1636 laudabile

108 1692 200 1719 esse
223 1677 428 1724 diximus,
453 1688 551 1715 cum
575 1675 668 1727 ipsa
697 1673 979 1726 Superiorum
1004 1673 1058 1711 de
1081 1671 1267 1711 subditis
1289 1685 1391 1710 cura
1412 1670 1568 1710 horum

109 1749 482 1793 admonitionibus
519 1747 759 1799 adjuvetur.
837 1747 944 1785 Ideo
982 1759 1068 1785 non
1106 1745 1284 1797 petendi
1314 1750 1390 1784 aut
1419 1750 1569 1796 postu-

109 1826 226 1866 landi
258 1824 401 1864 verbis
434 1822 579 1869 utitur,
607 1821 683 1860 sed
717 1819 996 1868 admonendi,
1031 1818 1266 1866 deferendi,
1303 1818 1566 1870 exponendi.

110 1895 469 1944 “Admoneant,’'
504 1895 655 1947 inquit,
684 1897 703 1912 “
719 1906 872 1933 omnes
906 1891 1220 1944 Superiorem,''
1255 1897 1298 1930 et
1320 1904 1455 1930 mox:
1489 1889 1568 1930 “Si

111 1972 323 2013 senserint
345 1984 435 2010 rem
457 1968 738 2009 deferendam
761 1967 816 2006 ad
842 1966 1119 2018 Superiorem
1139 1964 1183 2013 ;''
1217 1970 1280 2005 et:
1315 1968 1337 1984 “
1353 1965 1406 2003 Ei
1429 1970 1569 2004 totam

111 2060 258 2087 curam
297 2045 355 2084 rei
388 2044 604 2096 expositae
646 2039 929 2092 relinquant.'’
993 2039 1209 2091 Quamvis
1251 2038 1382 2089 igitur
1422 2044 1572 2090 petere

111 2119 276 2172 aliquid
309 2117 599 2158 necessarium
621 2116 722 2154 vitae
756 2114 916 2162 usibus,
942 2112 1059 2152 haud
1093 2112 1153 2151 ita
1184 2112 1426 2164 perfectum
1453 2111 1573 2150 vide-

112 2200 228 2235 retur
257 2206 350 2233 esse
370 2192 552 2239 virtutis,
576 2189 694 2242 quod
727 2189 870 2241 ipsum
903 2193 1162 2239 perpetuum
1190 2199 1284 2225 esse
1316 2199 1403 2225 non
1435 2185 1573 2225 credi-

115 2282 222 2316 mus,
276 2266 466 2306 indicare
517 2270 666 2304 tamen
720 2268 762 2302 et
815 2274 1037 2314 exponere
1085 2259 1307 2312 Superiori
1351 2258 1418 2311 (iis
1464 2272 1573 2311 quas

116 2340 383 2383 Constitutio
411 2338 628 2391 significat
654 2333 991 2386 conditionibus)
1015 2347 1141 2385 aeque
1162 2333 1416 2385 perfectum,
1440 2338 1574 2384 atque

114 2414 229 2455 haud
273 2415 362 2453 scio
399 2426 454 2452 an
497 2411 628 2451 etiam
671 2409 903 2462 perfectius
945 2407 1291 2447 existimandum
1333 2413 1399 2446 est
1441 2419 1574 2458 quam

118 2488 295 2528 omnino
347 2486 518 2526 silentio
571 2482 872 2532 dissimulare;
926 2482 1038 2533 quia,
1081 2487 1129 2520 ut
1178 2479 1311 2533 paulo
1363 2485 1465 2519 ante
1517 2493 1574 2518 ex

119 2560 444 2602 Constitutione
475 2559 740 2605 dicebamus,
765 2555 993 2596 moderata
1024 2568 1125 2594 eura
1153 2554 1329 2594 tuendae
1361 2553 1417 2593 ad
1452 2553 1575 2593 Divi-

121 2647 224 2674 num
257 2633 515 2684 obsequium
541 2630 801 2670 valetudinis
834 2629 963 2669 laude
994 2629 1129 2680 digna
1160 2633 1234 2667 est.

210 2707 495 2747 Conditiones
527 2710 685 2753 autem,
709 2703 866 2755 quibus
898 2707 1046 2742 nostra
1078 2707 1144 2741 est
1166 2699 1400 2740 indicanda
1433 2711 1578 2738 neces-

122 2781 238 2829 sitas,
262 2792 448 2832 quaeque
477 2778 600 2830 signa
627 2776 829 2829 quaedam
861 2775 986 2815 nobis
1018 2789 1112 2815 esse
1140 2774 1308 2827 possint
1340 2771 1578 2811 moderatae

123 2868 254 2907 quam
288 2852 521 2906 quaerimus
553 2865 678 2900 curae,
697 2856 784 2891 tres
811 2850 991 2890 omnino
1013 2854 1260 2899 tanguntur.
1327 2845 1470 2889 Prima
1502 2849 1579 2894 est,
