1903 3197
690 188 770 233 De
805 187 994 235 castita
999 193 1052 235 te.
1514 202 1538 246 3
1548 203 1571 232 2
1581 202 1606 246 3

145 334 337 362 manum.
381 321 445 362 Ut
465 320 683 372 sapienter
702 318 903 359 videatur
923 325 1100 359 cautum
1123 319 1313 360 voluisse
1335 319 1409 360 lex
1432 325 1608 360 nostra:

146 408 201 435 ne
222 395 317 447 quis
340 393 524 434 alterum
545 392 613 433 vel
634 392 736 444 joco
757 398 922 444 tangat.
988 392 1161 433 Omitto
1184 393 1326 433 dicere
1349 393 1404 433 de
1431 393 1608 446 reliquis

145 467 357 516 sensibus,
408 480 463 506 ne
512 466 692 518 longum
744 465 912 514 faciam,
960 465 1033 517 qui
1087 466 1316 505 materiam
1368 466 1605 518 plurimum

145 541 291 581 noxiis
322 539 548 580 ardoribus
581 539 941 588 subministrant;
973 543 1022 578 ut
1054 538 1170 578 enim
1207 539 1325 590 apud
1360 538 1606 579 Climacum

144 616 268 656 aiunt
289 614 480 667 quidam,
505 627 561 652 ex
583 612 891 652 venustissimo
924 617 1116 664 aspectu,
1140 611 1208 651 vel
1231 617 1351 651 tactu
1383 625 1605 662 manuum,

143 689 213 729 vel
263 686 494 728 olfaciendi
545 686 770 733 suavitate,
822 684 890 725 vel
943 685 1213 725 suavissimae
1264 685 1383 725 vocis
1441 685 1607 735 auditu,

144 760 482 815 cogitationibus
514 759 719 811 nequitiae
752 758 897 798 aditus
928 758 985 798 ad
1014 772 1088 798 cor
1119 763 1252 811 patet.
1317 758 1451 810 Quod
1483 759 1517 798 si
1551 759 1606 799 ad

143 834 442 875 infirmitatem
508 833 659 881 carnis,
725 832 1135 884 proclivitatemque
1196 837 1364 872 naturae
1425 832 1608 872 accedat

141 908 392 962 proclivitas
433 919 650 954 sensuum,
690 911 855 958 quanta
896 905 1087 958 denique
1121 904 1266 945 futura
1308 910 1410 945 sunt
1451 905 1607 958 proelia

144 982 357 1023 castitatis
377 981 384 1020 !

229 1054 390 1094 Tertio.
465 1052 554 1093 Sed
586 1053 777 1092 cernitur
808 1053 942 1092 etiam
979 1051 1074 1092 haec
1106 1052 1297 1092 hominis
1330 1052 1609 1093 imbecillitas

144 1129 188 1169 in
221 1127 473 1167 infirmitate
508 1126 677 1174 mentis,
712 1140 810 1178 quae
854 1126 1076 1178 impotens
1113 1131 1179 1165 est
1217 1132 1260 1165 et
1297 1125 1516 1166 imbecilla
1551 1126 1608 1167 ad

144 1201 434 1243 resistendum
475 1199 873 1239 vehementissimae
910 1198 1154 1251 voluptati;
1197 1205 1292 1238 tum
1337 1200 1440 1251 quia
1481 1199 1608 1251 pulsu

143 1276 505 1330 phantasmatum
539 1287 589 1313 ac
622 1272 966 1321 simulacrorum,
997 1286 1095 1324 quae
1126 1273 1326 1312 sensibus
1356 1272 1610 1325 figurantur,

145 1349 350 1389 facillime
400 1361 524 1387 mens
575 1347 670 1399 ipsa
726 1347 955 1395 excitatur,
998 1352 1046 1386 ut
1097 1359 1197 1385 cum
1249 1345 1478 1398 voluptate
1529 1346 1612 1386 sibi

143 1423 346 1463 umbram
368 1420 559 1461 libidinis
580 1426 870 1473 representat;
894 1426 988 1459 tum
1012 1419 1115 1471 quia
1136 1419 1328 1458 lubricus
1348 1426 1391 1459 et
1413 1433 1611 1472 praeceps

145 1503 211 1536 est
251 1495 344 1548 ejus
381 1507 594 1543 assensus,
633 1499 680 1533 ut
717 1493 908 1533 cohiberi
949 1493 1026 1532 vix
1068 1493 1220 1545 possit,
1258 1492 1387 1532 simul
1430 1506 1480 1532 ac
1516 1494 1611 1533 viso

143 1570 290 1622 aliquo
336 1569 532 1620 jucundo
584 1581 634 1607 ac
685 1567 933 1619 voluptario
990 1572 1332 1613 commoveatur,
1381 1572 1610 1607 momento

144 1644 259 1685 enim
288 1643 492 1683 voluntas
523 1641 712 1681 flectitur
741 1647 784 1681 et
815 1654 914 1680 cum
937 1640 1165 1692 voluptate
1194 1640 1427 1692 conspirat,
1452 1641 1496 1679 in
1523 1654 1611 1692 qua

143 1717 355 1771 peccandi
396 1721 491 1756 tota
526 1716 591 1755 vis
633 1720 708 1754 est.
788 1714 858 1754 Ita
895 1714 1102 1754 minimus
1144 1713 1239 1766 ejus
1281 1728 1495 1763 assensus,
1534 1714 1609 1766 qui

142 1791 288 1832 subito
321 1790 381 1840 fit,
418 1789 523 1829 satis
557 1795 622 1829 est
656 1789 711 1828 ad
746 1787 1055 1828 maculandam
1093 1788 1299 1828 animam.
1374 1787 1528 1839 Atque
1565 1788 1608 1827 in

142 1865 257 1904 hanc
290 1863 552 1903 sententiam
590 1862 650 1901 sic
691 1861 999 1914 Augustinus:
1045 1861 1197 1900 “Haec
1234 1860 1420 1910 autem,'’
1456 1861 1609 1913 inquit,

145 1937 339 1978 “scilicet
360 1935 507 1984 libido,
532 1949 620 1975 non
643 1934 785 1975 solum
807 1940 951 1974 totum
975 1948 1141 1986 corpus,
1165 1948 1245 1973 nec
1275 1933 1417 1974 solum
1441 1935 1609 1974 extrin-

144 2024 278 2059 secus,
296 2023 447 2050 verum
465 2009 598 2049 etiam
617 2008 874 2048 intrinsecus
888 2008 1092 2057 vindicat,
1108 2013 1340 2060 totumque
1358 2013 1609 2048 commovet

141 2084 377 2132 hominem,
411 2083 545 2123 animi
579 2082 709 2122 simul
751 2081 909 2122 affectu
949 2095 1047 2121 cum
1085 2082 1226 2121 carnis
1268 2082 1469 2133 appetitu
1507 2094 1609 2121 con-

137 2157 292 2211 juncto
340 2163 473 2209 atque
523 2156 758 2209 permixto,
802 2161 850 2194 ut
901 2168 952 2194 ea
1002 2154 1206 2207 voluptas
1259 2160 1478 2207 sequatur,
1523 2168 1611 2207 qua

142 2231 284 2284 major
314 2231 356 2270 in
388 2230 580 2283 corporis
601 2228 902 2281 voluptatibus
935 2227 1053 2268 nulla
1086 2234 1178 2277 est;
1212 2228 1273 2268 ita
1300 2234 1348 2267 ut
1380 2233 1608 2268 momento

141 2305 237 2358 ipso
279 2303 501 2357 temporis,
539 2316 627 2355 quo
664 2302 720 2342 ad
758 2302 851 2354 ejus
888 2302 1138 2354 pervenitur
1179 2307 1442 2351 extremum,
1481 2315 1609 2354 paene

140 2378 283 2419 omnis
314 2378 428 2418 acies
450 2383 493 2417 et
515 2377 639 2429 quasi
661 2376 811 2429 vigilia
832 2377 1113 2428 cogitationis
1136 2374 1405 2416 obruatur.’'1
1469 2376 1606 2429 Cujus

141 2452 273 2492 etiam
335 2451 643 2504 impotentiam
704 2450 910 2490 humanae
972 2450 1131 2489 mentis
1194 2450 1250 2489 ad
1314 2450 1606 2490 resistendum

140 2525 334 2565 recolens
357 2525 402 2564 B.
415 2524 670 2578 Gregorius:
704 2522 842 2576 “Quis
865 2522 962 2572 ita,''
987 2523 1138 2575 inquit,
1164 2526 1185 2543 “
1201 2523 1419 2563 refrenare
1441 2524 1608 2576 cogita-

140 2598 306 2638 tionem
343 2598 498 2650 potuit,
532 2604 580 2638 ut
613 2598 669 2638 ad
702 2611 800 2637 eam
834 2597 1213 2637 immunditiarum
1247 2597 1491 2637 obscuritas
1527 2610 1606 2649 per

140 2671 454 2723 cogitationem
507 2670 626 2711 nulla
676 2669 998 2724 perveniret?''2
1074 2670 1140 2711 Ut
1185 2676 1334 2710 autern
1373 2669 1429 2709 ad
1480 2669 1605 2709 resis-

139 2744 335 2792 tendum,
378 2744 438 2783 sic
478 2745 534 2784 ad
586 2744 912 2797 resurgendum,
957 2757 1056 2783 cum
1098 2743 1199 2784 huic
1240 2742 1457 2795 voluptati
1509 2754 1605 2781 suc-

140 2818 317 2868 cumbit,
349 2817 643 2858 infirmissima
681 2831 803 2858 mens
841 2819 935 2871 ipsa
971 2823 1048 2867 est,
1081 2818 1170 2857 imo
1204 2816 1344 2856 multo
1381 2815 1601 2855 infirmior.

267 2905 280 2925 1
304 2907 358 2938 De
382 2907 479 2939 Civit.
500 2907 566 2938 Dei
589 2906 609 2939 l.
634 2915 682 2948 14.
703 2917 730 2938 c.
756 2907 804 2938 16.
1038 2905 1051 2924 2
1077 2906 1118 2937 In
1145 2914 1157 2936 1
1185 2906 1268 2945 Reg.
1296 2904 1317 2936 l.
1338 2904 1367 2936 6.
1390 2915 1416 2936 c.
1441 2912 1467 2936 1.

311 2967 342 2997 V
377 2969 401 2998 2
