1903 3197
277 193 376 250 484
607 191 688 237 De
719 190 909 237 ratione
942 190 1134 236 vivendi
1167 189 1428 235 Socz'elatz's.

279 323 521 364 sationibus
563 337 680 376 saepe
722 322 906 373 laeditur,
938 322 1027 363 sive
1064 327 1166 362 ante
1202 321 1459 362 canonicam
1495 320 1744 362 refectionis

275 397 430 438 horam
463 397 733 447 adhibeatur,
763 398 852 438 sive
884 397 1016 437 etiam
1050 395 1287 436 refectione
1319 400 1550 434 transacta.
1625 394 1742 436 Nam

278 485 337 511 ex
378 471 630 523 anticipatis
671 471 792 521 escis,
826 471 1083 523 insequente
1125 482 1232 509 mox
1274 467 1460 520 prandio
1493 466 1562 507 vel
1604 481 1743 518 coena,

277 557 396 596 saepe
437 544 629 585 cruditas
670 545 815 595 oritur,
850 557 950 585 cum
993 558 1065 584 eas
1107 541 1361 582 stomachus
1404 540 1602 580 nondum
1641 553 1745 580 con-

279 618 478 658 coxerit:
511 632 568 657 ex
605 618 975 671 subsequentibus
1005 631 1108 657 vero
1140 614 1454 669 pomeridianis
1486 614 1619 653 etiam
1652 619 1746 654 tum

281 691 519 744 impeditur
551 692 667 732 bona
701 692 937 741 concoctio,
972 704 1135 743 magno
1174 691 1279 730 item
1317 687 1601 728 incommodo
1635 686 1751 728 vale-

279 764 453 805 tudinis
519 764 583 805 Ut
613 779 716 818 ergo
745 765 938 817 corporis
966 763 1095 804 saluti
1126 762 1337 811 consulat,
1365 761 1571 814 prohibet
1600 760 1752 812 regula

280 837 517 891 quicquam
554 851 727 878 sumere
763 844 892 878 extra
924 844 1126 889 tempora
1162 841 1385 884 consueta,
1419 835 1509 874 sive
1547 834 1590 874 id
1628 834 1750 875 domi

282 911 359 952 fiat
391 911 481 951 sive
513 917 642 951 extra
674 911 872 951 domum.

373 984 547 1026 Deinde
583 997 684 1024 vero
719 984 837 1024 idem
871 982 1075 1036 prohibet
1116 983 1284 1022 ratione
1321 981 1535 1021 decentiae
1577 995 1628 1022 ac
1669 981 1756 1022 dis-

283 1057 481 1111 ciplinae:
515 1058 647 1111 idque
670 1057 916 1111 duplicitur.
980 1057 1188 1105 Primum,
1211 1055 1314 1108 quia
1337 1054 1618 1107 perturbatur
1648 1054 1757 1094 ordo

283 1131 522 1183 religiosus,
557 1131 631 1184 qui
665 1131 845 1184 quidem
883 1131 1034 1183 exigit,
1068 1135 1116 1169 ut
1148 1136 1192 1169 et
1224 1142 1324 1169 cum
1362 1128 1533 1168 caeteris
1567 1133 1610 1167 et
1644 1133 1760 1169 stata

283 1205 392 1246 hora
433 1205 555 1245 cibus
597 1211 804 1246 sumatur.
889 1205 1007 1245 Nam
1046 1203 1326 1257 Augustinus
1368 1203 1411 1242 in
1456 1202 1544 1242 suis
1587 1201 1759 1254 regulis,

288 1277 506 1329 “Nemo‚’'
537 1279 690 1331 inquit,
713 1281 877 1319 “extra
909 1278 1225 1319 monasterium
1257 1277 1352 1317 sine
1383 1281 1605 1328 praecepto
1638 1288 1762 1316 man-

287 1352 420 1393 ducet
471 1365 551 1392 nec
601 1352 751 1393 bibat:
813 1365 901 1393 non
954 1352 1070 1392 enim
1124 1351 1180 1392 ad
1237 1349 1513 1403 disciplinam
1575 1349 1764 1401 pertinet

288 1425 579 1467 monasterii.’'
643 1426 703 1466 Et
731 1431 834 1466 ante
866 1426 1009 1479 ipsum
1040 1425 1156 1466 cavit
1188 1425 1305 1465 idem
1341 1421 1566 1463 Pachomii
1599 1422 1761 1475 regula,

288 1513 422 1553 quam
456 1501 493 1539 ei
527 1498 710 1552 angelus
741 1499 974 1540 tradidisse
1007 1499 1173 1539 dicitur.
1257 1497 1344 1537 Hic
1375 1496 1536 1537 habet:
1570 1494 1764 1536 “Nullas

291 1587 397 1614 uvas
432 1572 575 1613 adhuc
613 1574 871 1614 immaturas
905 1572 1137 1613 comedere
1173 1572 1336 1611 audeat
1367 1576 1527 1624 praeter
1563 1569 1762 1610 ordinem

292 1646 562 1699 disciplinae;
596 1651 639 1686 et
661 1646 843 1687 omnino
876 1647 931 1687 de
964 1646 1181 1694 omnibus,
1205 1658 1304 1697 quae
1337 1644 1380 1683 in
1414 1657 1520 1695 agro
1550 1649 1663 1692 sunt,
1690 1650 1768 1684 aut

294 1721 337 1759 in
379 1720 591 1772 pomario,
626 1732 756 1759 nemo
793 1719 998 1760 comedet
1034 1718 1286 1771 separatim,
1321 1722 1559 1768 antequam
1598 1716 1767 1757 cunctis

292 1793 496 1833 fratribus
514 1797 638 1845 pater
654 1790 921 1833 exhibeat.”l
956 1792 1082 1832 Idem
1101 1791 1189 1832 fere
1207 1788 1440 1844 praeeepit2
1458 1789 1531 1829 ubi
1546 1788 1766 1841 jubentur,

293 1866 367 1918 qui
395 1879 525 1918 super
550 1865 727 1905 arbores
752 1866 975 1918 pomarios
1005 1870 1118 1914 sunt,
1142 1864 1212 1905 vel
1240 1876 1371 1917 super
1396 1863 1556 1913 vineas,
1580 1861 1687 1902 nihil
1713 1862 1769 1902 de

293 1952 444 1979 earum
468 1938 680 1978 fructibus
701 1943 804 1978 ante
827 1938 935 1980 alios
957 1939 1183 1991 attingere.

383 2011 561 2065 Quippe
583 2012 640 2052 ad
673 2012 873 2052 ordinem
905 2012 1119 2065 religiosae
1143 2010 1387 2064 disciplinae
1421 2010 1623 2063 pertinet,
1648 2014 1697 2049 ut
1728 2013 1773 2050 et

298 2086 426 2127 statis
462 2085 581 2126 horis
617 2099 664 2126 se
701 2086 887 2139 quisque
924 2084 1100 2135 reficiat,
1139 2091 1183 2126 et
1220 2098 1307 2124 una
1345 2097 1445 2123 cum
1481 2083 1686 2123 omnibus
1728 2082 1773 2122 in

297 2173 543 2209 commune,
582 2165 631 2199 ut
667 2165 798 2200 antea
835 2159 940 2199 dixi.
1005 2158 1152 2211 Quam
1189 2156 1467 2210 disciplinam
1503 2156 1596 2196 vult
1633 2156 1767 2196 etiam

298 2235 342 2273 in
365 2234 460 2286 ipso
483 2233 636 2272 itinere
659 2232 867 2273 custodiri
895 2233 942 2274 B.
967 2232 1104 2273 Isaias
1124 2230 1155 2271 :3
1179 2231 1263 2272 “Si
1286 2229 1365 2279 te,”
1389 2230 1544 2282 inquit,
1569 2230 1772 2271 “amicus

300 2313 349 2347 ut
384 2306 593 2346 comedas
625 2306 801 2358 cogerit,
833 2318 938 2346 cave
970 2318 1024 2346 ne
1056 2305 1162 2358 quid
1196 2305 1239 2344 in
1266 2318 1315 2344 os
1346 2309 1471 2344 tuum
1505 2303 1775 2355 ingrediatur

300 2380 420 2434 prius
455 2393 589 2432 quam
628 2379 816 2419 advoces
850 2379 1028 2419 fratrem
1065 2384 1202 2427 tuum,
1241 2383 1290 2418 ut
1326 2377 1456 2418 simul
1493 2377 1691 2429 quiescat
1731 2381 1776 2417 et

303 2452 555 2494 recreetur.”

394 2527 446 2567 In
489 2526 653 2567 sanctis
694 2539 871 2579 quoque
912 2525 1136 2579 scripturis
1182 2523 1312 2577 hujus
1354 2525 1483 2565 bonae
1534 2523 1776 2577 disciplinae

306 2600 539 2653 exemplar
561 2600 787 2653 quoddam
810 2600 912 2641 licet
935 2599 1146 2652 inspicere
1165 2613 1172 2639 :
1196 2613 1299 2640 nam
1323 2599 1378 2640 de
1397 2598 1572 2639 Christo
1595 2598 1777 2651 ejusque

306 2673 532 2728 discipulis
555 2674 742 2727 legimus
770 2673 890 2727 apud
922 2673 1089 2714 Lucam
1109 2687 1116 2713 :
1141 2673 1239 2713 “Et
1259 2687 1359 2714 cum
1383 2673 1499 2713 facta
1521 2678 1635 2713 esset
1655 2671 1774 2722 hora,

306 2748 538 2797 discubuit,
563 2753 607 2788 et
634 2747 868 2789 duodecim
897 2746 1107 2801 Apostoli
1141 2761 1240 2788 cum
1272 2746 1383 2788 eo.”4
1445 2747 1535 2787 Ubi
1567 2745 1703 2787 habes
1734 2749 1779 2786 et

309 2821 464 2862 horam
503 2827 678 2873 statam,
710 2827 754 2863 et
785 2834 1065 2863 communem
1103 2821 1302 2861 omnium
1340 2820 1634 2862 refectionem.
1716 2818 1777 2860 Et

476 2909 488 2930 ²
513 2911 596 2953 Reg.
621 2920 674 2952 40.
811 2909 825 2930 ²
849 2911 930 2953 Reg.
950 2919 1002 2952 42.
1139 2909 1153 2930 ³
1176 2910 1233 2944 Or.
1253 2919 1284 2951 4.
1420 2908 1434 2928 ⁴
1457 2910 1535 2941 Luc.
1557 2916 1609 2941 22.
