1903 3197
275 145 370 202 556
598 141 678 187 De
711 141 903 188 ratione
936 140 1132 188 vivendi
1164 141 1426 189 Socz'etatz's.

271 272 427 314 deferri
455 272 719 325 obsequium
752 273 921 314 debeat.
987 273 1046 314 Et
1078 273 1178 314 ideo
1209 278 1386 327 oportet
1418 286 1504 324 eos,
1527 274 1601 327 qui
1633 288 1743 328 prae-

271 352 385 396 sunt,
409 359 560 386 curam
591 360 754 399 gerere,
778 351 827 387 ut
859 360 914 387 ne
945 347 985 396 ii,
1009 347 1168 400 quibus
1201 347 1486 398 ministratur,
1513 347 1625 389 tales
1656 349 1743 390 sint

272 421 346 473 qui
377 420 495 461 carni
525 419 786 473 indulgeant
818 426 863 461 et
890 422 1043 472 ventri,
1067 421 1144 462 sed
1173 421 1321 474 potius
1354 421 1398 460 in
1430 434 1626 462 amorem
1658 423 1743 464 Dei

271 501 316 536 et
349 494 512 536 Christi
550 493 644 547 ejus
680 493 930 548 probabiles
967 495 1257 545 inveniantur,
1289 500 1334 535 et
1370 508 1448 548 per
1482 496 1742 548 patientiam

271 582 398 609 suam
436 582 487 609 ac
523 569 626 609 vitae
669 569 875 610 meritum
918 569 1099 610 fratrum
1143 575 1394 610 mereantur
1434 569 1658 623 obsequia,
1697 577 1744 611 ut

270 642 519 684 habeantur
550 643 607 683 ad
639 642 825 696 gloriam
854 642 1016 684 Christi
1050 650 1093 684 et
1124 643 1414 696 opprobrium
1442 643 1599 694 zabuli,
1632 644 1745 685 sicut

272 716 354 757 fuit
376 722 420 757 et
447 715 490 757 S.
509 715 655 768 Job.”l
718 717 920 757 Eandem
954 717 1135 769 requirit
1167 717 1210 756 in
1242 717 1372 770 aegris
1404 716 1742 758 aedificationem

272 789 318 830 B.
340 789 619 838 Benedictus,
643 802 743 829 cum
781 789 843 830 ita
879 789 1056 830 scribit:
1089 790 1217 831 “Sed
1255 796 1300 831 et
1336 790 1418 844 ipsi
1451 790 1610 831 infirmi
1642 804 1742 831 con-

271 863 463 904 siderent
498 863 541 903 in
575 863 790 903 honorem
818 863 904 903 Dei
938 863 1020 903 sibi
1058 864 1218 912 serviri,
1243 870 1286 905 et
1320 877 1409 904 non
1443 864 1745 918 superfluitate

269 951 348 978 sua
370 937 632 977 contristent
655 937 809 977 fratres
832 950 935 977 suos
957 937 1197 978 servientes
1219 936 1362 979 sibi.”2

356 1011 508 1051 Tertio
541 1010 737 1051 conditio
769 1016 846 1060 est,
871 1017 919 1051 ut
950 1010 1045 1051 haec
1077 1010 1314 1052 aedificatio
1337 1017 1462 1053 tanta
1484 1013 1550 1062 sit,
1574 1018 1622 1053 ut
1644 1026 1743 1054 eam

271 1099 388 1138 aeger
410 1084 576 1126 ferendi
599 1084 742 1125 morbi
769 1084 997 1126 alacritate
1019 1091 1214 1127 testetur.
1268 1086 1418 1127 Tanto
1440 1086 1557 1126 enim
1579 1086 1744 1140 gaudio

268 1160 359 1199 vim
394 1159 536 1200 morbi
571 1159 732 1213 suscipi
769 1159 1120 1200 Constitutiones
1156 1159 1321 1210 volunt,
1356 1173 1407 1201 ac
1443 1160 1479 1201 si
1516 1161 1572 1201 de
1609 1174 1742 1201 manu

270 1233 454 1274 Domini
497 1233 666 1274 donum
709 1233 889 1287 aliquod
932 1234 1233 1287 susciperetur.
1313 1233 1446 1287 Quod
1489 1235 1596 1275 item
1629 1235 1745 1276 viros

269 1314 446 1348 sanctos
470 1308 623 1348 fecisse
646 1307 846 1360 legimus,
869 1314 918 1348 ut
941 1308 987 1348 B.
1005 1308 1309 1362 Myrogenem‚
1333 1321 1433 1350 cum
1465 1322 1582 1362 aqua
1613 1308 1744 1350 inter—

268 1387 370 1422 cute
404 1382 636 1433 laboraret,
663 1383 737 1435 qui
782 1382 985 1423 Patribus
1027 1383 1304 1424 anachoretis
1336 1396 1383 1424 se
1414 1383 1741 1424 convisentibus

270 1456 531 1496 dictitabat:
580 1455 756 1497 “Orate
807 1470 886 1509 pro
939 1470 1021 1505 me,
1065 1456 1230 1506 fratres,
1274 1470 1330 1498 ne
1380 1457 1559 1498 interior
1608 1457 1744 1498 homo

269 1528 540 1582 hydropicus
581 1529 685 1570 fiat:
723 1542 806 1582 ego
848 1530 964 1569 enim
1003 1536 1051 1570 ut
1087 1530 1130 1570 in
1168 1529 1250 1570 hac
1287 1529 1541 1571 infirmitate
1578 1530 1743 1572 diutius

271 1603 436 1652 durem,
463 1603 609 1643 Deum
642 1602 754 1644 oro.''

360 1676 420 1717 Et
463 1676 505 1718 S.
528 1676 778 1717 Barnabam
813 1676 1158 1727 Anachoretam‚
1193 1677 1268 1730 qui
1311 1677 1524 1718 festucam
1568 1678 1743 1719 arundi-

271 1763 400 1790 neam
438 1751 541 1803 pedi
580 1749 765 1790 infixam
802 1763 890 1790 non
926 1751 1059 1791 modo
1094 1751 1175 1791 sibi
1210 1751 1393 1800 detrahi,
1416 1752 1494 1792 sed
1523 1765 1578 1792 ne
1605 1752 1742 1792 videri

270 1825 450 1877 quidem
487 1838 513 1865 a
552 1824 734 1865 medicis
776 1825 1013 1866 curationis
1054 1826 1197 1878 gratia
1238 1839 1395 1879 passus
1436 1831 1514 1875 est,
1550 1832 1598 1866 ut
1639 1826 1741 1867 alibi

270 1898 494 1951 diximus;
531 1912 721 1952 cumque
757 1913 835 1952 pes
874 1899 917 1939 in
956 1899 1050 1940 dies
1085 1906 1366 1953 putresceret,
1406 1899 1513 1940 illud
1547 1899 1742 1941 habebat

267 1986 446 2027 semper
484 1973 527 2012 in
567 1986 667 2014 ore:
705 1972 844 2026 “Quo
882 1973 1023 2026 magis
1054 1973 1189 2014 homo
1226 1980 1414 2015 vexatur
1450 1975 1654 2025 exterior,
1692 1987 1743 2015 eo

269 2047 412 2100 magis
443 2047 564 2100 viget
596 2045 807 2088 interior.”

359 2121 546 2162 Servulo
577 2122 723 2171 etiam,
748 2121 804 2162 de
826 2135 914 2175 quo
937 2136 1070 2176 supra
1091 2123 1299 2172 diximus,
1324 2123 1472 2163 scribit
1495 2122 1742 2175 Gregorius,

271 2209 447 2250 semper
475 2210 589 2237 curae
620 2196 764 2246 fuisse,
788 2203 836 2237 ut
870 2197 913 2236 in
948 2197 1090 2237 morbi
1124 2197 1349 2238 doloribus
1381 2197 1546 2250 gratias
1581 2203 1742 2250 ageret.

270 2270 403 2323 Quod
434 2270 685 2311 faciendum
717 2271 851 2311 etiam
886 2271 1087 2323 praecipit
1109 2270 1389 2323 Augustinus
1411 2271 1455 2310 in
1479 2270 1635 2311 Psalm.
1662 2281 1710 2321 31
1735 2285 1743 2310 ε

266 2344 426 2384 “Bene
463 2344 542 2385 tibi
580 2350 646 2384 est
685 2344 728 2384 in
766 2343 939 2393 saeculo,
977 2344 1263 2384 benedicatur
1299 2344 1433 2394 Deus,
1471 2344 1545 2396 qui
1587 2358 1742 2385 conso-

269 2418 412 2469 latur;
435 2418 639 2471 affligeris
663 2419 706 2458 in
730 2418 904 2467 saeculo,
922 2418 1208 2458 benedicatur
1224 2418 1359 2468 Deus,
1377 2418 1451 2472 qui
1469 2419 1677 2459 emendat
1699 2425 1743 2459 et

267 2491 462 2546 probat.’'

357 2566 417 2607 Et
449 2566 493 2606 in
525 2566 637 2606 coelo
660 2566 770 2606 vidit
801 2565 982 2618 quidam
1005 2572 1183 2607 sanctus
1207 2567 1345 2617 Pater,
1370 2573 1418 2607 ut
1438 2566 1538 2607 vitis
1561 2566 1741 2607 Patrum

268 2639 439 2692 legitur,
463 2646 653 2692 quatuor
684 2639 915 2680 hominum
944 2648 1107 2693 genera
1138 2640 1364 2681 ordinibus
1396 2640 1605 2680 distincta
1636 2652 1742 2692 qua-

269 2713 415 2762 ternis,
440 2727 626 2766 quorum
659 2713 826 2767 primus
858 2726 1009 2754 eorum
1042 2720 1146 2764 erat,
1170 2713 1245 2767 qui
1277 2714 1321 2754 in
1353 2714 1458 2768 ipsis
1490 2713 1741 2753 morborum

268 2787 534 2829 cruciatibus
567 2788 667 2828 Deo
697 2787 862 2841 gratias
894 2793 1076 2841 agerent
1107 2793 1320 2841 tanquam
1357 2801 1436 2841 pro
1467 2785 1629 2828 collato
1660 2786 1742 2827 sibi

743 2876 755 2896 ¹
780 2878 818 2909 C.
839 2884 891 2918 30.
1028 2876 1042 2895 ²
1067 2878 1149 2918 Reg.
1171 2888 1197 2910 c.
1217 2877 1268 2918 36.
