<?xml version="1.0" encoding="UTF-8"?>
<!DOCTYPE html PUBLIC "-//W3C//DTD XHTML 1.0 Transitional//EN"
    "http://www.w3.org/TR/xhtml1/DTD/xhtml1-transitional.dtd">
<html xmlns="http://www.w3.org/1999/xhtml" xml:lang="en" lang="en">
 <head>
  <title>
</title>
<meta http-equiv="Content-Type" content="text/html;charset=utf-8" />
  <meta name='ocr-system' content='tesseract 3.04.00' />
  <meta name='ocr-capabilities' content='ocr_page ocr_carea ocr_par ocr_line ocrx_word'/>
</head>
<body>
  <div class='ocr_page' id='page_1' title='image "./nicolaiorlandini00orla_0253.png"; bbox 0 0 1903 3197; ppageno 0'>
   <div class='ocr_carea' id='block_1_1' title="bbox 552 144 1551 202">
    <p class='ocr_par' dir='ltr' id='par_1_1' title="bbox 552 144 1551 202">
     <span class='ocr_line' id='line_1_1' title="bbox 552 144 1551 202; baseline -0.002 -12"><span class='ocrx_word' id='word_1_1' title='bbox 552 144 631 190; x_wconf 77' lang='lat' dir='ltr'>De</span> <span class='ocrx_word' id='word_1_2' title='bbox 663 149 791 190; x_wconf 67' lang='lat' dir='ltr'>recta</span> <span class='ocrx_word' id='word_1_3' title='bbox 825 144 1094 190; x_wconf 71' lang='lat' dir='ltr'>intentione.</span> <span class='ocrx_word' id='word_1_4' title='bbox 1458 158 1480 188; x_wconf 87' lang='lat'>2</span> <span class='ocrx_word' id='word_1_5' title='bbox 1489 158 1514 202; x_wconf 84' lang='lat'><em>3</em></span> <span class='ocrx_word' id='word_1_6' title='bbox 1525 157 1551 202; x_wconf 85' lang='lat'>3</span> 
     </span>
    </p>
   </div>
   <div class='ocr_carea' id='block_1_2' title="bbox 91 274 1565 1789">
    <p class='ocr_par' dir='ltr' id='par_1_2' title="bbox 91 274 1565 1789">
     <span class='ocr_line' id='line_1_2' title="bbox 99 274 1555 332; baseline -0.003 -13"><span class='ocrx_word' id='word_1_7' title='bbox 99 279 291 332; x_wconf 81' lang='lat' dir='ltr'>episcopi</span> <span class='ocrx_word' id='word_1_8' title='bbox 324 290 467 330; x_wconf 88' lang='lat' dir='ltr'>opera,</span> <span class='ocrx_word' id='word_1_9' title='bbox 496 275 659 315; x_wconf 90' lang='lat' dir='ltr'>indicat</span> <span class='ocrx_word' id='word_1_10' title='bbox 692 275 836 314; x_wconf 90' lang='lat' dir='ltr'>inania</span> <span class='ocrx_word' id='word_1_11' title='bbox 870 274 1002 314; x_wconf 88' lang='lat' dir='ltr'>fuisse</span> <span class='ocrx_word' id='word_1_12' title='bbox 1036 288 1182 315; x_wconf 89' lang='lat' dir='ltr'>coram</span> <span class='ocrx_word' id='word_1_13' title='bbox 1218 275 1315 314; x_wconf 92' lang='lat' dir='ltr'>Deo</span> <span class='ocrx_word' id='word_1_14' title='bbox 1345 280 1388 314; x_wconf 87' lang='lat' dir='ltr'>et</span> <span class='ocrx_word' id='word_1_15' title='bbox 1415 287 1555 314; x_wconf 85' lang='lat' dir='ltr'>vacua</span> 
     </span>
     <span class='ocr_line' id='line_1_3' title="bbox 98 347 1554 400; baseline -0.004 -8"><span class='ocrx_word' id='word_1_16' title='bbox 98 353 267 400; x_wconf 89' lang='lat' dir='ltr'>merito,</span> <span class='ocrx_word' id='word_1_17' title='bbox 299 364 398 391; x_wconf 90' lang='lat' dir='ltr'>cum</span> <span class='ocrx_word' id='word_1_18' title='bbox 435 349 490 389; x_wconf 89' lang='lat' dir='ltr'>ad</span> <span class='ocrx_word' id='word_1_19' title='bbox 528 349 673 388; x_wconf 88' lang='lat' dir='ltr'>Deum</span> <span class='ocrx_word' id='word_1_20' title='bbox 705 361 792 387; x_wconf 90' lang='lat' dir='ltr'>non</span> <span class='ocrx_word' id='word_1_21' title='bbox 826 347 1093 386; x_wconf 87' lang='lat' dir='ltr'>referrentur.</span> <span class='ocrx_word' id='word_1_22' title='bbox 1171 347 1398 399; x_wconf 73' lang='lat' dir='ltr'>Quidquid</span> <span class='ocrx_word' id='word_1_23' title='bbox 1437 348 1554 386; x_wconf 90' lang='lat' dir='ltr'>enim</span> 
     </span>
     <span class='ocr_line' id='line_1_4' title="bbox 98 420 1555 478; baseline -0.004 -13"><span class='ocrx_word' id='word_1_24' title='bbox 98 425 281 478; x_wconf 80' lang='lat' dir='ltr'>agimus,</span> <span class='ocrx_word' id='word_1_25' title='bbox 324 423 424 463; x_wconf 91' lang='lat' dir='ltr'>licet</span> <span class='ocrx_word' id='word_1_26' title='bbox 473 423 637 462; x_wconf 89' lang='lat' dir='ltr'>bonum</span> <span class='ocrx_word' id='word_1_27' title='bbox 688 421 743 460; x_wconf 88' lang='lat' dir='ltr'>sit</span> <span class='ocrx_word' id='word_1_28' title='bbox 787 421 830 460; x_wconf 91' lang='lat' dir='ltr'>id</span> <span class='ocrx_word' id='word_1_29' title='bbox 875 420 993 472; x_wconf 86' lang='lat' dir='ltr'>quod</span> <span class='ocrx_word' id='word_1_30' title='bbox 1044 420 1226 472; x_wconf 81' lang='lat' dir='ltr'>agimus,</span> <span class='ocrx_word' id='word_1_31' title='bbox 1268 426 1431 468; x_wconf 83' lang='lat' dir='ltr'>tamen,</span> <span class='ocrx_word' id='word_1_32' title='bbox 1474 420 1555 459; x_wconf 90' lang='lat' dir='ltr'>nisi</span> 
     </span>
     <span class='ocr_line' id='line_1_5' title="bbox 97 493 1557 550; baseline -0.005 -12"><span class='ocrx_word' id='word_1_33' title='bbox 97 504 276 550; x_wconf 90' lang='lat' dir='ltr'>propter</span> <span class='ocrx_word' id='word_1_34' title='bbox 313 497 457 536; x_wconf 89' lang='lat' dir='ltr'>Deum</span> <span class='ocrx_word' id='word_1_35' title='bbox 491 495 672 548; x_wconf 82' lang='lat' dir='ltr'>agimus,</span> <span class='ocrx_word' id='word_1_36' title='bbox 702 500 768 534; x_wconf 88' lang='lat' dir='ltr'>est</span> <span class='ocrx_word' id='word_1_37' title='bbox 799 494 928 533; x_wconf 83' lang='lat' dir='ltr'>inane</span> <span class='ocrx_word' id='word_1_38' title='bbox 961 494 1205 545; x_wconf 82' lang='lat' dir='ltr'>meritoque</span> <span class='ocrx_word' id='word_1_39' title='bbox 1234 507 1432 532; x_wconf 85' lang='lat' dir='ltr'>vacuum.</span> <span class='ocrx_word' id='word_1_40' title='bbox 1497 493 1557 532; x_wconf 90' lang='lat' dir='ltr'>Et</span> 
     </span>
     <span class='ocr_line' id='line_1_6' title="bbox 98 565 1553 623; baseline -0.004 -13"><span class='ocrx_word' id='word_1_41' title='bbox 98 570 295 623; x_wconf 81' lang='lat' dir='ltr'>quisquis</span> <span class='ocrx_word' id='word_1_42' title='bbox 327 569 452 609; x_wconf 92' lang='lat' dir='ltr'>bonis</span> <span class='ocrx_word' id='word_1_43' title='bbox 486 567 631 607; x_wconf 78' lang='lat' dir='ltr'>studet</span> <span class='ocrx_word' id='word_1_44' title='bbox 657 567 859 619; x_wconf 84' lang='lat' dir='ltr'>operibus</span> <span class='ocrx_word' id='word_1_45' title='bbox 894 566 978 606; x_wconf 86' lang='lat' dir='ltr'>alia</span> <span class='ocrx_word' id='word_1_46' title='bbox 1013 573 1160 606; x_wconf 87' lang='lat' dir='ltr'>mente</span> <span class='ocrx_word' id='word_1_47' title='bbox 1193 572 1327 617; x_wconf 84' lang='lat' dir='ltr'>atque</span> <span class='ocrx_word' id='word_1_48' title='bbox 1360 565 1553 613; x_wconf 88' lang='lat' dir='ltr'>consilio,</span> 
     </span>
     <span class='ocr_line' id='line_1_7' title="bbox 96 638 1556 696; baseline -0.004 -13"><span class='ocrx_word' id='word_1_49' title='bbox 96 657 229 696; x_wconf 85' lang='lat' dir='ltr'>quam</span> <span class='ocrx_word' id='word_1_50' title='bbox 270 648 448 695; x_wconf 90' lang='lat' dir='ltr'>propter</span> <span class='ocrx_word' id='word_1_51' title='bbox 490 642 646 689; x_wconf 89' lang='lat' dir='ltr'>Deum,</span> <span class='ocrx_word' id='word_1_52' title='bbox 680 640 814 680; x_wconf 88' lang='lat' dir='ltr'>habet</span> <span class='ocrx_word' id='word_1_53' title='bbox 847 641 1025 692; x_wconf 88' lang='lat' dir='ltr'>quidem</span> <span class='ocrx_word' id='word_1_54' title='bbox 1068 653 1227 679; x_wconf 87' lang='lat' dir='ltr'>nomen</span> <span class='ocrx_word' id='word_1_55' title='bbox 1266 638 1385 690; x_wconf 86' lang='lat' dir='ltr'>quod</span> <span class='ocrx_word' id='word_1_56' title='bbox 1425 638 1556 686; x_wconf 87' lang='lat' dir='ltr'>vivat,</span> 
     </span>
     <span class='ocr_line' id='line_1_8' title="bbox 97 713 1557 769; baseline -0.005 -12"><span class='ocrx_word' id='word_1_57' title='bbox 97 718 304 769; x_wconf 88' lang='lat' dir='ltr'>quodque</span> <span class='ocrx_word' id='word_1_58' title='bbox 332 715 496 755; x_wconf 88' lang='lat' dir='ltr'>meritis</span> <span class='ocrx_word' id='word_1_59' title='bbox 525 713 641 767; x_wconf 88' lang='lat' dir='ltr'>apud</span> <span class='ocrx_word' id='word_1_60' title='bbox 675 714 820 753; x_wconf 89' lang='lat' dir='ltr'>Deum</span> <span class='ocrx_word' id='word_1_61' title='bbox 851 714 1055 761; x_wconf 79' lang='lat' dir='ltr'>abundet,</span> <span class='ocrx_word' id='word_1_62' title='bbox 1080 713 1156 753; x_wconf 89' lang='lat' dir='ltr'>sed</span> <span class='ocrx_word' id='word_1_63' title='bbox 1186 726 1333 752; x_wconf 80' lang='lat' dir='ltr'>revera</span> <span class='ocrx_word' id='word_1_64' title='bbox 1356 717 1557 751; x_wconf 88' lang='lat' dir='ltr'>mortuus</span> 
     </span>
     <span class='ocr_line' id='line_1_9' title="bbox 97 785 1556 841; baseline -0.005 -11"><span class='ocrx_word' id='word_1_65' title='bbox 97 796 187 839; x_wconf 79' lang='lat' dir='ltr'>est3</span> <span class='ocrx_word' id='word_1_66' title='bbox 232 789 334 841; x_wconf 87' lang='lat' dir='ltr'>quia</span> <span class='ocrx_word' id='word_1_67' title='bbox 376 788 628 827; x_wconf 86' lang='lat' dir='ltr'>inanissima</span> <span class='ocrx_word' id='word_1_68' title='bbox 672 793 772 827; x_wconf 86' lang='lat' dir='ltr'>sunt</span> <span class='ocrx_word' id='word_1_69' title='bbox 813 801 947 839; x_wconf 87' lang='lat' dir='ltr'>opera</span> <span class='ocrx_word' id='word_1_70' title='bbox 991 786 1095 838; x_wconf 89' lang='lat' dir='ltr'>ejus,</span> <span class='ocrx_word' id='word_1_71' title='bbox 1139 792 1182 826; x_wconf 92' lang='lat' dir='ltr'>et</span> <span class='ocrx_word' id='word_1_72' title='bbox 1225 785 1368 824; x_wconf 89' lang='lat' dir='ltr'>meriti</span> <span class='ocrx_word' id='word_1_73' title='bbox 1413 785 1556 824; x_wconf 88' lang='lat' dir='ltr'>omnis</span> 
     </span>
     <span class='ocr_line' id='line_1_10' title="bbox 95 857 1558 916; baseline -0.004 -13"><span class='ocrx_word' id='word_1_74' title='bbox 95 863 306 916; x_wconf 82' lang='lat' dir='ltr'>expertia,</span> <span class='ocrx_word' id='word_1_75' title='bbox 335 875 434 901; x_wconf 88' lang='lat' dir='ltr'>cum</span> <span class='ocrx_word' id='word_1_76' title='bbox 472 861 683 900; x_wconf 84' lang='lat' dir='ltr'>charitate</span> <span class='ocrx_word' id='word_1_77' title='bbox 719 861 806 900; x_wconf 88' lang='lat' dir='ltr'>sint</span> <span class='ocrx_word' id='word_1_78' title='bbox 834 875 981 901; x_wconf 81' lang='lat' dir='ltr'>vacua.</span> <span class='ocrx_word' id='word_1_79' title='bbox 1057 859 1321 899; x_wconf 86' lang='lat' dir='ltr'>Ambrosius</span> <span class='ocrx_word' id='word_1_80' title='bbox 1361 859 1404 897; x_wconf 90' lang='lat' dir='ltr'>in</span> <span class='ocrx_word' id='word_1_81' title='bbox 1442 857 1558 897; x_wconf 84' lang='lat' dir='ltr'>hunc</span> 
     </span>
     <span class='ocr_line' id='line_1_11' title="bbox 94 932 1558 986; baseline -0.005 -10"><span class='ocrx_word' id='word_1_82' title='bbox 94 937 266 977; x_wconf 89' lang='lat' dir='ltr'>locum:</span> <span class='ocrx_word' id='word_1_83' title='bbox 299 936 459 976; x_wconf 84' lang='lat' dir='ltr'>“Sicut</span> <span class='ocrx_word' id='word_1_84' title='bbox 492 933 748 983; x_wconf 88' lang='lat' dir='ltr'>mortuum,’‘</span> <span class='ocrx_word' id='word_1_85' title='bbox 782 935 933 986; x_wconf 87' lang='lat' dir='ltr'>inquit,</span> <span class='ocrx_word' id='word_1_86' title='bbox 965 938 1066 973; x_wconf 90' lang='lat' dir='ltr'>“est</span> <span class='ocrx_word' id='word_1_87' title='bbox 1099 933 1191 973; x_wconf 87' lang='lat' dir='ltr'>sine</span> <span class='ocrx_word' id='word_1_88' title='bbox 1229 933 1387 977; x_wconf 88' lang='lat' dir='ltr'>anima,</span> <span class='ocrx_word' id='word_1_89' title='bbox 1419 932 1479 970; x_wconf 89' lang='lat' dir='ltr'>ita</span> <span class='ocrx_word' id='word_1_90' title='bbox 1513 937 1558 970; x_wconf 90' lang='lat' dir='ltr'>et</span> 
     </span>
     <span class='ocr_line' id='line_1_12' title="bbox 96 1003 1557 1060; baseline -0.005 -11"><span class='ocrx_word' id='word_1_91' title='bbox 96 1023 175 1049; x_wconf 87' lang='lat' dir='ltr'>nos</span> <span class='ocrx_word' id='word_1_92' title='bbox 207 1010 242 1049; x_wconf 87' lang='lat' dir='ltr'>si</span> <span class='ocrx_word' id='word_1_93' title='bbox 279 1008 486 1060; x_wconf 77' lang='lat' dir='ltr'>quaelibet</span> <span class='ocrx_word' id='word_1_94' title='bbox 521 1008 637 1047; x_wconf 89' lang='lat' dir='ltr'>bona</span> <span class='ocrx_word' id='word_1_95' title='bbox 668 1007 895 1047; x_wconf 83' lang='lat' dir='ltr'>videamur</span> <span class='ocrx_word' id='word_1_96' title='bbox 930 1006 1102 1054; x_wconf 83' lang='lat' dir='ltr'>habere,</span> <span class='ocrx_word' id='word_1_97' title='bbox 1142 1011 1315 1045; x_wconf 89' lang='lat' dir='ltr'>mortua</span> <span class='ocrx_word' id='word_1_98' title='bbox 1352 1010 1484 1053; x_wconf 87' lang='lat' dir='ltr'>sunt;</span> <span class='ocrx_word' id='word_1_99' title='bbox 1522 1003 1557 1043; x_wconf 83' lang='lat' dir='ltr'>si</span> 
     </span>
     <span class='ocr_line' id='line_1_13' title="bbox 96 1078 1558 1132; baseline -0.004 -10"><span class='ocrx_word' id='word_1_100' title='bbox 96 1083 283 1123; x_wconf 83' lang='lat' dir='ltr'>charitas</span> <span class='ocrx_word' id='word_1_101' title='bbox 320 1081 517 1130; x_wconf 88' lang='lat' dir='ltr'>defuerit,</span> <span class='ocrx_word' id='word_1_102' title='bbox 550 1094 683 1132; x_wconf 85' lang='lat' dir='ltr'>opera</span> <span class='ocrx_word' id='word_1_103' title='bbox 719 1080 811 1131; x_wconf 87' lang='lat' dir='ltr'>ejus</span> <span class='ocrx_word' id='word_1_104' title='bbox 849 1094 935 1120; x_wconf 90' lang='lat' dir='ltr'>non</span> <span class='ocrx_word' id='word_1_105' title='bbox 973 1086 1096 1119; x_wconf 89' lang='lat' dir='ltr'>erant</span> <span class='ocrx_word' id='word_1_106' title='bbox 1128 1079 1260 1132; x_wconf 89' lang='lat' dir='ltr'>plena</span> <span class='ocrx_word' id='word_1_107' title='bbox 1298 1078 1373 1117; x_wconf 89' lang='lat' dir='ltr'>sed</span> <span class='ocrx_word' id='word_1_108' title='bbox 1406 1090 1558 1125; x_wconf 90' lang='lat' dir='ltr'>vacua,</span> 
     </span>
     <span class='ocr_line' id='line_1_14' title="bbox 95 1148 1558 1209; baseline -0.004 -14"><span class='ocrx_word' id='word_1_109' title='bbox 95 1156 198 1209; x_wconf 86' lang='lat' dir='ltr'>quia</span> <span class='ocrx_word' id='word_1_110' title='bbox 229 1155 440 1195; x_wconf 87' lang='lat' dir='ltr'>charitate</span> <span class='ocrx_word' id='word_1_111' title='bbox 472 1167 559 1193; x_wconf 89' lang='lat' dir='ltr'>non</span> <span class='ocrx_word' id='word_1_112' title='bbox 588 1152 902 1205; x_wconf 82' lang='lat' dir='ltr'>replebantur.&#39;’</span> <span class='ocrx_word' id='word_1_113' title='bbox 973 1153 1079 1192; x_wconf 91' lang='lat' dir='ltr'>Ideo</span> <span class='ocrx_word' id='word_1_114' title='bbox 1108 1151 1343 1204; x_wconf 83' lang='lat' dir='ltr'>Gregorius</span> <span class='ocrx_word' id='word_1_115' title='bbox 1376 1152 1418 1190; x_wconf 91' lang='lat' dir='ltr'>in</span> <span class='ocrx_word' id='word_1_116' title='bbox 1450 1148 1558 1189; x_wconf 90' lang='lat' dir='ltr'>illud</span> 
     </span>
     <span class='ocr_line' id='line_1_15' title="bbox 98 1227 1557 1278; baseline -0.005 -9"><span class='ocrx_word' id='word_1_117' title='bbox 98 1229 270 1276; x_wconf 85' lang='lat' dir='ltr'>Christi,</span> <span class='ocrx_word' id='word_1_118' title='bbox 290 1228 372 1268; x_wconf 84' lang='lat' dir='ltr'>“Si</span> <span class='ocrx_word' id='word_1_119' title='bbox 402 1227 552 1267; x_wconf 89' lang='lat' dir='ltr'>oculus</span> <span class='ocrx_word' id='word_1_120' title='bbox 573 1232 674 1266; x_wconf 87' lang='lat' dir='ltr'>tuus</span> <span class='ocrx_word' id='word_1_121' title='bbox 703 1240 894 1278; x_wconf 85' lang='lat' dir='ltr'>nequam</span> <span class='ocrx_word' id='word_1_122' title='bbox 924 1227 1062 1273; x_wconf 88' lang='lat' dir='ltr'>fuerit,</span> <span class='ocrx_word' id='word_1_123' title='bbox 1087 1231 1229 1266; x_wconf 89' lang='lat' dir='ltr'>totum</span> <span class='ocrx_word' id='word_1_124' title='bbox 1253 1238 1410 1277; x_wconf 89' lang='lat' dir='ltr'>corpus</span> <span class='ocrx_word' id='word_1_125' title='bbox 1432 1229 1557 1262; x_wconf 90' lang='lat' dir='ltr'>tuum</span> 
     </span>
     <span class='ocr_line' id='line_1_16' title="bbox 94 1296 1559 1351; baseline -0.005 -10"><span class='ocrx_word' id='word_1_126' title='bbox 94 1301 377 1341; x_wconf 90' lang='lat' dir='ltr'>tenebrosum</span> <span class='ocrx_word' id='word_1_127' title='bbox 413 1298 527 1347; x_wconf 89' lang='lat' dir='ltr'>erit,&#39;&#39;</span> <span class='ocrx_word' id='word_1_128' title='bbox 551 1299 717 1350; x_wconf 87' lang='lat' dir='ltr'>inquit:</span> <span class='ocrx_word' id='word_1_129' title='bbox 750 1299 915 1351; x_wconf 72' lang='lat' dir='ltr'>“Quia‚</span> <span class='ocrx_word' id='word_1_130' title='bbox 944 1312 1043 1338; x_wconf 91' lang='lat' dir='ltr'>cum</span> <span class='ocrx_word' id='word_1_131' title='bbox 1082 1311 1283 1350; x_wconf 88' lang='lat' dir='ltr'>perversa</span> <span class='ocrx_word' id='word_1_132' title='bbox 1317 1296 1559 1336; x_wconf 88' lang='lat' dir='ltr'>intentione</span> 
     </span>
     <span class='ocr_line' id='line_1_17' title="bbox 96 1369 1563 1427; baseline -0.005 -13"><span class='ocrx_word' id='word_1_133' title='bbox 96 1375 201 1427; x_wconf 90' lang='lat' dir='ltr'>quid</span> <span class='ocrx_word' id='word_1_134' title='bbox 238 1373 306 1413; x_wconf 91' lang='lat' dir='ltr'>vel</span> <span class='ocrx_word' id='word_1_135' title='bbox 342 1378 510 1412; x_wconf 87' lang='lat' dir='ltr'>rectum</span> <span class='ocrx_word' id='word_1_136' title='bbox 552 1373 705 1424; x_wconf 88' lang='lat' dir='ltr'>agitur,</span> <span class='ocrx_word' id='word_1_137' title='bbox 739 1372 819 1411; x_wconf 89' lang='lat' dir='ltr'>etsi</span> <span class='ocrx_word' id='word_1_138' title='bbox 857 1372 1087 1424; x_wconf 85' lang='lat' dir='ltr'>splendere</span> <span class='ocrx_word' id='word_1_139' title='bbox 1123 1384 1269 1411; x_wconf 88' lang='lat' dir='ltr'>coram</span> <span class='ocrx_word' id='word_1_140' title='bbox 1308 1369 1563 1409; x_wconf 88' lang='lat' dir='ltr'>hominibus</span> 
     </span>
     <span class='ocr_line' id='line_1_18' title="bbox 95 1439 1561 1498; baseline -0.003 -12"><span class='ocrx_word' id='word_1_141' title='bbox 95 1446 295 1494; x_wconf 88' lang='lat' dir='ltr'>cernitur,</span> <span class='ocrx_word' id='word_1_142' title='bbox 323 1446 440 1498; x_wconf 89' lang='lat' dir='ltr'>apud</span> <span class='ocrx_word' id='word_1_143' title='bbox 473 1458 661 1484; x_wconf 83' lang='lat' dir='ltr'>examen</span> <span class='ocrx_word' id='word_1_144' title='bbox 693 1451 842 1484; x_wconf 88' lang='lat' dir='ltr'>tamen</span> <span class='ocrx_word' id='word_1_145' title='bbox 875 1444 1024 1484; x_wconf 78' lang='lat' dir='ltr'>aeterni</span> <span class='ocrx_word' id='word_1_146' title='bbox 1056 1444 1214 1496; x_wconf 88' lang='lat' dir='ltr'>judicis</span> <span class='ocrx_word' id='word_1_147' title='bbox 1247 1439 1561 1483; x_wconf 88' lang='lat' dir='ltr'>obscuratur.&#39;’l</span> 
     </span>
     <span class='ocr_line' id='line_1_19' title="bbox 96 1513 1562 1569; baseline -0.004 -10"><span class='ocrx_word' id='word_1_148' title='bbox 96 1520 158 1559; x_wconf 87' lang='lat' dir='ltr'>Et</span> <span class='ocrx_word' id='word_1_149' title='bbox 196 1518 442 1559; x_wconf 88' lang='lat' dir='ltr'>Richardus</span> <span class='ocrx_word' id='word_1_150' title='bbox 473 1532 498 1557; x_wconf 88' lang='lat' dir='ltr'>a</span> <span class='ocrx_word' id='word_1_151' title='bbox 530 1517 571 1558; x_wconf 83' lang='lat' dir='ltr'>S.</span> <span class='ocrx_word' id='word_1_152' title='bbox 590 1517 798 1558; x_wconf 90' lang='lat' dir='ltr'>Victore:</span> <span class='ocrx_word' id='word_1_153' title='bbox 827 1516 1130 1569; x_wconf 75' lang='lat' dir='ltr'>“Quidquid,”</span> <span class='ocrx_word' id='word_1_154' title='bbox 1164 1516 1316 1568; x_wconf 85' lang='lat' dir='ltr'>inquit,</span> <span class='ocrx_word' id='word_1_155' title='bbox 1351 1518 1447 1555; x_wconf 89' lang='lat' dir='ltr'>“ex</span> <span class='ocrx_word' id='word_1_156' title='bbox 1479 1513 1562 1553; x_wconf 91' lang='lat' dir='ltr'>hac</span> 
     </span>
     <span class='ocr_line' id='line_1_20' title="bbox 94 1588 1562 1639; baseline -0.005 -6"><span class='ocrx_word' id='word_1_157' title='bbox 94 1593 240 1633; x_wconf 88' lang='lat' dir='ltr'>radice</span> <span class='ocrx_word' id='word_1_158' title='bbox 283 1592 484 1639; x_wconf 88' lang='lat' dir='ltr'>nascitur,</span> <span class='ocrx_word' id='word_1_159' title='bbox 523 1590 669 1631; x_wconf 89' lang='lat' dir='ltr'>sterile</span> <span class='ocrx_word' id='word_1_160' title='bbox 710 1597 754 1630; x_wconf 92' lang='lat' dir='ltr'>et</span> <span class='ocrx_word' id='word_1_161' title='bbox 796 1590 1113 1630; x_wconf 89' lang='lat' dir='ltr'>infructuosum</span> <span class='ocrx_word' id='word_1_162' title='bbox 1156 1590 1349 1637; x_wconf 86' lang='lat' dir='ltr'>efficitur,</span> <span class='ocrx_word' id='word_1_163' title='bbox 1390 1588 1562 1627; x_wconf 85' lang='lat' dir='ltr'>etiamsi</span> 
     </span>
     <span class='ocr_line' id='line_1_21' title="bbox 91 1662 1562 1716; baseline -0.003 -10"><span class='ocrx_word' id='word_1_164' title='bbox 91 1667 259 1707; x_wconf 92' lang='lat' dir='ltr'>bonum</span> <span class='ocrx_word' id='word_1_165' title='bbox 306 1679 401 1705; x_wconf 92' lang='lat' dir='ltr'>esse</span> <span class='ocrx_word' id='word_1_166' title='bbox 441 1664 650 1704; x_wconf 88' lang='lat' dir='ltr'>videatur.</span> <span class='ocrx_word' id='word_1_167' title='bbox 719 1664 837 1703; x_wconf 90' lang='lat' dir='ltr'>Nam</span> <span class='ocrx_word' id='word_1_168' title='bbox 885 1663 1100 1716; x_wconf 86' lang='lat' dir='ltr'>quidquid</span> <span class='ocrx_word' id='word_1_169' title='bbox 1147 1663 1252 1703; x_wconf 91' lang='lat' dir='ltr'>boni</span> <span class='ocrx_word' id='word_1_170' title='bbox 1300 1662 1471 1715; x_wconf 87' lang='lat' dir='ltr'>agimus</span> <span class='ocrx_word' id='word_1_171' title='bbox 1518 1666 1562 1700; x_wconf 85' lang='lat' dir='ltr'>et</span> 
     </span>
     <span class='ocr_line' id='line_1_22' title="bbox 95 1733 1565 1789; baseline -0.003 -11"><span class='ocrx_word' id='word_1_172' title='bbox 95 1738 292 1787; x_wconf 90' lang='lat' dir='ltr'>dicimus,</span> <span class='ocrx_word' id='word_1_173' title='bbox 316 1752 374 1778; x_wconf 86' lang='lat' dir='ltr'>ex</span> <span class='ocrx_word' id='word_1_174' title='bbox 400 1738 574 1777; x_wconf 89' lang='lat' dir='ltr'>sinistra</span> <span class='ocrx_word' id='word_1_175' title='bbox 597 1737 841 1777; x_wconf 87' lang='lat' dir='ltr'>intentione</span> <span class='ocrx_word' id='word_1_176' title='bbox 863 1750 1141 1789; x_wconf 90' lang='lat' dir='ltr'>corrumpere</span> <span class='ocrx_word' id='word_1_177' title='bbox 1163 1741 1297 1788; x_wconf 83' lang='lat' dir='ltr'>atque</span> <span class='ocrx_word' id='word_1_178' title='bbox 1320 1733 1565 1775; x_wconf 87' lang='lat' dir='ltr'>annihilare</span> 
     </span>
    </p>
   </div>
   <div class='ocr_carea' id='block_1_3' title="bbox 94 1809 1569 2814">
    <p class='ocr_par' dir='ltr' id='par_1_3' title="bbox 95 1809 393 1864">
     <span class='ocr_line' id='line_1_23' title="bbox 95 1809 393 1864; baseline -0.007 -12"><span class='ocrx_word' id='word_1_179' title='bbox 95 1809 393 1864; x_wconf 76' lang='lat' dir='ltr'>possumus.”2</span> 
     </span>
    </p>

    <p class='ocr_par' dir='ltr' id='par_1_4' title="bbox 94 1880 1569 2814">
     <span class='ocr_line' id='line_1_24' title="bbox 186 1880 1564 1933; baseline -0.004 -9"><span class='ocrx_word' id='word_1_180' title='bbox 186 1890 243 1924; x_wconf 90' lang='lat'>20.</span> <span class='ocrx_word' id='word_1_181' title='bbox 279 1883 393 1924; x_wconf 86' lang='lat' dir='ltr'>Sunt</span> <span class='ocrx_word' id='word_1_182' title='bbox 419 1883 572 1923; x_wconf 90' lang='lat' dir='ltr'>inanes</span> <span class='ocrx_word' id='word_1_183' title='bbox 603 1881 774 1922; x_wconf 88' lang='lat' dir='ltr'>labores</span> <span class='ocrx_word' id='word_1_184' title='bbox 804 1882 952 1930; x_wconf 88' lang='lat' dir='ltr'>nostri,</span> <span class='ocrx_word' id='word_1_185' title='bbox 970 1881 1072 1933; x_wconf 88' lang='lat' dir='ltr'>quia</span> <span class='ocrx_word' id='word_1_186' title='bbox 1094 1882 1188 1921; x_wconf 92' lang='lat' dir='ltr'>sine</span> <span class='ocrx_word' id='word_1_187' title='bbox 1209 1880 1418 1933; x_wconf 81' lang='lat' dir='ltr'>praemio3</span> <span class='ocrx_word' id='word_1_188' title='bbox 1451 1880 1564 1919; x_wconf 87' lang='lat' dir='ltr'>sicut</span> 
     </span>
     <span class='ocr_line' id='line_1_25' title="bbox 98 1954 1565 2007; baseline -0.004 -9"><span class='ocrx_word' id='word_1_189' title='bbox 98 1957 215 1998; x_wconf 87' lang='lat' dir='ltr'>enim</span> <span class='ocrx_word' id='word_1_190' title='bbox 237 1957 362 1997; x_wconf 88' lang='lat' dir='ltr'>vacui</span> <span class='ocrx_word' id='word_1_191' title='bbox 385 1962 487 1996; x_wconf 90' lang='lat' dir='ltr'>sunt</span> <span class='ocrx_word' id='word_1_192' title='bbox 510 1955 677 2004; x_wconf 89' lang='lat' dir='ltr'>merito,</span> <span class='ocrx_word' id='word_1_193' title='bbox 697 1955 758 1995; x_wconf 91' lang='lat' dir='ltr'>ita</span> <span class='ocrx_word' id='word_1_194' title='bbox 781 1960 823 1995; x_wconf 88' lang='lat' dir='ltr'>et</span> <span class='ocrx_word' id='word_1_195' title='bbox 845 1954 1027 2007; x_wconf 76' lang='lat' dir='ltr'>praemio</span> <span class='ocrx_word' id='word_1_196' title='bbox 1050 1954 1169 2006; x_wconf 89' lang='lat' dir='ltr'>quod</span> <span class='ocrx_word' id='word_1_197' title='bbox 1199 1954 1355 1993; x_wconf 89' lang='lat' dir='ltr'>merito</span> <span class='ocrx_word' id='word_1_198' title='bbox 1386 1965 1565 2005; x_wconf 90' lang='lat' dir='ltr'>respon—</span> 
     </span>
     <span class='ocr_line' id='line_1_26' title="bbox 98 2024 1564 2081; baseline -0.005 -10"><span class='ocrx_word' id='word_1_199' title='bbox 98 2031 185 2071; x_wconf 88' lang='lat' dir='ltr'>det.</span> <span class='ocrx_word' id='word_1_200' title='bbox 254 2028 372 2081; x_wconf 77' lang='lat' dir='ltr'>Quid</span> <span class='ocrx_word' id='word_1_201' title='bbox 404 2034 553 2068; x_wconf 90' lang='lat' dir='ltr'>autem</span> <span class='ocrx_word' id='word_1_202' title='bbox 583 2027 770 2076; x_wconf 86' lang='lat' dir='ltr'>stultius,</span> <span class='ocrx_word' id='word_1_203' title='bbox 795 2040 927 2080; x_wconf 86' lang='lat' dir='ltr'>quam</span> <span class='ocrx_word' id='word_1_204' title='bbox 961 2027 1003 2066; x_wconf 91' lang='lat' dir='ltr'>in</span> <span class='ocrx_word' id='word_1_205' title='bbox 1030 2027 1100 2066; x_wconf 91' lang='lat' dir='ltr'>via</span> <span class='ocrx_word' id='word_1_206' title='bbox 1134 2026 1314 2066; x_wconf 91' lang='lat' dir='ltr'>Domini</span> <span class='ocrx_word' id='word_1_207' title='bbox 1352 2024 1564 2073; x_wconf 87' lang='lat' dir='ltr'>laborare,</span> 
     </span>
     <span class='ocr_line' id='line_1_27' title="bbox 98 2098 1565 2155; baseline -0.004 -12"><span class='ocrx_word' id='word_1_208' title='bbox 98 2109 143 2144; x_wconf 90' lang='lat' dir='ltr'>et</span> <span class='ocrx_word' id='word_1_209' title='bbox 184 2102 290 2142; x_wconf 86' lang='lat' dir='ltr'>nihil</span> <span class='ocrx_word' id='word_1_210' title='bbox 342 2102 511 2155; x_wconf 57' lang='lat' dir='ltr'>praemii</span> <span class='ocrx_word' id='word_1_211' title='bbox 554 2116 612 2141; x_wconf 84' lang='lat' dir='ltr'>ex</span> <span class='ocrx_word' id='word_1_212' title='bbox 654 2101 742 2140; x_wconf 92' lang='lat' dir='ltr'>suis</span> <span class='ocrx_word' id='word_1_213' title='bbox 783 2101 1006 2141; x_wconf 88' lang='lat' dir='ltr'>laboribus</span> <span class='ocrx_word' id='word_1_214' title='bbox 1047 2099 1304 2153; x_wconf 87' lang='lat' dir='ltr'>reportare?</span> <span class='ocrx_word' id='word_1_215' title='bbox 1378 2098 1565 2150; x_wconf 77' lang='lat' dir='ltr'>“Quare</span> 
     </span>
     <span class='ocr_line' id='line_1_28' title="bbox 94 2173 1559 2229; baseline -0.005 -12"><span class='ocrx_word' id='word_1_216' title='bbox 94 2176 345 2229; x_wconf 85' lang='lat' dir='ltr'>appenditis</span> <span class='ocrx_word' id='word_1_217' title='bbox 377 2181 609 2228; x_wconf 87' lang='lat' dir='ltr'>argentum</span> <span class='ocrx_word' id='word_1_218' title='bbox 641 2188 729 2215; x_wconf 91' lang='lat' dir='ltr'>non</span> <span class='ocrx_word' id='word_1_219' title='bbox 761 2174 804 2213; x_wconf 91' lang='lat' dir='ltr'>in</span> <span class='ocrx_word' id='word_1_220' title='bbox 836 2173 1036 2226; x_wconf 78' lang='lat' dir='ltr'>panibuS,</span> <span class='ocrx_word' id='word_1_221' title='bbox 1067 2179 1110 2213; x_wconf 87' lang='lat' dir='ltr'>et</span> <span class='ocrx_word' id='word_1_222' title='bbox 1142 2173 1337 2212; x_wconf 88' lang='lat' dir='ltr'>laborem</span> <span class='ocrx_word' id='word_1_223' title='bbox 1366 2176 1559 2211; x_wconf 86' lang='lat' dir='ltr'>vestrum</span> 
     </span>
     <span class='ocr_line' id='line_1_29' title="bbox 100 2244 1566 2300; baseline -0.004 -11"><span class='ocrx_word' id='word_1_224' title='bbox 100 2262 189 2289; x_wconf 87' lang='lat' dir='ltr'>non</span> <span class='ocrx_word' id='word_1_225' title='bbox 211 2249 254 2288; x_wconf 89' lang='lat' dir='ltr'>in</span> <span class='ocrx_word' id='word_1_226' title='bbox 277 2247 590 2289; x_wconf 81' lang='lat' dir='ltr'>saturitate?&#39;’3</span> <span class='ocrx_word' id='word_1_227' title='bbox 652 2247 934 2300; x_wconf 87' lang='lat' dir='ltr'>“Argentum</span> <span class='ocrx_word' id='word_1_228' title='bbox 964 2246 1222 2299; x_wconf 86' lang='lat' dir='ltr'>appendunt</span> <span class='ocrx_word' id='word_1_229' title='bbox 1248 2259 1335 2285; x_wconf 88' lang='lat' dir='ltr'>non</span> <span class='ocrx_word' id='word_1_230' title='bbox 1366 2244 1410 2284; x_wconf 88' lang='lat' dir='ltr'>in</span> <span class='ocrx_word' id='word_1_231' title='bbox 1442 2244 1566 2296; x_wconf 91' lang='lat' dir='ltr'>pani-</span> 
     </span>
     <span class='ocr_line' id='line_1_30' title="bbox 97 2318 1562 2375; baseline -0.003 -13"><span class='ocrx_word' id='word_1_232' title='bbox 97 2321 217 2372; x_wconf 90' lang='lat' dir='ltr'>bus,”</span> <span class='ocrx_word' id='word_1_233' title='bbox 249 2322 321 2374; x_wconf 89' lang='lat' dir='ltr'>qui</span> <span class='ocrx_word' id='word_1_234' title='bbox 358 2321 539 2375; x_wconf 89' lang='lat' dir='ltr'>pulchra</span> <span class='ocrx_word' id='word_1_235' title='bbox 575 2320 635 2360; x_wconf 91' lang='lat' dir='ltr'>illi</span> <span class='ocrx_word' id='word_1_236' title='bbox 672 2321 852 2373; x_wconf 89' lang='lat' dir='ltr'>quidem</span> <span class='ocrx_word' id='word_1_237' title='bbox 890 2327 933 2361; x_wconf 88' lang='lat' dir='ltr'>et</span> <span class='ocrx_word' id='word_1_238' title='bbox 968 2319 1180 2373; x_wconf 81' lang='lat' dir='ltr'>praeclara</span> <span class='ocrx_word' id='word_1_239' title='bbox 1216 2333 1350 2372; x_wconf 89' lang='lat' dir='ltr'>opera</span> <span class='ocrx_word' id='word_1_240' title='bbox 1385 2318 1562 2365; x_wconf 87' lang='lat' dir='ltr'>faciunt,</span> 
     </span>
     <span class='ocr_line' id='line_1_31' title="bbox 99 2393 1564 2448; baseline -0.003 -12"><span class='ocrx_word' id='word_1_241' title='bbox 99 2409 189 2436; x_wconf 89' lang='lat' dir='ltr'>non</span> <span class='ocrx_word' id='word_1_242' title='bbox 217 2401 397 2448; x_wconf 89' lang='lat' dir='ltr'>propter</span> <span class='ocrx_word' id='word_1_243' title='bbox 417 2395 558 2435; x_wconf 88' lang='lat' dir='ltr'>solida</span> <span class='ocrx_word' id='word_1_244' title='bbox 585 2400 759 2435; x_wconf 78' lang='lat' dir='ltr'>aeternae</span> <span class='ocrx_word' id='word_1_245' title='bbox 781 2395 883 2434; x_wconf 80' lang='lat' dir='ltr'>vitae</span> <span class='ocrx_word' id='word_1_246' title='bbox 912 2394 1103 2447; x_wconf 84' lang='lat' dir='ltr'>praemia.</span> <span class='ocrx_word' id='word_1_247' title='bbox 1158 2393 1414 2433; x_wconf 90' lang='lat' dir='ltr'>“Laborem</span> <span class='ocrx_word' id='word_1_248' title='bbox 1437 2404 1564 2440; x_wconf 91' lang='lat' dir='ltr'>suum</span> 
     </span>
     <span class='ocr_line' id='line_1_32' title="bbox 100 2464 1564 2521; baseline -0.003 -12"><span class='ocrx_word' id='word_1_249' title='bbox 100 2482 188 2509; x_wconf 89' lang='lat' dir='ltr'>non</span> <span class='ocrx_word' id='word_1_250' title='bbox 229 2470 272 2508; x_wconf 92' lang='lat' dir='ltr'>in</span> <span class='ocrx_word' id='word_1_251' title='bbox 309 2467 572 2518; x_wconf 86' lang='lat' dir='ltr'>saturitate,”</span> <span class='ocrx_word' id='word_1_252' title='bbox 597 2468 699 2521; x_wconf 89' lang='lat' dir='ltr'>quia</span> <span class='ocrx_word' id='word_1_253' title='bbox 741 2481 840 2508; x_wconf 88' lang='lat' dir='ltr'>cum</span> <span class='ocrx_word' id='word_1_254' title='bbox 882 2474 1061 2520; x_wconf 91' lang='lat' dir='ltr'>propter</span> <span class='ocrx_word' id='word_1_255' title='bbox 1102 2466 1343 2520; x_wconf 88' lang='lat' dir='ltr'>temporale</span> <span class='ocrx_word' id='word_1_256' title='bbox 1385 2464 1564 2518; x_wconf 90' lang='lat' dir='ltr'>aliquod</span> 
     </span>
     <span class='ocr_line' id='line_1_33' title="bbox 101 2539 1565 2592; baseline -0.003 -11"><span class='ocrx_word' id='word_1_257' title='bbox 101 2540 448 2581; x_wconf 89' lang='lat' dir='ltr'>emolumentum</span> <span class='ocrx_word' id='word_1_258' title='bbox 500 2547 544 2581; x_wconf 92' lang='lat' dir='ltr'>et</span> <span class='ocrx_word' id='word_1_259' title='bbox 595 2541 880 2581; x_wconf 91' lang='lat' dir='ltr'>commodum</span> <span class='ocrx_word' id='word_1_260' title='bbox 941 2539 1113 2580; x_wconf 88' lang='lat' dir='ltr'>labores</span> <span class='ocrx_word' id='word_1_261' title='bbox 1173 2539 1423 2592; x_wconf 90' lang='lat' dir='ltr'>suscipiant,</span> <span class='ocrx_word' id='word_1_262' title='bbox 1477 2550 1565 2577; x_wconf 91' lang='lat' dir='ltr'>non</span> 
     </span>
     <span class='ocr_line' id='line_1_34' title="bbox 102 2611 1566 2668; baseline -0.003 -14"><span class='ocrx_word' id='word_1_263' title='bbox 102 2621 288 2667; x_wconf 88' lang='lat' dir='ltr'>possunt</span> <span class='ocrx_word' id='word_1_264' title='bbox 309 2615 410 2655; x_wconf 93' lang='lat' dir='ltr'>inde</span> <span class='ocrx_word' id='word_1_265' title='bbox 439 2615 618 2668; x_wconf 87' lang='lat' dir='ltr'>explere</span> <span class='ocrx_word' id='word_1_266' title='bbox 650 2615 812 2655; x_wconf 86' lang='lat' dir='ltr'>famem</span> <span class='ocrx_word' id='word_1_267' title='bbox 845 2628 969 2655; x_wconf 90' lang='lat' dir='ltr'>suam</span> <span class='ocrx_word' id='word_1_268' title='bbox 1003 2620 1046 2655; x_wconf 90' lang='lat' dir='ltr'>et</span> <span class='ocrx_word' id='word_1_269' title='bbox 1069 2614 1279 2663; x_wconf 91' lang='lat' dir='ltr'>saturari;</span> <span class='ocrx_word' id='word_1_270' title='bbox 1312 2612 1417 2652; x_wconf 91' lang='lat' dir='ltr'>nihil</span> <span class='ocrx_word' id='word_1_271' title='bbox 1450 2611 1566 2650; x_wconf 88' lang='lat' dir='ltr'>enim</span> 
     </span>
     <span class='ocr_line' id='line_1_35' title="bbox 104 2683 1569 2739; baseline -0.004 -11"><span class='ocrx_word' id='word_1_272' title='bbox 104 2701 162 2728; x_wconf 92' lang='lat' dir='ltr'>ex</span> <span class='ocrx_word' id='word_1_273' title='bbox 190 2686 268 2736; x_wconf 87' lang='lat' dir='ltr'>his,</span> <span class='ocrx_word' id='word_1_274' title='bbox 293 2702 391 2739; x_wconf 83' lang='lat' dir='ltr'>quae</span> <span class='ocrx_word' id='word_1_275' title='bbox 413 2687 627 2736; x_wconf 87' lang='lat' dir='ltr'>videntur,</span> <span class='ocrx_word' id='word_1_276' title='bbox 651 2693 907 2728; x_wconf 82' lang='lat' dir='ltr'>exsaturare</span> <span class='ocrx_word' id='word_1_277' title='bbox 937 2688 1162 2728; x_wconf 89' lang='lat' dir='ltr'>hominem</span> <span class='ocrx_word' id='word_1_278' title='bbox 1192 2691 1348 2739; x_wconf 88' lang='lat' dir='ltr'>potest.</span> <span class='ocrx_word' id='word_1_279' title='bbox 1413 2683 1569 2723; x_wconf 90' lang='lat' dir='ltr'>Domi-</span> 
     </span>
     <span class='ocr_line' id='line_1_36' title="bbox 106 2760 1569 2814; baseline -0.004 -13"><span class='ocrx_word' id='word_1_280' title='bbox 106 2775 188 2802; x_wconf 88' lang='lat' dir='ltr'>nus</span> <span class='ocrx_word' id='word_1_281' title='bbox 229 2767 378 2801; x_wconf 87' lang='lat' dir='ltr'>autem</span> <span class='ocrx_word' id='word_1_282' title='bbox 420 2767 464 2801; x_wconf 88' lang='lat' dir='ltr'>et</span> <span class='ocrx_word' id='word_1_283' title='bbox 505 2762 548 2800; x_wconf 88' lang='lat' dir='ltr'>in</span> <span class='ocrx_word' id='word_1_284' title='bbox 591 2760 833 2814; x_wconf 87' lang='lat' dir='ltr'>Evangelio</span> <span class='ocrx_word' id='word_1_285' title='bbox 874 2761 957 2801; x_wconf 90' lang='lat' dir='ltr'>hac</span> <span class='ocrx_word' id='word_1_286' title='bbox 999 2762 1054 2801; x_wconf 92' lang='lat' dir='ltr'>de</span> <span class='ocrx_word' id='word_1_287' title='bbox 1095 2774 1226 2801; x_wconf 90' lang='lat' dir='ltr'>causa</span> <span class='ocrx_word' id='word_1_288' title='bbox 1268 2772 1347 2798; x_wconf 89' lang='lat' dir='ltr'>nos</span> <span class='ocrx_word' id='word_1_289' title='bbox 1390 2761 1569 2797; x_wconf 86' lang='lat' dir='ltr'>monet:</span> 
     </span>
    </p>
   </div>
   <div class='ocr_carea' id='block_1_4' title="bbox 294 2847 1385 2889">
    <p class='ocr_par' dir='ltr' id='par_1_5' title="bbox 294 2847 1385 2889">
     <span class='ocr_line' id='line_1_37' title="bbox 294 2847 1385 2889; baseline -0.004 -8"><span class='ocrx_word' id='word_1_290' title='bbox 294 2849 305 2867; x_wconf 77' lang='lat'>1</span> <span class='ocrx_word' id='word_1_291' title='bbox 330 2850 416 2881; x_wconf 89' lang='lat' dir='ltr'>Mor.</span> <span class='ocrx_word' id='word_1_292' title='bbox 436 2850 458 2881; x_wconf 94' lang='lat' dir='ltr'>l.</span> <span class='ocrx_word' id='word_1_293' title='bbox 478 2848 528 2881; x_wconf 85' lang='lat'>28.</span> <span class='ocrx_word' id='word_1_294' title='bbox 550 2860 577 2881; x_wconf 85' lang='lat' dir='ltr'>c.</span> <span class='ocrx_word' id='word_1_295' title='bbox 602 2858 649 2880; x_wconf 91' lang='lat'>11.</span> <span class='ocrx_word' id='word_1_296' title='bbox 810 2848 823 2867; x_wconf 67' lang='lat'>‘2</span> <span class='ocrx_word' id='word_1_297' title='bbox 846 2850 887 2881; x_wconf 89' lang='lat' dir='ltr'>In</span> <span class='ocrx_word' id='word_1_298' title='bbox 911 2851 963 2881; x_wconf 81' lang='lat' dir='ltr'>Ps.</span> <span class='ocrx_word' id='word_1_299' title='bbox 991 2849 1060 2889; x_wconf 86' lang='lat'>136.</span> <span class='ocrx_word' id='word_1_300' title='bbox 1211 2847 1224 2866; x_wconf 71' lang='lat'>3</span> <span class='ocrx_word' id='word_1_301' title='bbox 1248 2848 1312 2878; x_wconf 84' lang='lat' dir='ltr'>Isa.</span> <span class='ocrx_word' id='word_1_302' title='bbox 1335 2852 1385 2887; x_wconf 82' lang='lat'>55.</span> 
     </span>
    </p>
   </div>
  </div>
 </body>
</html>
