1903 3197
299 167 364 212 80
623 165 701 210 De
736 164 927 211 ratione
962 164 1152 211 vivendi
1186 164 1443 212 Socz‘etatz's.

293 297 604 351 asperitatibus
646 297 796 348 veniae,
840 311 972 350 quam
1016 298 1138 338 novis
1189 312 1240 338 ac
1291 297 1505 337 tironibus
1557 295 1662 335 dum
1715 308 1760 335 se

296 378 453 425 parant
494 371 552 411 ad
595 370 720 411 bella.
806 372 1043 424 Propterea
1095 379 1137 412 et
1181 372 1440 419 Bernardus‚
1486 369 1609 421 cujus
1661 374 1763 409 sunt

295 445 470 486 duriora
503 445 703 486 instituta
735 446 847 494 vitae,
872 445 1046 495 fatetur,
1070 446 1102 485 si
1137 446 1324 485 alterum
1347 443 1634 484 Timotheum
1668 449 1761 482 tam

297 520 506 560 Ecclesiae
530 519 823 559 necessarium
847 524 1001 559 nactus
1024 519 1089 568 sit,
1112 519 1223 559 velle
1247 532 1345 559 eum
1378 524 1420 558 et
1449 531 1566 566 auro,
1590 517 1624 557 si
1649 530 1760 569 opus

295 594 362 643 sit,
387 593 542 642 cibare,
566 598 609 633 et
631 599 785 646 potare
806 592 1016 633 balsamo.
1081 593 1198 633 Nam
1231 606 1330 632 cum
1363 591 1521 632 frustra
1553 591 1633 631 sibi
1667 590 1761 642 ejus

299 667 501 708 monachi
554 667 857 708 blandirentur
893 668 948 707 de
1002 666 1123 707 Pauli
1175 667 1446 713 auctoritate,
1498 665 1762 718 discipulum

297 742 567 782 cohortantis
595 755 648 781 ne
677 742 882 795 frigidam
913 741 1094 790 biberet,
1118 741 1194 781 sed
1225 741 1399 781 modico
1421 741 1523 781 vino
1546 741 1608 780 uti
1631 737 1764 779 vellet

297 822 477 870 propter
502 815 792 865 stomachum,
826 815 967 865 “Isti,”
999 816 1150 868 inquit,
1180 816 1444 856 “attendere
1477 814 1640 855 debent
1675 826 1761 853 non

298 891 516 931 monacho
558 890 640 930 hoc
678 890 881 940 intimari,
920 889 997 930 sed
1040 890 1260 943 episcopo,
1303 889 1426 942 cujus
1468 889 1559 929 vita
1600 894 1762 928 tenerae

298 964 442 1004 adhuc
461 970 503 1004 et
527 965 721 1004 nascenti
747 963 957 1004 Ecclesiae
981 977 1058 1016 per
1080 963 1323 1003 necessaria
1341 961 1505 1012 esset;”
1530 976 1629 1014 quae
1653 962 1763 1002 ratio

297 1039 339 1078 in
363 1038 522 1078 nostris
545 1039 650 1078 item
668 1037 813 1078 valere
834 1036 1086 1076 hominibus
1109 1036 1252 1084 debet,
1272 1036 1346 1088 qui
1369 1049 1416 1076 se
1439 1036 1494 1076 ad
1517 1036 1761 1075 animarum

297 1113 416 1153 lucra
451 1118 568 1152 totos
602 1111 890 1159 tradiderunt,
921 1124 971 1150 ac
1007 1116 1240 1163 propterea
1271 1110 1502 1163 sapienter,
1525 1114 1573 1150 ut
1604 1109 1709 1155 dixi,
1740 1123 1765 1149 a

298 1186 426 1225 Patre
456 1192 605 1225 nostro
628 1185 876 1225 communis
898 1184 989 1225 vita
1010 1184 1180 1225 caeteris
1203 1185 1497 1237 anteponitur.

383 1260 533 1300 Tertia
585 1259 696 1299 ratio
748 1266 813 1299 est
860 1258 962 1311 quia
1015 1272 1039 1298 e
1093 1258 1242 1298 divina
1293 1272 1348 1308 re,
1402 1264 1445 1299 et
1504 1257 1765 1299 Christianae

293 1333 547 1386 reipublicae
583 1339 659 1382 est,
693 1339 740 1373 ut
783 1333 825 1372 in
864 1346 915 1372 ea
958 1331 1134 1385 Religio
1177 1332 1232 1372 sit
1269 1332 1487 1385 quaedam‚
1520 1346 1631 1385 quae,
1665 1346 1764 1372 cum

296 1409 338 1447 in
372 1408 648 1448 interioribus
672 1407 727 1447 sit
750 1420 1067 1459 usquequaque
1098 1405 1292 1459 perfecta
1324 1412 1504 1459 propter
1524 1406 1765 1446 voluntatis

291 1481 635 1534 abnegationem
669 1495 719 1521 ac
752 1481 1019 1534 singularem
1049 1480 1361 1530 obedientiam,
1394 1481 1437 1520 in
1470 1480 1763 1520 exterioribus

290 1556 428 1596 etiam
454 1555 651 1596 omnium
675 1555 904 1595 hominum
940 1555 1088 1608 generi
1125 1554 1337 1603 consulat,
1370 1568 1450 1594 nec
1482 1555 1716 1607 quisquam
1738 1568 1764 1595 a

293 1630 499 1683 religiosa
521 1630 612 1669 vita
641 1629 912 1669 deterreatur
940 1629 1030 1668 sive
1052 1628 1269 1669 tenuitate
1289 1629 1441 1677 victus,
1470 1628 1559 1668 sive
1588 1628 1766 1669 horrore

294 1704 489 1752 vestitus,
526 1704 602 1743 sed
641 1703 786 1756 specie
819 1702 1012 1756 quadam
1044 1703 1146 1743 vitae
1179 1703 1425 1743 communis
1467 1702 1662 1752 allectus,
1705 1703 1762 1743 ad

293 1791 475 1818 omnem
509 1778 790 1817 sanctitatem
820 1778 1084 1817 traducatur.
1151 1776 1348 1817 Societas
1381 1777 1546 1830 quippe
1578 1776 1766 1817 consulit

296 1852 492 1901 summis,
526 1850 697 1898 infimis,
730 1851 898 1899 mediis,
928 1856 972 1891 et
1001 1850 1061 1890 sic
1097 1850 1285 1890 instituit
1314 1864 1405 1890 suae
1427 1850 1529 1890 vitae
1562 1851 1764 1900 rationes,

296 1932 343 1966 ut
378 1939 452 1966 eas
481 1925 588 1965 inire
622 1931 665 1965 et
695 1925 816 1977 sequi
847 1925 915 1964 vel
951 1925 1095 1978 regius
1125 1923 1238 1964 filius
1268 1937 1355 1964 non
1387 1930 1569 1977 gravate
1600 1924 1765 1977 possit:

293 2005 558 2052 argumento
581 2004 658 2047 est,
678 1999 798 2051 quod
823 1998 961 2048 multi,
980 1998 1054 2051 qui
1077 2011 1124 2038 se
1146 1998 1202 2038 ad
1228 1998 1463 2039 Societatis
1485 1998 1762 2051 disciplinam

294 2073 536 2128 appellunt,
571 2086 796 2125 nunquam
828 2086 874 2112 se
904 2072 1086 2112 forsitan
1118 2073 1173 2112 ad
1213 2071 1332 2112 illam
1366 2071 1649 2125 appulissent,
1684 2072 1766 2112 nisi

293 2148 373 2188 has
414 2148 516 2188 vitae
559 2147 750 2187 rationes
791 2147 903 2186 adeo
942 2146 1204 2193 moderatos,
1239 2151 1621 2198 congruentesque
1663 2159 1761 2185 cum

294 2221 384 2261 suis
434 2219 599 2260 naturis
649 2233 700 2259 ac
755 2219 948 2259 moribus
1002 2218 1279 2259 invenissent.
1363 2218 1519 2259 Ardua
1572 2232 1764 2272 namque

294 2294 594 2347 compluribus
646 2293 838 2333 solitudo
880 2299 923 2332 et
967 2292 1087 2333 cellae
1129 2292 1302 2332 videtur
1351 2292 1615 2343 assiduitas;
1668 2293 1764 2333 aliis

296 2373 511 2409 nocturna
552 2366 811 2421 psalmodia,
851 2372 894 2407 et
931 2366 1250 2419 interpellantis
1297 2366 1539 2406 necessarie
1575 2366 1764 2419 quietis;

295 2442 393 2482 aliis
429 2442 642 2494 asperitas
671 2440 824 2489 cultus,
860 2446 904 2480 et
936 2439 1169 2480 insolentia
1202 2440 1415 2489 vestitus3
1449 2439 1598 2480 multis
1631 2440 1764 2480 etiam

296 2523 363 2557 est
391 2516 556 2556 horrori
581 2514 786 2564 cucullus,
811 2521 854 2555 et
886 2513 1201 2554 monachorum
1228 2514 1445 2563 amictus;
1478 2512 1764 2566 plurimisque

294 2591 500 2643 frequens
523 2589 678 2638 inedia,
698 2594 742 2629 et
764 2588 938 2642 prolixa
956 2587 1142 2640 jejunia:
1168 2601 1266 2640 quae
1289 2587 1439 2627 omnia
1460 2600 1560 2627 cum
1585 2601 1642 2627 ex
1665 2587 1761 2640 lege

293 2665 585 2716 institutoque
623 2676 709 2703 non
744 2662 908 2703 habeat
950 2667 1099 2702 nostra
1133 2661 1307 2701 vivendi
1351 2661 1473 2711 ratio,
1511 2675 1642 2701 nemo
1684 2668 1762 2710 est,

292 2739 411 2791 quin,
456 2738 490 2778 si
545 2736 796 2790 religiosam
838 2737 975 2776 vitam
1019 2735 1142 2787 sequi
1187 2734 1476 2775 deliberatum
1530 2741 1607 2785 est,
1651 2735 1764 2776 hanc

294 2812 413 2861 inire,
447 2817 492 2852 et
530 2812 585 2851 ad
622 2816 872 2851 extremum
911 2823 1048 2862 usque
1086 2815 1236 2849 tenere
1273 2807 1399 2848 facile
1436 2814 1480 2849 et
1517 2809 1610 2848 sine
1648 2815 1766 2849 metu

292 2885 442 2941 possit.
