1903 3197
507 147 588 194 De
622 145 773 192 nimio
810 145 969 191 labore
1002 144 1207 191 vitando.
1490 157 1586 202 423

125 282 422 336 precationem
464 279 703 333 plicaturus
749 282 815 317 est
860 290 1014 329 genua,
1054 290 1153 329 quae
1199 275 1392 329 corporis
1438 274 1588 315 labore

127 356 240 396 fessa
287 355 380 408 jam
437 352 691 400 succidunt;
747 364 827 390 nec
880 356 1074 391 mentem
1131 349 1187 389 ad
1240 363 1292 389 ea
1342 363 1441 402 quae
1492 355 1588 389 orat

125 429 400 470 adhibiturus
452 432 527 475 est,
571 425 638 467 cui
681 436 884 464 somnum
926 423 1073 475 potius
1121 437 1171 462 ac
1205 423 1409 475 quietem,
1453 436 1586 475 quam

125 504 413 543 attentionem
455 506 589 552 atque
625 498 778 539 orandi
823 497 1030 537 affectum
1077 496 1201 536 labor
1240 496 1395 536 attulit.
1479 497 1588 536 ideo

125 577 181 617 ad
218 574 530 628 temperandos
576 572 734 612 nimios
780 570 963 618 labores,
1002 569 1332 621 cavendamque
1373 569 1586 622 defatiga-

126 650 290 690 tionem
333 661 419 688 non
462 646 723 701 permittunt
766 644 1116 685 Constitutiones
1160 643 1401 683 secundum
1439 642 1585 682 cibum

125 737 202 776 per
236 722 361 763 unius
394 726 469 761 aut
501 720 678 760 alterius
709 718 827 759 horae
860 716 1137 757 intervallum
1167 717 1367 770 graviora
1395 716 1587 768 corporis

126 797 346 844 exercitia,
389 801 438 834 ut
480 794 638 834 dicitur
679 794 722 832 in
763 806 802 845 p.
848 803 882 843 3.
927 806 959 831 c.
1004 803 1039 831 2.
1082 788 1108 844 ξ
1148 803 1185 841 4.
1230 790 1254 830 1.
1298 791 1351 830 D.
1431 790 1587 829 Sermo

124 876 273 911 autem
321 869 392 908 hic
441 881 527 908 non
577 873 642 907 est
693 866 749 906 de
796 865 1136 918 coadjutoribus,
1180 864 1254 917 qui
1306 864 1387 904 toti
1429 869 1588 904 vacant

127 944 276 993 labori,
314 943 545 983 minimum
584 947 731 981 autem
775 939 1161 980 exercitationibus
1204 939 1373 978 mentis.
1436 938 1588 979 Tertia

125 1019 234 1058 ratio
286 1023 361 1067 est,
413 1017 526 1069 quia,
571 1015 770 1067 quamvis
818 1014 942 1055 labor
989 1013 1305 1053 immoderatus
1349 1026 1429 1052 nec
1474 1012 1586 1052 vires

126 1092 355 1144 frangeret,
430 1103 508 1130 nec
573 1095 748 1141 tempus
807 1089 925 1140 quod
989 1086 1375 1127 exercitationibus
1434 1100 1586 1127 conce-

125 1166 319 1205 dendum
377 1171 444 1204 cst
503 1163 756 1216 praeriperet
821 1168 953 1214 atque
1017 1167 1260 1213 occuparet,
1313 1167 1462 1200 tamen
1529 1160 1589 1201 ita

125 1253 242 1291 saepe
283 1239 479 1278 animum
517 1237 659 1289 ipsum
713 1235 915 1275 distrahit
959 1241 1002 1275 et
1044 1248 1069 1274 a
1114 1249 1159 1274 se
1206 1240 1372 1283 avocat,
1410 1241 1457 1274 ut
1500 1247 1586 1273 non

124 1312 249 1352 facile
283 1317 438 1364 postea
474 1324 519 1349 se
554 1311 646 1362 ipse
680 1309 883 1362 colligere
918 1315 960 1348 et
994 1308 1050 1348 ad
1087 1308 1233 1348 studia
1266 1322 1345 1348 sua
1381 1322 1588 1348 renovare

124 1399 170 1427 se
211 1386 359 1438 possit.
454 1383 602 1435 Quare
645 1383 892 1422 Bernardus
943 1383 1005 1422 ait
1052 1395 1146 1421 esse
1190 1395 1322 1434 opera
1369 1383 1585 1433 quaedam,

125 1473 223 1512 quae
280 1458 391 1498 sicut
447 1471 597 1497 sensus
651 1456 910 1505 distrahunt,
968 1456 1029 1495 ita
1082 1455 1283 1508 spiritum
1340 1455 1589 1507 frequenter

123 1533 415 1581 exhauriunt3
447 1545 498 1571 ac
520 1537 751 1584 propterea
773 1529 1015 1569 curandum
1039 1543 1132 1569 esse
1156 1535 1203 1569 ut
1229 1542 1317 1568 non
1347 1528 1589 1581 spiritualia

127 1607 335 1648 exercitia
357 1612 536 1659 propter
565 1603 817 1656 corporalia,
841 1603 916 1643 sed
940 1602 1183 1656 corporalia
1214 1608 1393 1655 propter
1415 1603 1589 1655 spiritu-

127 1682 213 1722 alia
244 1680 547 1729 adhibeantur,
571 1680 632 1719 ita
661 1685 708 1719 ut
731 1678 903 1718 labores
930 1678 1122 1730 corporis
1154 1678 1210 1717 ad
1240 1678 1588 1717 conservandum

126 1762 169 1796 et
191 1755 247 1795 ad
270 1755 507 1794 fovendum
531 1754 730 1806 spiritum
754 1752 1002 1791 referantur.
1042 1751 1187 1804 “Quia
1210 1764 1296 1790 non
1319 1751 1416 1800 vir,’'
1436 1751 1588 1803 inquit,

127 1834 340 1882 “propter
363 1827 601 1874 mulierem,
626 1826 701 1865 sed
726 1825 879 1865 mulier
900 1832 1080 1878 propter
1100 1826 1239 1864 virum
1258 1838 1267 1874 3
1301 1830 1343 1864 et
1365 1825 1477 1864 sicut
1498 1824 1591 1864 viro

128 1908 275 1943 creato
297 1906 602 1953 comparatum
630 1905 696 1938 est
728 1899 994 1951 adjutorium
1018 1897 1159 1937 simile
1181 1898 1275 1947 sibi,
1300 1899 1360 1937 ita
1392 1898 1434 1937 in
1466 1898 1591 1950 adju-

127 1978 288 2017 torium
311 1974 547 2028 spiritualis
580 1973 711 2013 studii
745 1973 1010 2012 necessarios
1032 1986 1125 2011 esse
1148 1971 1318 2012 labores
1340 1971 1590 2025 corporis.”¹

218 2051 328 2089 Haec
371 2054 436 2088 est
479 2048 689 2087 Bernardi
732 2047 958 2086 sententia.
1038 2046 1132 2086 Nos
1185 2053 1332 2086 autem
1374 2047 1593 2095 addimus,

127 2126 238 2165 sicut
260 2124 333 2176 qui
363 2123 518 2163 studiis
549 2121 707 2161 mentis
737 2121 953 2169 insistunt,
979 2120 1140 2159 debent
1170 2134 1227 2159 ex
1257 2120 1591 2160 Constitutioni-

127 2200 219 2247 bus,
253 2204 301 2238 ut
333 2197 442 2237 infra
475 2198 682 2244 dicemus,
713 2195 807 2235 haec
840 2196 936 2247 ipsa
967 2195 1113 2234 studia
1144 2194 1337 2247 corporis
1370 2194 1591 2235 laboribus

127 2274 454 2324 interrumpere,
507 2284 561 2310 ne
613 2271 795 2310 modum
848 2268 1103 2318 excedant3
1160 2269 1220 2308 ita
1272 2268 1345 2320 qui
1398 2269 1591 2321 corporis

126 2346 345 2386 laboribus
388 2350 669 2397 occupantur,
707 2343 866 2382 debere
913 2355 987 2382 eos
1022 2342 1212 2381 vicissim
1261 2341 1418 2381 mentis
1466 2356 1590 2382 exer-

126 2419 417 2467 citationibus,
442 2419 485 2458 id
509 2424 575 2458 est
606 2418 689 2471 piis
721 2417 980 2457 lectionibus
1002 2422 1136 2468 atque
1159 2416 1427 2456 orationibus
1460 2416 1590 2456 inter-

128 2506 348 2546 rumpere,
376 2494 435 2532 ita
459 2493 574 2532 enim
599 2505 672 2531 eos
695 2491 901 2543 consequi
925 2497 972 2530 ut
994 2503 1074 2529 nec
1096 2504 1252 2543 corpus
1276 2490 1589 2530 detrimentum

127 2568 322 2620 accipiat,
349 2568 404 2607 de
436 2582 523 2619 quo
558 2581 678 2616 mox,
709 2580 788 2606 nec
821 2566 997 2618 spiritus
1033 2565 1334 2605 immoderatis
1367 2564 1589 2604 laboribus

125 2642 343 2681 obruatur.
407 2641 466 2680 Et
503 2642 548 2680 B.
585 2641 843 2680 Franciscus
879 2640 922 2679 in
960 2639 1120 2692 regulis
1156 2638 1249 2679 vult
1291 2639 1445 2678 fratres
1487 2651 1588 2677 suos

127 2715 284 2755 devote
308 2721 350 2754 et
372 2705 558 2754 fideliter
589 2713 796 2762 laborare,
821 2727 875 2753 ne
901 2713 1071 2753 labores
1095 2713 1176 2766 ipsi
1199 2713 1400 2765 spiritum
1423 2716 1587 2751 sanctae

127 2789 335 2829 orationis
370 2786 686 2839 exstinguant.2
754 2788 927 2828 Devote
960 2794 1106 2828 autem
1140 2793 1188 2826 ut
1225 2786 1462 2839 plurimum
1500 2798 1587 2825 non

408 2876 420 2895 ¹
445 2877 501 2907 Ad
525 2877 612 2908 Frat.
634 2877 676 2908 de
699 2877 806 2908 Mont.
829 2877 904 2908 Dei.
1089 2875 1102 2893 ²²
1128 2877 1208 2916 Reg.
1230 2886 1256 2906 c.
1278 2883 1307 2915 9.
