1903 3197
310 190 406 247 596
628 189 708 235 De
740 190 925 236 ratione
961 190 1154 237 vivendi
1187 190 1450 238 Socz'etatz's.

308 323 399 364 Ubi
431 329 579 364 autem
600 338 702 364 vera
724 325 953 365 maturitas
985 325 1068 365 sita
1090 326 1158 374 sit,
1183 325 1379 378 explicat
1410 325 1608 378 pluribus
1629 327 1776 369 verbis

304 397 517 438 Albertus
549 412 601 439 eo
633 399 844 452 opusculo
866 400 984 453 quod
1016 400 1196 440 Animae
1231 400 1488 440 Paradisum
1520 402 1770 455 inscripsit:

306 471 669 525 “Argumentum
710 488 824 514 verae
866 475 1131 515 maturitatis
1180 475 1326 523 habet,
1371 475 1444 527 qui
1496 488 1576 515 nec
1627 477 1774 517 verbis-

305 547 468 596 otiosis,
492 561 571 587 nec
593 548 762 588 incessu
784 549 1009 598 dissoluto,
1034 563 1113 589 nec
1142 549 1229 589 alia
1250 549 1480 589 occasione
1501 563 1770 604 quemquam

304 620 360 660 ad
384 620 607 662 levitatem
629 629 849 675 provocat,
874 623 950 663 sed
972 637 1146 676 semper
1168 624 1210 662 in
1234 637 1281 662 se
1300 628 1344 662 et
1366 623 1410 662 in
1433 622 1528 663 aliis
1550 624 1770 665 dissoluti-

303 708 433 735 onem
457 695 735 738 detestatur.''
770 697 829 737 Et
848 711 974 737 mox:
1000 697 1359 750 “Argumentum
1378 697 1568 737 levitatis
1590 697 1766 747 habent,

303 769 378 821 qui
419 771 543 822 proni
585 777 687 811 sunt
728 771 784 811 ad
836 772 981 820 risum,
1024 771 1081 811 ad
1118 771 1281 823 jocum,
1336 772 1465 811 otiosi
1518 771 1561 811 in
1612 772 1767 822 verbis,

303 843 504 884 dissoluti
546 844 589 884 in
626 844 856 895 moribus‚''
888 851 967 886 etc,
1031 844 1156 885 Idem
1200 845 1510 885 Bonaventura
1547 846 1603 885 de
1646 845 1765 886 Proc.

302 918 421 971 relig.
459 933 491 959 c.
527 929 575 968 2.,
610 919 944 959 “maturitatem
977 919 1276 972 religiosorum
1312 920 1355 959 in
1390 933 1441 960 eo
1474 933 1650 973 quoque
1683 922 1767 961 sita

303 992 432 1042 esse‚‘'
455 992 527 1041 ait,
553 993 622 1032 “si
645 1006 733 1032 non
756 993 842 1033 sint
872 993 989 1033 leves
1012 994 1055 1032 in
1078 993 1273 1041 ridendo,
1295 992 1363 1033 vel
1393 994 1517 1045 proni
1541 993 1597 1033 ad
1619 994 1765 1045 risum,

301 1080 381 1106 nec
416 1066 571 1106 curiosi
607 1066 674 1108 vel
708 1067 890 1115 verbosi,
921 1081 1000 1107 nec
1028 1067 1320 1119 joculatores;
1354 1073 1397 1107 et
1429 1081 1586 1120 corpus
1619 1074 1764 1108 totum

299 1140 356 1180 ab
387 1140 584 1193 inquieto
615 1147 739 1181 motu
771 1147 905 1194 atque
937 1141 1169 1201 insolentia
1207 1141 1498 1181 custodiunt.''
1563 1142 1689 1182 Idem
1721 1143 1764 1182 in

301 1214 426 1268 Spec.
463 1215 564 1256 disc.
600 1230 633 1255 c.
672 1226 724 1267 7:
762 1216 901 1256 “Non
934 1215 1070 1264 licet‚’'
1108 1217 1262 1269 inquit,
1299 1216 1588 1269 “religiosum
1622 1217 1763 1257 virum

301 1289 525 1329 dissolutis
547 1289 675 1329 labiis
697 1291 829 1330 risum
852 1290 1079 1344 proferre.”

391 1363 510 1403 Huic
539 1365 780 1405 maturitati
810 1365 1130 1418 consequendae
1163 1365 1330 1406 auxilio
1361 1379 1455 1405 esse
1486 1371 1644 1418 potest,
1668 1372 1762 1406 tum

301 1437 465 1479 Christi
489 1437 728 1479 Salvatoris
751 1439 1017 1492 exemplum,
1035 1441 1108 1492 qui
1131 1454 1182 1480 ea
1204 1441 1419 1493 gravitate
1443 1445 1486 1480 et
1509 1440 1763 1480 maturitate

300 1511 393 1560 fuit,
417 1517 465 1552 ut
497 1526 722 1565 nunquam
749 1514 891 1553 risisse
923 1514 1103 1567 legatur,
1127 1519 1174 1553 ut
1196 1520 1262 1553 est
1293 1514 1410 1567 apud
1443 1513 1761 1566 Augustinum,

298 1591 328 1626 t.
357 1597 417 1626 10.
443 1586 531 1627 Ser.
565 1586 621 1625 de
654 1586 827 1627 Sanctis
851 1596 914 1638 35.
938 1594 982 1627 et
1010 1588 1197 1641 epistola
1230 1586 1406 1627 Lentuli
1430 1588 1485 1627 ad
1520 1586 1761 1627 Senatum:

299 1666 394 1700 tum
430 1660 495 1700 vir
535 1662 834 1701 sanctissimus
875 1661 972 1713 Job,
1009 1662 1082 1715 qui
1134 1667 1303 1702 tantam
1351 1662 1509 1702 dicitur
1556 1661 1763 1701 habuisse

300 1735 611 1781 maturitatem,
650 1742 697 1775 ut
729 1736 763 1775 si
799 1736 904 1788 quid
939 1737 981 1776 in
1014 1750 1065 1776 eo
1096 1737 1237 1776 visum
1273 1742 1388 1775 esset
1421 1736 1626 1788 gravitati
1659 1749 1760 1775 con-

299 1811 492 1858 trarium,
526 1823 655 1849 nemo
693 1810 731 1849 ei
764 1810 968 1858 crederet,
1002 1811 1063 1850 ita
1099 1816 1192 1850 erat
1229 1810 1432 1850 omnibus
1469 1809 1760 1850 admirationi.

300 1884 384 1925 “Si
407 1883 620 1937 quando,'’
645 1884 797 1937 inquit,
824 1885 1055 1924 “ridebam
1079 1885 1135 1924 ad
1165 1898 1251 1933 eos,
1275 1897 1361 1924 non
1383 1884 1621 1924 credebant
1643 1883 1761 1935 mihi,

299 1965 343 1999 et
374 1959 452 1998 lux
486 1958 632 1998 vultus
665 1960 749 1998 mei
780 1972 865 1999 non
900 1959 1087 1999 cadebat
1119 1959 1161 1998 in
1191 1957 1386 1998 terram.'’
1417 1972 1448 1998 c.
1482 1969 1545 2009 29.
1609 1957 1762 2011 “Quia

298 2033 422 2086 cujus
483 2039 677 2073 mentem
739 2046 901 2073 moeror
960 2033 1094 2073 divini
1157 2033 1325 2073 timoris
1387 2032 1643 2081 insederat,'’
1713 2039 1761 2074 ut

301 2107 538 2160 Gregorius
560 2108 632 2157 ait,
656 2111 802 2148 “recte
830 2107 1039 2148 hilaritati
1072 2107 1185 2147 illius
1207 2108 1371 2147 subditi
1402 2120 1488 2147 non
1512 2106 1761 2156 credebant,

302 2188 347 2223 et
390 2183 494 2234 quia
536 2183 808 2235 cogebantur
849 2182 1007 2222 ridenti
1059 2196 1146 2222 non
1198 2183 1383 2230 credere,
1427 2181 1549 2234 cujus
1599 2195 1673 2221 cor
1717 2182 1760 2222 in

299 2257 455 2297 timore
494 2257 745 2297 Conditoris
787 2264 999 2297 noverant
1040 2271 1173 2309 quam
1206 2257 1458 2296 continuam
1502 2256 1759 2296 moestitiam

298 2330 515 2371 tenebat.’'
577 2331 824 2371 Antonium
854 2345 1029 2384 quoque
1061 2337 1207 2371 narrat
1232 2330 1505 2371 Athanasius
1535 2343 1758 2382 nunquam

298 2405 518 2445 hilaritate
541 2406 675 2445 nimia
697 2405 935 2446 resolutum
959 2407 1001 2445 in
1024 2406 1156 2445 risum
1180 2419 1284 2448 esse.
1349 2406 1417 2444 De
1451 2404 1588 2444 Beato
1611 2410 1759 2444 autem

301 2479 524 2520 Malachia
570 2480 793 2533 Episcopo
834 2480 981 2520 scribit
1023 2479 1269 2520 Bernardus
1311 2480 1355 2519 in
1395 2479 1526 2519 Vita:
1588 2479 1759 2518 “etiam

300 2569 400 2596 cum
452 2561 565 2595 esset
615 2568 722 2608 puer
773 2568 933 2608 magna
985 2555 1249 2595 maturitatis
1300 2554 1459 2594 indicia
1509 2553 1759 2606 praebuisse.

303 2630 479 2683 Quippe
513 2643 611 2670 cum
647 2629 906 2682 magistrum
941 2630 1132 2669 scientiae
1167 2629 1285 2669 fama
1318 2628 1534 2681 insignem
1565 2627 1759 2668 discendi

300 2703 486 2757 cupidus
517 2704 707 2753 adiisset,
740 2704 1008 2756 vidissetque
1039 2703 1179 2744 virum
1211 2703 1437 2743 ludentem
1471 2701 1635 2750 subula,
1669 2714 1760 2741 cre—

299 2779 475 2831 brisque
525 2777 767 2819 sulcantem
810 2778 1021 2818 tractibus
1074 2779 1221 2818 nescio
1262 2791 1350 2831 quo
1392 2775 1574 2817 notabili
1626 2773 1762 2814 modo

297 2853 522 2905 parietem,
564 2852 658 2894 solo
698 2853 792 2893 visu
834 2852 1061 2902 offensum,
1098 2852 1217 2906 quod
1264 2851 1488 2892 levitatem
1530 2848 1754 2897 redoleret,

297 2927 513 2968 resiluisse
568 2927 623 2968 ab
674 2941 738 2978 eo,
780 2941 830 2968 ac
872 2927 1077 2981 deinceps
1120 2926 1241 2968 illum
1285 2939 1339 2967 ne
1379 2925 1526 2967 videre
1578 2922 1755 2980 quidem
