1903 3197
266 163 361 208 260
580 160 661 206 De
693 159 884 206 ratione
916 159 1109 206 vivendi
1148 159 1405 206 Socz'elatz's.

265 294 409 341 modo,
444 306 489 332 se
521 292 664 344 ipsum
698 292 961 345 explorabat
989 307 1039 333 ac
1071 291 1344 339 discutiebat,
1376 291 1452 331 sed
1484 293 1724 344 saepissime

266 380 315 406 ac
358 366 709 418 frequentissime
752 366 794 405 in
837 366 919 415 die,
960 365 1043 406 hoc
1086 372 1151 405 est
1193 364 1374 417 singulis
1411 364 1545 405 ferme
1581 365 1724 416 horis5

266 445 313 479 ut
346 439 401 479 de
433 453 484 480 eo
516 453 541 479 a
572 439 723 491 primis
753 438 835 479 illis
865 440 1083 479 nascentis
1115 438 1347 480 Societatis
1378 438 1578 478 Patribus
1605 452 1726 480 acce-

265 513 420 565 pimus.
495 513 627 566 Quod
671 512 822 553 Sancti
864 513 997 565 aliqui
1041 512 1180 552 multo
1222 517 1323 551 ante
1364 516 1408 551 et
1449 511 1651 560 fecerant,
1685 517 1730 553 et

265 593 574 639 praeceperant.
638 586 890 627 Dorotheus
922 587 1038 626 enim
1071 587 1132 625 sic
1163 586 1243 625 ait:
1277 586 1431 626 “Sane
1453 599 1551 625 cum
1574 586 1728 626 admo-

266 660 371 700 dum
405 660 724 712 delinquamus,
749 674 1078 712 peccemusque,
1103 659 1496 710 obliviscamurque
1525 659 1729 699 facillime

267 734 427 773 delicta
462 740 504 774 et
545 740 727 786 peccata
761 740 920 782 nostra,
957 747 1067 786 opus
1102 737 1215 772 esset
1257 733 1299 771 in
1333 732 1462 772 horas
1496 746 1597 771 cura
1634 732 1730 772 dili-

268 807 387 858 genti
423 812 466 846 et
502 807 843 854 examinatione,
883 820 969 858 quo
1007 812 1138 858 pacto
1181 806 1344 845 scilicet
1381 804 1729 846 ambulassemus

267 880 310 919 id
334 880 557 926 momenti,
582 885 625 918 et
648 880 857 932 temporis
877 894 883 928 ;
916 886 958 919 et
982 880 1023 917 in
1047 893 1134 930 quo
1157 878 1499 930 deliquissemus.
1536 879 1730 920 Deberet

268 953 566 1004 unusquisque
598 958 795 991 nostrum
829 966 854 991 a
885 965 930 991 se
963 952 1069 1003 ipso,
1093 957 1305 1002 tanquam
1333 950 1485 1001 judex,
1516 952 1728 992 rationem

269 1025 501 1077 cujuslibet
533 1025 635 1064 facti
669 1023 991 1076 extorquere.”1
1055 1023 1113 1063 Et
1147 1024 1191 1062 B.
1214 1024 1486 1072 Benedictus,
1521 1030 1568 1064 ut
1600 1038 1732 1077 supra

267 1098 475 1146 diximus,
519 1098 562 1137 id
606 1098 648 1136 in
691 1098 779 1137 suis
823 1097 1004 1150 Regulis
1047 1097 1309 1148 statutisque
1350 1096 1517 1136 consilii
1559 1098 1646 1145 dat,
1685 1104 1733 1139 ut

269 1170 434 1219 fratres,
472 1171 504 1210 si
547 1184 647 1211 vere
690 1171 893 1223 progredi
937 1171 992 1210 ad
1034 1170 1241 1209 virtutem
1282 1170 1428 1218 velint,
1468 1176 1590 1210 actus
1631 1172 1734 1212 vitae

270 1257 360 1284 suae
392 1245 511 1284 omni
543 1244 651 1284 hora
683 1245 943 1284 custodiant.
1008 1244 1049 1283 P.
1075 1244 1206 1296 igitur
1239 1244 1437 1296 Ignatius
1471 1243 1733 1285 Sanctorum

269 1318 459 1358 consiliis
488 1318 772 1370 vestigiisque
803 1318 1016 1366 insistens,
1041 1331 1127 1357 non
1158 1318 1291 1357 modo
1321 1318 1386 1356 bis
1416 1317 1458 1356 in
1489 1317 1569 1366 die,
1599 1318 1734 1370 (quod

269 1391 437 1432 caeteris
452 1390 745 1444 p1·aescripsit,)
762 1404 911 1430 verum
927 1392 1060 1431 etiam
1079 1387 1261 1443 singulis
1278 1390 1406 1439 horis,
1422 1404 1522 1430 suas
1539 1392 1735 1432 actiones

270 1478 321 1505 ac
351 1478 494 1505 mores
524 1465 777 1518 expendere
808 1478 859 1504 ac
889 1464 1129 1516 dijudicare
1158 1464 1309 1504 solitus
1342 1470 1433 1512 est3
1467 1465 1577 1504 tanti
1607 1465 1735 1505 facie-

272 1537 349 1578 bat
370 1537 482 1578 hanc
506 1538 570 1577 sui
594 1539 783 1590 pectoris
805 1538 1131 1578 discussionem.

328 1611 404 1651 Ad
424 1611 637 1663 judicium
661 1617 808 1650 autem
833 1611 1259 1662 aestimationemque
1283 1609 1545 1650 Sanctorum
1568 1612 1738 1652 accedit

271 1685 393 1732 ratio,
426 1697 501 1724 cur
538 1684 783 1723 necessaria
813 1683 1015 1723 videatur
1046 1684 1303 1735 quotidiana
1334 1697 1424 1723 suae
1457 1685 1739 1725 conscientiae

272 1757 495 1798 discussio.
559 1756 671 1808 Quae
710 1757 889 1808 quidem
927 1757 1016 1809 peti
1054 1762 1212 1809 potest,
1249 1757 1409 1809 partim
1451 1770 1508 1796 ex
1551 1757 1601 1796 iis
1638 1769 1739 1809 quae

273 1845 426 1872 omnes
448 1831 648 1870 homines
678 1830 721 1869 in
752 1830 840 1869 suis
869 1830 1034 1869 artibus
1065 1836 1198 1882 atque
1220 1830 1414 1882 opificiis,
1437 1836 1592 1870 natura
1615 1831 1737 1881 duce,

273 1905 463 1955 faciunt3
496 1904 658 1957 partim
691 1917 748 1943 ex
782 1903 1073 1943 Ethnicorum
1110 1902 1474 1955 Philosophorum
1497 1903 1738 1956 disciplina,

272 1979 316 2018 in
340 1978 499 2030 quibus
530 1977 726 2017 maxime
748 1977 813 2016 vis
843 1977 1023 2017 rationis
1054 1976 1205 2025 elucet,
1230 1982 1273 2016 et
1295 1989 1426 2028 quam
1449 1976 1551 2016 vitae
1581 1978 1738 2018 ducem

271 2056 318 2092 et
340 2051 596 2104 magistram
620 2050 757 2090 secuti
788 2057 900 2090 sunt.
971 2050 1087 2090 Illud
1111 2055 1258 2089 autem
1283 2049 1531 2088 meminisse
1553 2056 1739 2101 oportet,

273 2125 475 2165 homines
517 2137 617 2164 cum
660 2124 796 2163 simus
839 2128 988 2163 mente
1029 2137 1080 2163 ac
1122 2123 1288 2162 ratione
1336 2122 1520 2174 praediti,
1563 2135 1741 2163 necesse

272 2210 369 2238 esse
431 2202 478 2236 ut
528 2197 584 2236 ad
648 2196 828 2236 rationis
890 2209 1090 2235 normam
1152 2201 1285 2246 atque
1343 2195 1538 2247 regulam
1591 2196 1740 2237 omnia

274 2275 427 2310 nostra
462 2269 669 2320 cogitata,
707 2269 836 2317 dicta,
872 2269 989 2308 facta
1026 2269 1276 2320 dirigamus,
1307 2270 1554 2321 mentisque
1590 2270 1740 2310 oculos

275 2343 552 2384 reflectamus
587 2343 643 2382 ad
683 2356 825 2382 mores
863 2348 1045 2383 nostros
1111 2342 1279 2382 Idcirco
1314 2343 1429 2382 enim
1465 2344 1574 2383 ratio
1608 2349 1741 2395 atque

277 2430 402 2458 mens
440 2417 605 2456 donata
640 2416 895 2456 hominibus
933 2430 958 2456 a
996 2416 1093 2456 Deo
1131 2422 1207 2464 est,
1237 2423 1285 2456 ut
1322 2417 1364 2456 in
1401 2416 1484 2456 hoc
1515 2430 1540 2456 a
1572 2417 1742 2457 caeteris

278 2489 577 2531 animantibus
615 2489 955 2541 distinguantur,
985 2496 1032 2530 ut
1066 2504 1166 2529 suas
1201 2491 1255 2530 ad
1291 2490 1485 2529 actiones
1519 2491 1740 2530 interdum

277 2564 474 2603 animum
526 2569 742 2611 revocent,
782 2564 1050 2616 videantque
1097 2563 1246 2616 quales
1293 2563 1377 2603 illae
1428 2564 1543 2614 sint;
1595 2562 1742 2603 caeteri

274 2650 380 2677 vero
403 2636 662 2685 animantes,
687 2650 787 2676 cum
820 2637 1002 2676 rationis
1024 2636 1280 2689 consiliique
1303 2643 1506 2690 expertes
1532 2638 1629 2685 sint,
1654 2649 1741 2677 non

274 2715 462 2762 possunt
495 2709 552 2749 ad
588 2724 640 2750 ea
674 2723 772 2762 quae
809 2715 947 2762 agunt
979 2724 1025 2750 se
1060 2711 1140 2763 ipsi
1177 2711 1405 2750 reflectere.
1469 2710 1563 2750 Nos
1593 2716 1741 2750 autem

273 2783 442 2824 ratione
479 2783 665 2836 praediti,
709 2789 752 2824 et
789 2797 1036 2836 possumus,
1074 2789 1118 2823 et
1154 2785 1376 2824 debemus.
1452 2784 1554 2824 Duo
1592 2789 1740 2825 autem

918 2871 931 2891 ²
960 2872 1030 2906 Ser.
1055 2881 1102 2905 11.
