1903 3197
644 149 723 195 De
760 149 803 195 C
800 149 1003 194 astz'tale.
1465 159 1489 203 3
1500 156 1558 203 59

97 297 204 324 mox
236 281 543 336 intemperanti
576 280 755 320 libidine
779 280 893 328 victi,
925 279 1183 331 frequenter,
1215 290 1314 318 cum
1344 276 1400 316 de
1431 275 1573 329 pudi-·

96 357 199 397 citia
243 357 454 397 disserere
504 354 728 407 incipiunt,
774 353 972 393 animum
1022 352 1078 392 ad
1131 350 1463 391 dissolutionem
1515 354 1559 389 et

97 430 511 471 exterminationem
535 428 679 480 ejusce
701 427 873 466 virtutis
896 423 1159 478 appellunt.''
1224 423 1420 475 Ideoque
1442 422 1558 462 idem

98 504 231 545 alibi:
275 503 621 544 “Necessarium
664 498 764 550 est,'’
808 499 959 551 inquit,
997 497 1211 537 “novitiis
1254 497 1476 549 religiosis,
1513 502 1562 536 ut

99 578 315 618 rarissime
360 577 414 617 de
465 574 807 628 cogitationibus
860 572 1035 612 secretis
1087 571 1199 610 inter
1249 583 1296 609 se
1337 570 1577 610 conferant·

99 658 232 705 atque
263 649 625 698 confabulentur;
663 647 871 700 quoniam
906 647 1000 699 ipsa
1024 644 1268 685 recordatio
1292 644 1351 683 rei
1380 649 1561 690 motum,

100 727 174 780 qui
196 740 283 766 non
306 730 409 773 erat,
433 729 625 776 generat,
648 721 798 762 sordes
822 721 957 760 menti
982 718 1275 759 reconcilians.

188 799 320 839 Latet
353 798 485 837 etiam
528 795 705 849 periculi
739 794 854 834 fraus
887 795 933 843 si,
969 793 1074 833 dum
1108 791 1300 831 libidinis
1333 791 1487 830 vitium
1521 790 1564 829 in

99 872 184 914 alio
213 872 414 925 carpitur,
438 871 493 910 de
523 870 658 923 ipsius
680 869 772 909 vitii
804 867 1141 921 reprehensione
1173 864 1337 905 blanda
1360 863 1564 916 quaedam

100 945 334 988 delectatio
384 949 596 997 captetur,
639 948 687 982 ut
732 955 863 995 supra
916 941 1048 981 etiam
1102 939 1363 978 monuimus.
1448 936 1566 989 Quin

102 1020 234 1060 etiam
258 1032 356 1059 cum
391 1017 547 1059 Sacras
578 1017 750 1056 Literas
783 1015 936 1067 legunt
958 1013 1271 1060 adolescentes,
1295 1017 1338 1051 et
1370 1010 1568 1050 incidunt

102 1093 145 1132 in
178 1106 228 1132 ea
260 1106 358 1145 quae
391 1096 562 1131 motum
595 1094 782 1143 possunt
812 1089 1007 1128 excitare
1039 1086 1241 1133 libidinis,
1271 1084 1491 1124 immorari
1524 1084 1568 1123 in

103 1180 252 1206 eorum
291 1165 476 1206 lectione
518 1176 796 1216 nequaquam
829 1162 1003 1210 debent,
1035 1161 1112 1200 sed
1145 1172 1403 1213 percurrere,
1438 1163 1481 1197 et
1512 1157 1568 1197 ad

103 1240 187 1280 alia
238 1239 479 1286 confestim,
538 1244 581 1277 et
642 1235 760 1276 nulla
822 1235 1080 1288 interposita
1140 1246 1274 1280 mora,
1324 1244 1568 1285 properare.

105 1313 289 1360 Deinde,
324 1313 357 1352 si
391 1312 503 1351 inter
549 1310 819 1363 loquendum
863 1308 1078 1349 amatoria
1119 1307 1252 1347 verba
1296 1305 1570 1352 misceantur,

106 1394 180 1428 aut
232 1386 479 1426 conferatur
531 1391 711 1424 mutuus
763 1384 875 1422 inter
921 1382 1086 1422 amicos
1137 1392 1289 1428 amor3
1343 1379 1403 1419 ait
1455 1378 1571 1417 enim

106 1462 443 1501 Bonaventura:
489 1458 724 1498 “Carnalis
757 1457 918 1497 amoris
950 1470 1044 1495 esse
1074 1455 1129 1495 de
1161 1459 1315 1493 mutua
1337 1452 1571 1492 dilectione

104 1534 408 1575 insatiabiliter
440 1531 718 1581 ruminare;'’
762 1538 805 1571 et
842 1530 945 1570 alibi
983 1531 1044 1569 ait
1079 1542 1164 1578 eos,
1195 1528 1269 1581 qui
1307 1526 1390 1567 hoc
1423 1538 1572 1566 amore

105 1623 151 1649 se
193 1614 354 1656 amant,
399 1620 587 1647 reserare
629 1605 710 1645 sibi
746 1604 932 1645 invicem
976 1603 1127 1643 solitos
1170 1616 1264 1642 esse
1306 1601 1572 1641 immensum

107 1683 249 1723 cordis
290 1695 497 1729 amorem,
542 1679 660 1733 quod
707 1679 987 1732 impudenter
1033 1677 1292 1717 charitatem
1336 1673 1571 1727 appellant.

108 1757 318 1809 Quisquis
367 1756 499 1807 igitur
549 1754 798 1793 castitatem
849 1752 1041 1800 adamat,
1087 1751 1167 1790 hos
1218 1762 1441 1790 sermones
1494 1760 1573 1787 nec

108 1830 358 1870 introducat
401 1829 504 1882 ipse,
552 1840 632 1867 nec
685 1826 957 1865 introductos
1004 1825 1142 1877 aequis
1189 1823 1364 1863 auribus
1412 1820 1572 1861 audiat.

111 1904 339 1943 Hactenus
371 1902 426 1942 de
457 1900 659 1954 periculis
691 1913 896 1939 sensuum
930 1904 1226 1938 externorum.

196 1982 252 2016 20.
287 1976 415 2015 Nunc
439 1975 493 2014 de
516 1973 792 2013 interioribus
815 1971 1166 2024 cogitationibus.
1211 1969 1417 2009 Alterum
1442 1968 1575 2020 igitur

110 2050 399 2105 periculorum
436 2062 574 2102 genus
612 2062 669 2087 ex
704 2046 1044 2099 cogitationibus
1079 2045 1262 2084 nimium
1295 2043 1441 2091 oritur,
1475 2055 1574 2094 quae

110 2125 190 2165 nisi
221 2130 389 2164 mature
412 2129 454 2163 et
477 2122 737 2175 tempestive
759 2120 989 2174 pellantur,
1015 2132 1177 2172 magno
1200 2118 1360 2158 animae
1383 2115 1575 2170 periculo

109 2198 335 2238 libidinem
369 2197 576 2237 excitant.
654 2196 792 2236 Recte
829 2194 944 2234 enim
980 2193 1234 2246 Gregorius:
1275 2192 1446 2244 “Saepe
1478 2190 1575 2243 quis

110 2272 270 2312 invitus
312 2278 354 2311 et
397 2272 596 2310 incautus
637 2269 693 2309 ad
746 2268 998 2308 immundas
1040 2267 1333 2319 cogitationes
1379 2263 1575 2312 trahitur,

111 2347 187 2387 sed
217 2360 279 2394 ea,
298 2359 396 2398 quae
420 2344 685 2397 negligendo
714 2343 831 2383 intus
854 2343 1031 2395 cogitat,
1054 2354 1230 2381 carnem
1254 2340 1356 2379 foris
1379 2339 1577 2379 excitant

114 2425 162 2460 ut
193 2421 248 2460 ad
280 2425 428 2472 turpes
461 2425 606 2458 motus
628 2417 869 2470 voluptatis
901 2414 1111 2469 surgat.⁷'l
1174 2415 1245 2464 Et,
1269 2419 1317 2453 ut
1349 2412 1465 2453 idem
1489 2412 1576 2452 ait:

115 2493 257 2533 “Non
308 2499 454 2546 potest
500 2493 679 2544 quidem
727 2491 820 2531 tolli
874 2497 1020 2530 mente
1072 2489 1190 2542 quod
1243 2488 1391 2540 aliquo
1444 2485 1578 2526 modo

115 2567 343 2607 immunda
384 2580 471 2606 non
508 2566 667 2615 videat,
707 2566 783 2605 sed
834 2565 877 2604 in
920 2564 1164 2604 mirabilem
1208 2576 1335 2602 usum
1377 2560 1580 2614 puritatis

116 2641 357 2690 deducitur,
381 2646 429 2680 ut
451 2640 680 2679 immunda
696 2640 848 2679 videns
873 2639 990 2678 nulla
1013 2637 1319 2678 delectationis
1343 2636 1442 2675 labe
1465 2647 1582 2673 mac-

117 2714 267 2755 uletur.
303 2714 498 2766 Ideoque
521 2714 718 2766 praecipit
736 2720 912 2753 sanctus
931 2713 1099 2752 Doctor
1120 2725 1276 2764 pravas
1291 2709 1580 2761 cogitationes

118 2794 330 2842 tanquam
353 2787 564 2828 lactentes
587 2787 792 2840 parvulos
821 2786 1155 2835 abscindendas,
1179 2785 1281 2836 quia
1306 2784 1375 2822 “si
1403 2780 1585 2829 motus,'‘

634 2866 647 2885 1
671 2868 712 2899 In
740 2876 766 2899 1.
788 2868 870 2908 Reg.
892 2868 912 2898 l.
935 2867 965 2898 6.
986 2878 1013 2898 c.
1034 2876 1060 2897 1.
