1903 3197
621 146 700 192 De
731 146 1050 193 Poem'tentz'z‘s.
1339 184 1342 186 .
1480 163 1497 193 1
1511 163 1532 193 2
1544 158 1568 206 7

109 279 321 333 vipendi:
373 285 421 319 ut
466 279 581 318 enim
633 278 773 318 honor
822 279 1123 318 testimonium
1173 284 1239 319 est
1280 278 1567 328 excellentiae,

111 360 287 393 auctore
328 350 531 400 Thoma,1
573 351 633 391 sic
678 364 812 403 poena
852 351 1024 390 videtur
1069 351 1246 391 inertiae.
1329 352 1430 404 Quo
1472 353 1570 405 quis

110 433 259 467 autem
301 432 432 466 aetate
482 424 736 478 provectior,
784 437 836 463 eo
882 425 1023 476 magis
1066 424 1198 464 illatae
1240 438 1385 476 poenae
1437 426 1571 466 sentit

110 501 295 548 aculeos,
334 501 436 552 quia
477 498 576 539 talis
621 498 703 538 sibi
743 499 926 547 videtur,
969 498 1037 537 eui
1079 499 1319 538 reverentia
1361 499 1573 539 debeatur

111 588 199 614 non
250 573 538 627 parvipensio‚
590 571 846 624 parvipendi
899 577 1047 610 autem
1099 577 1165 611 est
1216 572 1289 610 irae
1342 572 1481 612 fomes
1527 578 1571 612 et

111 649 295 688 materia
325 646 499 694 doloris,
523 651 570 685 ut
603 645 731 685 docet
763 646 806 684 in
841 644 1087 684 Rhetoricis
1119 643 1415 684 A1·ist0teles.2

201 720 465 767 Secundum,
489 720 624 759 oritur
654 718 844 758 dedecus
882 732 938 758 ex
976 718 1104 770 culpa
1136 731 1222 770 qua
1258 731 1392 770 poena
1424 717 1571 766 luitur,

111 795 240 847 culpa
273 795 435 846 quippe
478 807 555 833 sua
593 798 748 832 natura
776 792 914 844 turpis
950 805 1001 831 ac
1035 791 1248 844 probrosa
1285 797 1360 831 est.
1423 791 1572 844 Argu-

114 874 263 909 mento
298 873 363 907 est
399 866 529 919 quod,
572 880 671 906 cum
723 865 840 905 leves
886 866 942 905 ob
990 865 1140 918 culpas
1184 865 1427 918 plectimur,
1467 866 1569 917 quia

112 943 255 982 minus
277 941 442 981 habent
463 940 699 988 dedecoris,
725 940 867 979 minus
893 953 1249 989 commovemur;
1282 945 1433 980 contra
1454 952 1571 985 vero,

113 1030 212 1057 cum
244 1015 463 1067 graviores
495 1014 551 1053 ob
583 1013 734 1062 culpas
759 1027 914 1066 poenas
941 1013 1107 1061 damus,
1147 1012 1247 1052 licet
1284 1026 1428 1065 poenae
1462 1012 1568 1065 ipsae

113 1091 201 1129 sint
257 1089 449 1135 leviores,
509 1088 733 1126 exurimur
784 1094 826 1127 et
877 1093 1142 1138 torquemur.
1237 1086 1344 1126 Ideo
1396 1086 1571 1139 eulpam

114 1163 304 1216 tegimus
336 1168 380 1202 et
411 1175 683 1207 excusamus
712 1174 811 1200 cum
844 1161 963 1200 velut
996 1161 1053 1200 rei
1081 1160 1316 1200 deferimur
1347 1166 1390 1200 et
1422 1160 1571 1200 tradu-

115 1238 262 1285 cimur,
297 1236 500 1274 nimirum
544 1240 723 1286 propter
763 1234 1080 1281 verecundiam,
1119 1235 1222 1285 quia
1257 1234 1480 1286 probrosa,
1525 1238 1572 1273 ut

115 1310 321 1356 diximus,
356 1314 398 1350 et
430 1307 611 1360 indigna
642 1307 818 1346 homine
850 1321 916 1346 res
954 1313 1019 1346 est
1053 1306 1191 1359 culpa.
1256 1306 1442 1354 Deinde,
1471 1307 1573 1358 quia

116 1382 472 1435 reprehensiones
530 1382 635 1434 ipsae
692 1381 1102 1432 admonitionesque
1164 1380 1410 1427 verborum,
1473 1379 1576 1419 licet

114 1470 292 1510 poenam
348 1469 434 1495 non
488 1455 680 1494 habeant
732 1454 1000 1506 adjunctam,
1048 1454 1150 1505 quia
1201 1459 1352 1492 tamen
1400 1452 1575 1505 eulpam

115 1531 352 1577 continent,
378 1529 672 1568 erubescimus
704 1534 748 1567 et
779 1528 947 1580 pudore
980 1527 1283 1566 suffundimur.

200 1604 411 1651 Tertium,
445 1603 580 1642 oritur
612 1602 801 1642 dedecus
835 1615 892 1641 ex
925 1602 1020 1654 ipso
1062 1615 1208 1653 poenae
1246 1614 1433 1652 genere:
1478 1599 1575 1640 aliae

115 1679 230 1717 enim
255 1677 349 1717 aliis
381 1676 521 1728 magis
543 1675 871 1715 contumeliosae
904 1681 947 1715 et
980 1675 1259 1714 dedecorosae
1283 1679 1394 1721 sunt,
1418 1673 1486 1713 vel
1520 1688 1576 1713 ex

117 1765 194 1790 sua
217 1756 383 1798 natura,
411 1755 487 1789 aut
509 1749 714 1801 opinione
741 1748 981 1797 hominum,
1005 1748 1072 1787 vel
1097 1748 1199 1800 quia
1226 1747 1448 1800 probrosis
1475 1760 1578 1786 con-

118 1825 283 1864 stitutae
316 1829 417 1862 sunt
449 1823 616 1874 culpis:
650 1822 800 1874 quales
834 1829 955 1862 erant
990 1822 1107 1874 apud
1137 1827 1307 1860 veteres
1339 1819 1578 1860 monachos

119 1897 323 1938 constitui
376 1897 419 1935 in
472 1896 772 1948 incipientium
817 1895 980 1942 ordine,
1025 1894 1127 1947 pelli
1170 1894 1226 1934 ad
1276 1894 1369 1933 dies
1411 1893 1580 1945 aliquot

120 1971 400 2019 monasterio,
433 1983 511 2022 pro
550 1969 712 2008 foribus
754 1969 973 2008 excubare
1015 1973 1273 2020 postratum,
1308 1973 1351 2006 et
1389 1966 1578 2019 ingredi-

118 2046 283 2085 entium
337 2049 380 2083 et
431 2043 747 2095 egredientium
807 2056 956 2094 preces
1015 2041 1271 2094 suppliciter
1328 2053 1577 2092 exposcere.

116 2118 254 2171 Apud
297 2130 376 2157 nos
418 2122 565 2156 autem
603 2116 778 2168 publica
814 2115 1077 2168 objurgatio,
1118 2121 1250 2166 atque
1292 2113 1577 2165 exprobratio

116 2192 353 2244 culparum,
396 2190 624 2230 verberum
660 2189 900 2242 disciplina,
938 2203 963 2229 a
1000 2189 1155 2229 studiis
1189 2187 1412 2227 literarum
1455 2200 1577 2227 amo-

114 2265 213 2314 veri,
245 2263 437 2316 suffragii
475 2262 571 2315 jure
602 2263 770 2316 privari,
805 2270 848 2303 et
879 2263 922 2303 id
955 2276 1094 2315 genus
1126 2262 1221 2302 alia.
1293 2261 1394 2301 Hoc
1436 2261 1577 2313 magis

115 2339 303 2379 cernitur
354 2338 396 2377 in
447 2337 636 2390 politicis
684 2337 958 2390 publicisque
1004 2337 1143 2385 rebus,
1190 2336 1234 2375 in
1282 2335 1451 2387 quibus,
1498 2348 1578 2387 pro

115 2413 347 2453 criminum
384 2425 553 2464 genere,
588 2411 684 2451 alite
723 2411 817 2451 aliis
860 2412 1057 2451 minusve
1098 2410 1285 2450 infames
1327 2415 1403 2449 aut
1444 2408 1579 2449 dede-

116 2501 280 2526 corosae
332 2491 432 2526 sunt
482 2499 638 2538 poenae.
731 2485 936 2525 Dedecus
988 2485 1121 2537 igitur
1171 2497 1223 2524 ac
1273 2488 1390 2531 nota,
1443 2496 1576 2535 quam

118 2573 250 2613 poena
284 2559 478 2599 continet
512 2559 714 2612 irrogata,
745 2558 1033 2598 difficiliorem
1068 2572 1165 2598 eam
1208 2571 1417 2611 perpessu
1460 2557 1576 2604 facit,

118 2635 161 2673 in
214 2647 300 2686 qua
351 2632 607 2672 difficultate
658 2646 737 2685 pro
791 2632 964 2672 Christo
1009 2632 1225 2673 vincenda
1275 2630 1393 2671 haud
1445 2629 1578 2669 dubie

118 2707 306 2747 multum
340 2707 453 2746 inest
487 2706 628 2746 meriti
663 2712 797 2758 atque
834 2706 1056 2746 mercedis.
1121 2706 1250 2755 Nam,
1281 2710 1329 2744 ut
1362 2704 1423 2743 ait
1451 2702 1576 2742 Ana-

116 2781 292 2821 choreta
317 2781 503 2829 Marcus,
524 2782 940 2833 “quantamcunque
969 2794 1047 2833 pro
1080 2779 1255 2820 Christo
1288 2776 1575 2831 ignominiam

502 2869 512 2888 1
537 2870 570 2901 S.
592 2878 620 2901 2.
643 2878 671 2901 2.
693 2880 724 2910 q.
750 2874 818 2907 103.
956 2867 969 2886 ‘2
995 2867 1032 2898 L.
1053 2876 1081 2898 2.
1104 2868 1202 2900 Rhet.
