1903 3197
283 228 381 284 634
613 224 692 270 De
724 222 915 269 ratione
947 221 1140 268 vivendi
1172 221 1432 268 Socz‘etatz‘S.

282 359 320 399 is
353 371 485 411 quem
528 363 658 398 antea
699 356 933 407 nominavi,
966 355 1234 406 Dorotheus,
1273 354 1363 396 Ser.
1407 367 1438 396 Ι.
1521 353 1609 408 Qui
1651 368 1754 395 cum

282 433 556 474 meminisset
595 432 835 485 scripturae
876 431 1060 472 dicentis
1102 436 1305 485 oportere
1346 444 1426 470 nos
1470 443 1549 483 per
1588 429 1754 470 multas

281 507 589 548 tribulationes
625 507 804 547 introire
839 506 882 546 in
919 519 1103 558 regnum
1136 505 1359 555 coelorum,
1389 518 1470 544 nec
1504 503 1751 545 tribulatio-

284 595 386 622 nem
415 595 461 621 se
487 581 677 635 experiri
707 580 840 621 ullam
870 580 1248 629 animadverteret,
1272 578 1476 631 quaesivit
1498 591 1556 618 ex
1577 578 1751 630 Joanne

284 655 467 696 Abbate
498 669 576 708 per
602 655 770 696 litteras
799 654 905 708 quid
935 655 1016 695 sibi
1050 655 1272 708 agendum
1308 659 1423 694 esset
1457 652 1563 693 nihil
1595 654 1638 692 in
1668 651 1755 692 hac

282 731 374 771 vita
404 730 638 784 perferenti
671 729 851 777 adversi,
875 743 929 769 ne
960 729 1162 782 perderet
1184 728 1389 768 animam.
1454 726 1535 768 Cui
1565 725 1753 767 Abbas:

285 804 391 845 “Ne
412 803 623 853 vereare,”
641 804 794 857 inquit,
811 806 830 822 “
846 803 919 853 fili,
942 803 976 843 si
1000 802 1129 843 nullis
1152 801 1364 842 molestiis
1387 807 1520 854 atque
1543 800 1751 840 aerumnis

284 879 468 932 angeris,
492 893 573 919 nec
594 878 704 918 ullas
726 877 1030 918 tribulationes
1052 877 1095 916 in
1117 877 1268 916 animo
1290 876 1434 917 sentis.
1486 874 1753 928 Quicunque

283 954 400 994 enim
446 967 493 993 se
544 953 724 993 Patrum
775 951 1039 992 obedientiae
1091 957 1235 991 totum
1287 950 1527 999 tradiderit,
1569 961 1751 1001 seseque

284 1028 429 1069 alieno
471 1027 682 1068 arbitratu
722 1032 856 1079 atque
893 1026 1061 1078 judicio
1102 1025 1383 1065 formandum
1422 1024 1752 1077 regendumque

283 1102 540 1156 permiserit,
571 1101 685 1142 hanc
717 1101 853 1141 animi
887 1099 1263 1153 tranquillitatem,
1294 1104 1428 1151 atque
1460 1097 1751 1138 indolentiam

283 1176 573 1231 proculdubio
614 1175 784 1225 sentiet,
827 1181 872 1215 et
912 1174 994 1215 hac
1035 1174 1195 1214 mentis
1231 1173 1378 1226 quiete
1419 1186 1616 1226 paceque
1657 1185 1756 1225 per-

285 1250 485 1292 fruetur.’'

375 1326 510 1367 Ratio
541 1325 681 1378 hujus,
704 1325 807 1378 quia
828 1324 1031 1364 voluntas
1059 1323 1245 1376 propria,
1271 1327 1318 1362 ut
1345 1321 1550 1370 diximus,
1574 1334 1755 1374 poenam

285 1401 430 1442 habet.
492 1399 704 1453 Quisquis
737 1399 868 1452 igitur
899 1412 978 1438 sua
1009 1397 1235 1437 voluntate
1272 1410 1319 1436 se
1350 1395 1521 1449 spoliat,
1543 1409 1677 1449 poena
1708 1408 1756 1435 se

284 1476 454 1525 liberat,
490 1482 534 1516 et
567 1474 850 1515 confirmatur
883 1473 1163 1525 antiquorum
1205 1472 1350 1511 dicto:
1395 1470 1540 1511 Nemo
1582 1470 1758 1510 laeditur

287 1551 369 1591 nisi
401 1564 427 1591 a
456 1565 502 1590 se
535 1550 640 1603 ipso.
704 1548 773 1588 De
806 1562 894 1601 quo
927 1547 1020 1587 fuse
1054 1546 1405 1599 Chrysostomus.

376 1624 631 1665 Posterioris
654 1623 786 1663 etiarn
809 1621 1073 1663 obedientiae
1101 1626 1234 1673 atque
1263 1619 1537 1672 spoliationis
1565 1618 1754 1671 propriae

287 1699 527 1740 voluntatis
557 1712 637 1751 par
668 1703 734 1737 est
762 1697 953 1747 sructus;
985 1709 1084 1735 cum
1117 1695 1280 1735 scilicet
1309 1694 1458 1734 omnia
1480 1705 1756 1746 quaecunque

290 1774 416 1814 nobis
467 1773 682 1821 accidunt,
726 1786 752 1812 a
794 1771 893 1811 Deo
945 1771 1077 1810 missa
1129 1775 1346 1822 putamus.
1431 1768 1596 1820 Magna
1638 1767 1756 1807 enim

290 1861 468 1887 necesse
500 1853 566 1887 est
588 1847 631 1886 in
661 1846 810 1886 animo
842 1850 992 1885 nostro
1023 1844 1178 1883 laetitia
1208 1848 1513 1895 consequatur,
1538 1855 1637 1881 cum
1669 1840 1757 1880 fide

290 1922 508 1963 credimus
545 1921 694 1961 omnia
730 1920 857 1960 nobis
894 1919 1073 1959 immitti
1111 1918 1331 1967 divinitus,
1364 1922 1624 1968 nostrasque
1654 1915 1759 1955 vitae

292 1998 483 2038 rationes
506 2010 593 2037 non
617 2010 674 2036 ex
697 1996 824 2035 nobis
847 1995 964 2047 ipsis,
980 1994 1056 2034 sed
1080 2006 1137 2032 ex
1162 1993 1259 2032 Deo
1277 2005 1511 2044 suspensas
1533 1990 1758 2030 habemus.

376 2071 498 2111 Talis
521 2077 614 2111 erat
636 2070 795 2118 David,
819 2069 894 2121 qui
927 2068 1169 2108 secundum
1200 2081 1273 2107 cor
1302 2066 1387 2105 Dei
1417 2065 1548 2105 fuisse
1574 2065 1761 2114 dicitur;

289 2147 358 2187 cui
396 2160 494 2185 cum
533 2145 814 2185 malediceret
843 2143 1001 2183 Abisai
1040 2142 1152 2181 filius
1191 2140 1368 2190 Sarviae,
1389 2140 1528 2179 vetuit
1564 2153 1664 2179 eum
1702 2138 1759 2179 ab

290 2221 443 2261 amicis
494 2219 757 2272 famulisque
807 2218 980 2271 puniri:
1032 2214 1326 2264 “Dimittite,”
1368 2215 1521 2267 inquit,
1566 2213 1723 2252 “illum
1749 2227 1763 2253 :.

289 2295 511 2335 Dominus
547 2293 757 2347 praecipit,
789 2298 836 2332 ut
870 2291 1153 2331 malediceret
1189 2288 1371 2330 David.’'
1433 2288 1555 2328 Talis
1589 2293 1681 2327 erat
1715 2292 1760 2327 et

291 2369 441 2410 Senex
474 2369 556 2416 ille,
585 2369 653 2407 cui
691 2367 765 2407 lini
787 2359 949 2406 *oleum
988 2379 1067 2418 pro
1099 2364 1228 2404 melle
1264 2363 1510 2416 potandum
1544 2362 1759 2401 traditum

289 2450 381 2484 est:
426 2443 511 2484 “Si
543 2440 787 2490 voluisset,'’
831 2440 983 2493 inquit,
1027 2439 1198 2487 “Deus,
1242 2444 1291 2477 ut
1331 2437 1418 2477 mel
1450 2436 1637 2485 ederem,
1670 2435 1759 2476 mel
1821 2484 1824 2488 Ι

287 2518 439 2570 utique
470 2515 722 2570 posuisset.''
786 2515 907 2567 Lege
943 2515 986 2553 in
1018 2514 1118 2554 vitis
1151 2513 1342 2552 Patrum.
1410 2512 1470 2551 Et
1492 2510 1757 2559 Dorotheus,

291 2592 381 2634 Ser.
418 2602 455 2644 7.
517 2591 638 2631 Talis
671 2597 763 2630 erat
798 2596 841 2630 et
873 2590 971 2642 Job,
1007 2602 1138 2641 quem
1182 2593 1313 2627 antea
1353 2587 1578 2626 nominare
1615 2586 1758 2635 debui,

289 2681 389 2707 cum
431 2666 632 2706 dicebat:
686 2665 904 2705 Dominus
949 2663 1084 2712 dedit,
1128 2663 1349 2702 Dominus
1390 2660 1597 2710 abstulit;
1649 2660 1761 2700 sicut

289 2742 486 2782 Domino
523 2741 689 2794 placuit
722 2741 784 2779 ita
816 2738 981 2778 factum
1023 2743 1099 2785 est,
1130 2737 1186 2777 sit
1220 2749 1380 2776 nomen
1413 2735 1594 2775 Domini
1628 2735 1759 2775 bene-

291 2817 468 2857 dictum.
546 2815 616 2855 Ac
652 2820 885 2867 propterea
924 2826 1002 2853 nec
1039 2812 1127 2864 Job
1164 2811 1348 2851 stultum
1385 2809 1550 2862 aliquid
1587 2808 1759 2849 locutus

291 2897 358 2931 est
399 2891 442 2930 in
485 2890 632 2930 Deum
679 2887 956 2942 impatientia
1007 2887 1141 2927 animi
1182 2887 1353 2936 victus3
1406 2898 1486 2924 nec
1527 2884 1673 2924 David
1714 2883 1759 2922 in

287 2965 446 3005 Abisai
493 2963 723 3004 stomacho
770 2968 906 3015 atque
951 2962 1013 3001 ira
1050 2960 1325 3011 excanduit3
1377 2972 1457 2999 nec
1500 2957 1648 2998 Senex
1689 2956 1762 2997 ille
