1903 3197
663 191 742 236 De
779 189 822 236 C
820 190 967 236 astila
973 194 1024 236 le.
1481 200 1542 244 34
1549 201 1574 244 3

110 327 343 379 cultusque
391 323 637 366 communis
689 329 765 371 est,
809 327 934 361 tanta
976 327 1124 361 tamen
1168 326 1212 360 et
1252 325 1345 360 tam
1397 317 1579 371 insignis

112 400 386 442 vcastimoniae
420 399 514 439 laus
546 397 610 437 sit.
675 396 801 436 Facit
831 395 926 445 hoc,
956 395 1145 446 inquam,
1174 394 1286 433 inter
1317 393 1402 433 alia
1433 392 1582 433 creber

117 489 169 515 ac
203 475 300 527 pius
334 486 437 513 usus
473 472 773 513 Sacrosanctae
807 468 1126 516 Eucharistiae;
1159 473 1207 506 ut
1236 467 1352 506 enim
1387 467 1448 506 ait
1479 466 1582 505 Ber-

117 549 281 588 nardus
318 548 361 586 in
397 547 609 587 Sermone
640 544 696 584 de
729 542 868 583 Coena
906 541 1116 581 Domini:
1178 540 1281 579 Duo
1322 539 1406 579 hoc
1442 553 1583 579 sacra-

120 626 320 662 mentum
353 625 557 672 operatur
588 618 630 657 in
665 617 803 665 nobis,
826 622 873 656 ut
895 615 1097 655 videlicet
1129 620 1172 653 et
1204 626 1380 653 sensum
1414 613 1585 652 minuat

119 695 164 735 in
197 694 397 742 minimis,
431 697 474 732 et
506 692 548 731 in
580 690 852 743 gravioribus
890 689 1080 742 peccatis
1112 687 1239 728 tollat
1271 686 1450 726 omnino
1483 699 1585 725 con-

116 781 308 809 sensum.
374 767 420 808 Si
454 766 551 818 quis
580 771 772 805 vestrum
807 777 894 803 non
927 768 1019 802 tam
1052 776 1170 815 saepe
1202 761 1346 809 modo,
1374 773 1461 800 non
1492 765 1584 799 tam

121 842 299 883 acerbos
351 840 484 880 sentit
536 839 772 879 iracundiae
823 843 980 884 motus,
1030 836 1218 884 invidiae,
1265 834 1462 884 luxuriae,
1511 839 1588 873 aut

120 921 378 956 caeterorum
421 913 686 966 hujusmodi,
721 912 884 965 gratias
925 916 1029 963 agat
1067 909 1248 962 Corpori
1292 914 1335 948 et
1374 907 1587 960 §anguini

123 989 331 1039 Domini3
374 988 584 1041 quoniam
626 987 762 1026 virtus
805 984 1065 1025 sacramenti
1108 988 1314 1035 operatur
1357 982 1400 1021 in
1443 995 1507 1031 eo,
1546 986 1589 1021 et

121 1065 316 1118 gaudeat
361 1063 480 1115 quod
534 1061 773 1114 pessimum
826 1059 948 1099 ulcus
1000 1057 1181 1097 accedat
1232 1042 1303 1096 ad·
1340 1056 1587 1095 sanitatem.

127 1138 260 1178 Ratio
291 1150 393 1177 vero
431 1149 506 1175 cur
544 1134 821 1175 Eucharistia
852 1132 1100 1172 castitatem
1133 1136 1307 1171 tueatur
1343 1135 1386 1169 et
1417 1134 1588 1181 augeat,

119 1225 179 1252 ea
210 1211 415 1250 nimirum
451 1215 517 1249 est
550 1209 652 1261 quia
685 1221 784 1247 cum
824 1207 921 1246 Deo
957 1219 1035 1245 nos
1070 1205 1327 1257 conjungit;
1371 1209 1436 1243 est
1473 1203 1589 1242 enim

126 1285 378 1339 symbolum
422 1283 605 1323 unionis.
689 1281 916 1333 Disjungit
953 1294 1033 1319 nos
1074 1280 1130 1319 ab
1172 1292 1320 1318 amore
1361 1277 1591 1317 hominum

127 1365 170 1399 et
211 1363 508 1398 creaturarum
556 1357 598 1395 in
641 1355 800 1407 quibus
841 1354 1042 1394 amandis
1093 1352 1361 1405 periclitatur
1401 1351 1592 1398 castitas,

125 1446 223 1485 quae
246 1445 373 1471 suum
398 1430 595 1471 Creatori
624 1434 768 1469 servat
792 1441 998 1474 amorem,
1016 1433 1064 1466 ut
1087 1440 1218 1478 supra
1239 1425 1592 1477 significavimus.

119 1505 275 1558 'Quare
307 1505 537 1557 Remigius
568 1504 610 1543 in
641 1517 702 1551 ca,
728 1516 825 1555 quse
849 1502 955 1548 dixi,
982 1500 1204 1540 Zachariae
1226 1499 1384 1538 verba:
1419 1502 1437 1516 ‘¹
1457 1497 1593 1545 Hoc‚”

129 1580 282 1633 inquit,
304 1580 487 1618 “vinum
520 1578 737 1631 germinat
762 1574 988 1628 virgines,”
1013 1575 1115 1626 quia
1138 1587 1247 1625 quos
1277 1586 1401 1612 amor
1434 1571 1595 1612 Christi

127 1654 325 1702 inebriat,
365 1653 515 1693 omnia
557 1652 709 1691 mundi
752 1650 1079 1690 oblectamenta
1120 1653 1342 1700 spernunt,
1385 1652 1429 1686 et
1470 1645 1595 1697 quasi

128 1728 236 1768 ebrii
269 1733 312 1767 et
341 1726 615 1766 insensibiles
648 1726 814 1765 mundo
846 1724 967 1772 fiunt,
996 1730 1039 1762 et
1068 1722 1209 1762 solum
1245 1720 1467 1761 Christum
1501 1719 1597 1758 dili-

128 1807 252 1855 gunt,
267 1807 310 1841 et
328 1800 480 1840 dicunt
498 1813 597 1839 cum
616 1798 857 1851 Apostolo:
882 1798 1070 1849 “Itaque
1093 1810 1171 1835 nos
1191 1810 1248 1835 ex
1271 1795 1353 1834 hoc
1376 1794 1596 1833 neminem

131 1876 334 1916 novimus
376 1888 505 1927 super
536 1871 731 1913 terram.”
794 1871 938 1911 Amor
978 1871 1109 1923 igitur
1148 1870 1231 1909 Dei
1270 1881 1477 1920 magnam
1509 1867 1596 1906 vim

129 1950 267 1990 *habet
303 1949 359 1988 ad
403 1946 716 2000 expellendum
758 1959 808 1985 ac
850 1944 1172 1984 retundendum
1215 1943 1354 1982 carnis
1390 1954 1598 1990 amorem,

133 2024 251 2076 quod
281 2022 514 2062 confirmat
541 2021 860 2072 Hieronymus:
893 2015 1222 2069 “Philosophi‚”
1254 2015 1404 2068 inquit,
1430 2014 1599 2054 “seculi

133 2097 278 2137 solent
329 2108 524 2135 amorem
565 2100 757 2134 veterem
806 2106 954 2132 amore
1006 2091 1146 2144 primo
1187 2090 1255 2130 vel
1308 2103 1433 2138 novo,
1476 2088 1601 2141 quasi

134 2170 309 2211 clavum
332 2170 466 2217 clavo,
491 2167 739 2220 expellere;
767 2167 884 2218 quod
908 2171 952 2205 et
974 2164 1169 2204 Assuero
1192 2169 1360 2215 septem
1385 2163 1602 2215 principes

128 2245 274 2285 fecere
328 2244 570 2291 Persarum,
613 2248 660 2281 ut
696 2239 853 2280 Vasthi
906 2240 1067 2291 reginae
1110 2238 1373 2278 desiderium
1419 2236 1601 2276 aliarum

134 2318 379 2372 puellarum
422 2329 570 2356 amore
611 2319 948 2367 compescerent.
1035 2311 1102 2351 Illi
1135 2312 1290 2351 vitium
1322 2311 1428 2351 vitio
1466 2323 1603 2350 reme-

1330 2383 1344 2406 1
1407 2383 1605 2424 Carnalis

129 2392 322 2439 diantur,
355 2404 435 2430 nos
471 2402 622 2430 amore
652 2389 862 2428 virtutum
891 2386 997 2426 vitia
1029 2385 1319 2438 superamus.''

139 2465 356 2517 siquidem
401 2477 525 2504 amor
566 2462 743 2515 spiritus
786 2474 934 2501 amore
980 2465 1217 2512 superatur,
1256 2465 1299 2498 et
1340 2459 1604 2498 desiderium

130 2539 356 2579 desiderio
391 2538 683 2589 restinguitur.

227 2611 348 2651 Inter
389 2611 497 2651 alios
541 2624 644 2663 ergo
700 2608 989 2649 Eucharistiae
1040 2606 1273 2660 praeclaros
1319 2606 1498 2646 effectus
1541 2611 1607 2645 est

141 2685 373 2725 diminutio
396 2685 662 2737 cupiditatis,
681 2689 724 2723 et
742 2682 965 2722 charitatis
988 2681 1282 2734 amplificatio.
1320 2680 1408 2721 Sed
1432 2692 1607 2719 necesse

136 2765 209 2799 est
246 2759 339 2810 ejus
376 2772 503 2797 usum
541 2771 628 2797 non
667 2757 800 2796 modo
838 2769 932 2796 esse
969 2755 1253 2807 frequentem,
1287 2767 1436 2793 verum
1474 2753 1606 2792 etiam

139 2833 266 2885 pium
313 2837 448 2884 atque
491 2831 735 2881 devotum3
787 2843 889 2870 nam
931 2829 1037 2869 vitio
1089 2834 1238 2868 nostro
1290 2841 1407 2880 saepe
1458 2827 1518 2875 fit,
1562 2831 1610 2866 ut

673 2918 684 2937 ¹
710 2920 816 2960 Epist.
837 2920 878 2950 ad
903 2918 1084 2949 Rusticum.
