1903 3197
497 171 565 218 In
599 170 817 233 Regulus
850 167 1109 216 Modestz'oe.
1444 167 1542 224 603

186 415 252 446 DE
283 413 534 445 MODESTIA
565 411 785 444 MOTUUM
817 410 1159 450 GESTUUMQUE
1190 409 1438 441 CORPORIS.

173 504 261 546 Sed
293 504 386 557 jam
420 503 475 543 de
510 501 740 556 praeceptis
776 501 1079 553 singularibus,
1113 500 1322 552 quoniam
1358 499 1412 539 de
1450 498 1544 539 uni-

83 579 217 620 versis
258 578 463 626 diximus,
496 578 769 617 disseramus.
847 575 1040 614 Primum
1082 580 1230 614 autem
1274 578 1544 626 praeceptum

84 654 141 694 ad
173 653 329 706 capitis
360 651 537 705 regendi
572 650 785 690 rationem
818 648 1008 702 pertinet
1036 647 1168 700 juxta
1199 653 1288 687 ΞΜ.
1314 646 1543 699 Regulam.

445 875 506 911 IN
546 873 859 912 SECUNDAM
900 871 1190 910 REGULAM.

85 979 287 1021 “CAPUT
323 978 408 1019 huc
445 977 545 1018 illuc
587 977 738 1017 leviter
779 989 865 1016 non
908 973 1170 1015 moveatur.'’
1221 973 1422 1026 Quatuor
1466 971 1548 1013 hac

85 1055 236 1109 regula
276 1055 320 1094 in
356 1052 642 1106 gubernando
679 1051 822 1104 capite
863 1050 1183 1103 praecipiuntur.
1249 1049 1454 1096 Primum,
1493 1060 1548 1087 ne

86 1129 240 1170 leviter
280 1134 533 1168 moveatur:
576 1126 689 1178 quia,
731 1139 830 1165 cum
872 1114 929 1164 sit
968 1124 1157 1177 primum
1200 1129 1242 1163 et
1278 1123 1547 1176 praecipuum

86 1203 279 1257 corporis
314 1202 571 1250 membrum,
595 1200 734 1253 magis
763 1205 948 1253 apparet
977 1199 1019 1238 in
1043 1213 1094 1239 eo
1124 1198 1167 1238 id
1197 1198 1315 1250 quod
1352 1197 1548 1246 dedecet,

89 1291 224 1331 quam
261 1277 305 1316 in
343 1276 510 1316 caeteris
548 1274 764 1315 membris.
844 1273 1000 1326 Neque
1037 1273 1269 1325 quisquam
1306 1273 1371 1311 vir
1406 1272 1553 1324 gravis

87 1358 222 1404 caput
259 1350 383 1391 facile
420 1356 579 1398 movet,
609 1350 699 1389 sive
735 1349 839 1401 quid
877 1362 902 1388 a
937 1354 1060 1400 tergo
1096 1354 1282 1400 geratur,
1311 1347 1401 1386 sive
1439 1346 1547 1399 quid

86 1425 207 1479 loqui
254 1425 445 1478 coeperit.
528 1424 642 1465 Sunt
684 1424 800 1463 enim
842 1423 915 1475 qui
962 1423 1018 1462 ad
1066 1435 1242 1462 omnem
1290 1421 1550 1474 popularem

88 1501 333 1554 strepitum,
363 1504 440 1539 aut
461 1499 594 1539 etiam
624 1497 680 1538 ad
715 1497 858 1537 omnis
886 1510 1003 1536 aurae
1026 1496 1180 1536 flatum
1210 1502 1343 1548 caput
1364 1501 1556 1543 vertunt,

87 1575 132 1615 in
167 1589 255 1628 quo
291 1588 416 1615 suam
454 1573 648 1613 indicant
685 1572 918 1612 levitatem.
988 1570 1135 1623 Quare
1173 1570 1378 1611 Clemens
1410 1569 1553 1609 Alex-

88 1650 308 1698 andrinus,
334 1648 358 1689 1.
392 1659 441 1696 2.,
473 1648 646 1700 Paedag.
677 1661 710 1687 c.
741 1656 777 1698 7.
842 1646 947 1687 “Sit
979 1644 1163 1694 autem‚¹'
1194 1645 1347 1697 inquit,
1376 1644 1555 1697 “gravis

89 1737 265 1776 quoque
306 1728 521 1776 aspectus,
560 1721 748 1773 collique
788 1721 1026 1769 conversio,
1064 1733 1115 1759 ac
1157 1725 1303 1759 motus
1345 1719 1555 1758 honestus

89 1804 134 1838 et
180 1796 398 1837 decorus.”
476 1796 590 1837 Sunt
638 1796 770 1835 etiam
818 1795 891 1847 qui
944 1794 1055 1834 inter
1106 1793 1375 1846 loquendum
1423 1797 1556 1845 caput

91 1872 332 1912 identidem
364 1871 544 1924 agitent,
573 1870 628 1910 de
660 1883 747 1922 quo
781 1869 1099 1917 Bonaventura,
1131 1867 1255 1920 Spec.
1280 1868 1357 1907 dis.
1389 1881 1428 1920 p.
1459 1881 1491 1906 c.
1519 1877 1553 1912 2,

91 1946 176 1987 “Si
219 1945 303 1994 os,''
347 1945 500 1998 inquit,
540 1944 779 1997 “loquitur,
822 1949 954 1995 caput
1001 1956 1089 1982 non
1137 1943 1336 1994 agitetur.
1420 1941 1556 1981 Ratio

93 2027 184 2061 est:
235 2020 337 2073 quia
390 2025 456 2059 est
507 2018 772 2066 indecorum,
815 2017 848 2057 si
902 2030 1036 2056 unum
1086 2016 1331 2056 membrum
1378 2015 1556 2056 alterius

92 2102 271 2148 usurpet
321 2094 524 2142 officium,
577 2092 757 2145 ejusque
813 2091 1102 2131 ministerium
1155 2091 1220 2130 sui
1279 2090 1555 2130 admixtione

94 2168 371 2211 confundat.’'

182 2244 434 2286 Secundum
467 2242 586 2296 quod
628 2241 890 2295 praecipitur,
923 2246 1000 2290 est,
1043 2246 1090 2280 ut
1130 2245 1307 2292 geratur
1337 2245 1556 2279 erectum:

93 2327 189 2360 tum
212 2320 315 2372 quia
337 2318 562 2358 inclinatio
585 2317 741 2370 capitis
773 2315 969 2355 animum
993 2315 1213 2367 dejectum
1236 2314 1399 2354 indicat
1419 2329 1428 2364 3
1461 2320 1556 2353 tum

94 2394 197 2446 quia
226 2394 269 2433 id
299 2400 450 2434 contra
479 2398 682 2432 naturam
714 2396 788 2439 est,
814 2404 913 2443 quae
942 2403 991 2430 os
1023 2389 1189 2429 homini
1219 2388 1405 2429 sublime
1434 2388 1558 2428 dedit

94 2468 151 2508 ad
203 2481 360 2520 supera
410 2465 765 2519 contemplanda,
809 2478 897 2504 non
948 2470 1096 2504 autem
1149 2477 1248 2503 eum
1300 2463 1459 2515 abjecit
1500 2461 1558 2502 ad

93 2548 284 2595 pastum,
315 2547 364 2581 ut
396 2547 575 2581 caeteras
607 2541 874 2590 animantes3
904 2545 997 2579 tum
1032 2538 1134 2591 quia
1167 2537 1302 2577 nimia
1333 2537 1558 2577 inclinatio

94 2615 362 2669 hypocrisim
405 2616 558 2667 arguit,
596 2620 644 2654 ut
676 2613 895 2666 significat
928 2613 1187 2661 Bernardus,
1218 2611 1426 2651 Formula
1456 2610 1554 2650 hon.

95 2691 196 2739 vit.;
227 2696 324 2730 tum
353 2689 542 2741 denique
565 2688 668 2741 quia
698 2687 853 2727 eadem
888 2688 1032 2727 minus
1064 2687 1262 2739 speciosa
1296 2691 1372 2734 est,
1395 2685 1557 2724 minus-

95 2778 182 2818 que
232 2764 400 2804 decora.
482 2761 584 2815 Quo
626 2762 759 2802 etiam
812 2763 982 2802 accedit
1021 2760 1285 2801 valetudinis
1327 2760 1447 2809 ratio,
1488 2759 1557 2800 cui

95 2840 233 2879 noxia
258 2844 324 2879 est
345 2838 500 2891 capitis
529 2843 742 2890 perpetua
765 2836 982 2885 demissio,
1004 2841 1236 2888 propterea
1257 2834 1376 2887 quod
1402 2833 1558 2874 humo-

94 2927 162 2954 res
190 2913 316 2954 facile
345 2913 389 2952 in
418 2911 568 2952 oculos
598 2917 674 2951 aut
702 2911 746 2950 in
775 2917 930 2964 pectus
958 2909 1183 2950 defluunt:
1212 2914 1364 2950 contra
1385 2922 1498 2958 vero,
1520 2908 1557 2948 si
