1903 3197
236 154 331 211 678
566 149 646 194 De
679 147 868 193 ratione
899 144 1092 192 vivendi
1132 143 1394 190 Socz'etatz‘s.

236 286 427 337 factique
457 283 682 336 poeniteat,
707 296 762 322 ne
783 287 878 322 tum
908 280 1088 333 quidem
1121 279 1165 318 in
1197 291 1302 318 usus
1324 277 1507 317 fratrum
1540 277 1709 329 patitur

237 359 416 412 erogari.
480 357 600 410 Lege
622 357 760 396 fusius
783 356 956 409 Disput.
983 355 1196 406 Interrog.
1223 361 1287 403 51.

324 433 476 473 Tertia
527 438 603 480 est,
656 432 861 484 cogitare,
915 443 1048 483 quam
1101 428 1262 480 abjecti
1314 426 1371 466 sit
1421 425 1557 466 animi
1609 424 1707 465 aliis

239 508 487 549 clanculum
530 507 787 556 obtrectare,
825 512 869 546 et
906 506 948 545 in
987 504 1161 545 silentio
1199 501 1415 555 serpentis
1456 499 1708 540 insidiantis

238 597 360 623 more
393 582 602 622 mordere.
666 582 714 621 B.
739 581 879 621 Isaias
910 580 1027 620 Abb.
1053 593 1110 619 or.
1142 578 1218 618 16:
1249 580 1273 597 “
1291 576 1338 618 Si
1361 582 1406 616 te
1428 573 1708 616 obtrectandi

238 658 359 697 fratri
382 657 537 697 vitium
568 655 774 704 adoritur,
798 655 945 708 cogita
974 654 1093 702 illud,
1118 665 1252 706 quam
1283 651 1444 703 abjecti
1474 650 1532 690 sit
1561 648 1709 697 animi,

237 732 515 784 invisumque
538 731 648 779 Deo,
672 736 715 770 et
737 730 912 770 recedet
933 730 1012 769 abs
1033 727 1112 769 te.”

329 805 580 847 Utilitatem
623 804 717 856 ejus
758 804 924 844 indicat
967 802 1083 843 Eccl.
1128 813 1202 852 10.,
1237 801 1310 854 qui
1353 799 1546 853 serpenti
1589 811 1709 839 com-

237 887 365 934 parat
399 880 752 920 obtrectatorem.
818 878 904 919 “Si
942 876 1180 926 mordeat,’'
1223 875 1377 928 inquit,
1418 878 1632 926 “serpens
1663 873 1708 912 in

239 955 424 1003 silentio,
449 953 735 994 nihilominus
757 952 903 1001 habet,
927 952 1001 1005 qui
1025 951 1195 991 occulte
1216 949 1445 990 detrahit.”
1495 947 1711 1001 Serpente

240 1036 387 1069 autem
424 1029 497 1081 qui
534 1028 657 1068 humi
692 1027 815 1081 repit,
851 1026 925 1080 qui
959 1032 1157 1066 tortuose
1189 1025 1398 1078 graditur,
1434 1023 1508 1076 qui
1540 1035 1713 1063 venena

239 1104 361 1157 gerit,
416 1104 490 1156 qui
547 1109 709 1143 terram
762 1102 946 1150 mandit,
999 1101 1104 1154 quid
1168 1099 1295 1140 vilius
1358 1104 1435 1139 aut
1497 1096 1712 1149 abjectius

241 1179 485 1231 excogitari
528 1177 711 1231 potest?
793 1176 917 1218 Sicut
959 1176 1091 1229 igitur
1132 1175 1204 1215 ille
1245 1181 1407 1215 terram
1449 1172 1632 1221 mandit,
1670 1177 1714 1212 et

240 1253 363 1293 humi
397 1254 536 1306 repit;
571 1253 631 1292 sic
664 1252 944 1299 obtrectator,
968 1251 1087 1303 quod
1120 1250 1164 1290 in
1197 1249 1376 1290 homine
1407 1247 1609 1288 infimum
1632 1251 1712 1294 est,

241 1335 285 1369 et
336 1335 570 1376 terrenum,
613 1327 721 1367 vitia
772 1327 965 1379 inquam,
1023 1331 1067 1365 et
1123 1339 1223 1378 quae
1263 1324 1468 1364 vitiorum
1521 1321 1713 1375 speciem

242 1403 420 1453 habent,
443 1402 778 1456 quodammodo
810 1401 994 1449 mandit,
1017 1406 1061 1440 et
1093 1400 1137 1439 in
1169 1414 1244 1439 ore
1265 1398 1410 1439 volvit.
1475 1397 1535 1438 Et
1561 1408 1714 1449 quem-

242 1479 485 1518 admodum
529 1477 601 1517 ille
639 1483 863 1516 tortuosus
901 1475 1075 1523 incedit,
1113 1481 1161 1514 ut
1203 1488 1282 1514 sua
1319 1473 1506 1513 incautis
1541 1484 1715 1511 venena

243 1553 475 1593 infundat:
522 1553 584 1592 ita
619 1551 848 1599 malitiose,
884 1557 928 1591 et
962 1565 1019 1590 ex
1057 1549 1227 1589 insidiis
1264 1548 1486 1589 detractor
1526 1546 1629 1599 agit,
1668 1550 1717 1585 ut

243 1634 486 1668 venenatos
543 1626 697 1666 alienae
739 1626 841 1665 vitae
899 1638 1070 1664 morsus
1126 1623 1316 1676 infigat:
1367 1621 1547 1662 inchoat
1597 1619 1715 1660 enim

243 1702 465 1741 interdum
493 1701 548 1740 ab
578 1700 808 1740 hominum
832 1698 1233 1747 commendatione,
1256 1711 1344 1750 quo
1373 1696 1471 1750 plus
1501 1695 1583 1736 sibi
1606 1693 1716 1734 fides

243 1776 470 1824 habeatur,
494 1774 847 1828 persuadeatque
877 1788 923 1814 se
952 1787 1041 1814 non
1065 1773 1167 1814 odio
1190 1772 1431 1813 adductum
1461 1784 1514 1811 ea
1534 1770 1590 1810 de
1619 1768 1716 1810 aliis

244 1850 363 1890 mala
392 1862 752 1898 commemorare,
775 1862 873 1901 quae
904 1853 1064 1896 narrat,
1095 1847 1171 1887 sed
1200 1846 1397 1887 veritatis
1426 1858 1586 1885 amore.
1650 1843 1718 1884 Ut

244 1926 319 1978 qui
353 1925 458 1965 olim
491 1925 783 1964 detraxerunt
805 1930 931 1963 terrae
964 1922 1279 1976 promissionis,
1304 1921 1423 1974 prius
1455 1920 1539 1974 ipsi
1570 1932 1716 1972 coepe-

243 2006 345 2039 runt
378 2014 404 2039 a
437 1998 825 2039 commendatione
862 1998 1099 2038 fertilitatis
1133 1996 1236 2049 ejus.
1314 1996 1462 2044 Terra,
1498 1995 1713 2048 inquiunt,

244 2075 415 2127 optima
452 2080 529 2121 est,
568 2087 667 2126 quae
704 2086 853 2112 revera
893 2072 989 2112 fluit
1030 2071 1145 2111 lacte
1181 2077 1224 2111 et
1261 2069 1417 2119 melle3
1464 2069 1623 2110 deinde
1660 2067 1717 2108 ad

243 2149 563 2189 detractionem
598 2146 760 2187 sensim
793 2146 1013 2199 progressi
1046 2151 1160 2185 sunt.

333 2222 504 2276 Quarta
546 2229 624 2270 est,
668 2221 862 2274 cogitare
904 2235 983 2260 sua
1024 2225 1194 2260 attente
1235 2224 1427 2272 peccata.
1491 2218 1538 2257 B.
1563 2216 1716 2264 Isaias,

246 2298 319 2339 Or.
361 2298 444 2338 26:
477 2297 603 2350 “Qui
642 2296 816 2336 assidue
853 2301 1036 2348 peccata
1071 2308 1151 2334 sua
1187 2294 1364 2346 cogitat,
1397 2292 1595 2344 linguam
1627 2304 1716 2331 non

244 2373 389 2420 habet,
423 2385 511 2424 qua
541 2371 596 2411 de
628 2370 728 2410 ullo·
754 2369 934 2409 homine
967 2369 1101 2409 verba
1137 2366 1305 2408 faciat.'’
1388 2367 1448 2406 Et
1481 2365 1715 2414 Climacus,

245 2461 306 2501 gr.
345 2447 400 2487 de
443 2445 757 2486 Detractione:
796 2443 924 2496 “Qui
961 2443 1134 2491 celeres,
1173 2442 1448 2494 nimiumque
1481 2440 1718 2493 diligentes

247 2521 442 2575 proximi
476 2521 647 2573 judices
684 2525 798 2566 sunt,
834 2518 995 2558 idcirco
1032 2518 1076 2557 id
1113 2517 1350 2570 patiuntur,
1384 2515 1488 2568 quia
1519 2514 1719 2555 nondum

248 2603 532 2650 peccatorum
592 2607 771 2634 suorum
822 2591 973 2640 fixam,
1026 2605 1077 2632 ac
1139 2590 1380 2644 perfectam
1447 2589 1718 2637 memoriam,

249 2685 490 2723 curamque
522 2665 845 2721 susceperunt.’'
910 2666 1032 2719 Lege
1064 2679 1165 2719 quae
1197 2670 1449 2717 sequuntur,
1472 2678 1511 2717 p.
1541 2664 1632 2715 138.

339 2745 509 2798 Quinta
542 2750 619 2792 est,
643 2741 916 2796 perpendere
948 2754 1048 2794 quae
1081 2754 1213 2793 supra
1241 2744 1589 2780 commemorata
1620 2742 1724 2777 sunt

251 2820 370 2860 mala
388 2833 397 2869 ;
431 2818 676 2872 praesertim
699 2816 818 2864 illud,
841 2816 960 2868 quod
991 2814 1318 2854 inimicitiarum
1340 2819 1385 2853 et
1405 2812 1724 2852 discordiarum

251 2908 384 2935 causa
437 2899 514 2933 est.
606 2892 723 2932 Tum
780 2905 883 2931 vero
936 2890 1011 2930 illa
1062 2903 1162 2942 quae
1213 2893 1617 2929 commemorantur
1668 2886 1725 2927 ab
