1903 3197
264 182 359 226 286
571 179 669 224 ·De
701 178 891 225 ratione
924 178 1117 225 vivendi
1150 179 1411 226 Socz'etatz's.

351 311 620 365 Respondeo
659 312 864 360 secundo,
902 312 985 352 hoc
1027 313 1122 364 ipso
1160 312 1279 364 quod
1317 311 1423 352 vitia
1464 317 1508 351 et
1548 317 1731 364 peccata

256 386 553 439 disquirimus,
579 385 873 438 intelligimus,
897 400 954 426 ex
983 386 1079 438 ipsa
1113 385 1405 426 diminutione
1430 385 1534 434 vitii,
1560 391 1728 438 quanta

259 462 316 502 sit
353 460 409 501 ad
442 461 648 500 virtutem
687 460 804 500 facta
844 461 1100 513 progressio.
1167 460 1292 501 Sicut
1334 459 1450 499 enim
1492 459 1727 500 diminutio

258 535 524 588 cupiditatis,
568 533 947 586 quemadmodum
989 534 1269 587 Augustinus
1321 533 1393 581 ait,
1436 539 1725 585 augmentum

257 615 325 650 est
356 609 591 657 charitatis,
628 609 689 648 ita
723 614 766 648 et
798 607 868 648 hic
903 621 984 660 ego
1027 608 1217 648 dixerim
1257 607 1595 647 diminutionem
1633 606 1726 647 vitii

256 684 576 723 incrementum
606 696 700 722 esse
725 682 909 731 virtutis,
933 689 981 723 ut
1013 682 1249 722 diminutio
1279 682 1559 722 tenebrarum
1592 681 1729 721 incre-

256 764 456 798 mentum
510 756 617 796 lucis
659 762 735 804 est,
780 757 1014 797 diminutio
1061 757 1201 796 morbi
1249 757 1568 796 incrementum
1612 756 1728 795 sani-

253 832 386 880 tatis;
419 837 634 883 quantum
670 830 786 870 enim
821 830 877 870 de
912 831 1157 883 privatione
1190 831 1420 878 amittitur,
1459 835 1633 870 tantum
1672 829 1728 869 de

253 905 407 946 habitu
440 909 730 955 comparatur.
796 903 865 952 Et,
896 909 945 943 ut
976 904 1037 943 ait
1070 903 1344 944 Bernardus:
1379 903 1544 943 “Tolle
1576 916 1727 956 super-

252 978 352 1028 flua,
389 985 433 1018 et
465 977 657 1017 salubria
689 983 884 1029 surgunt,
921 976 1100 1017 utilitati
1138 977 1309 1016 accedit
1343 977 1558 1029 quidquid
1602 977 1725 1029 cupi-

252 1052 380 1092 ditati
415 1048 615 1090 de1nis.'‘1
677 1049 830 1102 Atque
859 1050 1020 1090 idcirco
1062 1050 1273 1091 virtutum
1305 1064 1356 1090 ac
1388 1049 1720 1091 benefactorum

252 1131 503 1165 nostrorum
546 1124 712 1164 mentio
755 1137 843 1164 non
885 1124 945 1173 fit,
987 1124 1065 1164 sed
1111 1130 1285 1164 tantum
1339 1129 1623 1176 peccatorum
1676 1138 1727 1165 ac

255 1197 485 1247 malorum,
528 1211 715 1251 quorum
757 1211 815 1237 ex
865 1211 1015 1251 pugna
1063 1204 1196 1251 atque
1238 1198 1431 1247 victoria,
1472 1197 1546 1238 illa
1598 1197 1725 1239 facile

254 1272 566 1324 intelliguntur.
632 1273 730 1312 Imo
769 1272 984 1312 malorum
1026 1278 1397 1325 peccatorumque
1431 1271 1724 1312 consideratio

253 1346 298 1385 in
331 1346 537 1386 examine
567 1345 623 1385 ad
659 1345 989 1386 benefactorum
1025 1346 1214 1386 fructum
1246 1346 1546 1399 virtutumque
1580 1346 1724 1399 primo

256 1433 308 1459 ac
336 1433 414 1472 per
442 1433 488 1459 se
518 1418 711 1459 refertur.

343 1493 612 1545 Respondeo
634 1493 776 1542 tertio,
806 1494 886 1533 etsi
919 1493 1037 1533 nulla
1059 1493 1260 1534 videatur
1282 1493 1372 1533 fieri
1395 1494 1562 1533 mentio
1584 1495 1726 1534 bono-

255 1580 351 1606 rum
375 1573 508 1618 atque
529 1567 753 1615 virtutum,
778 1581 829 1607 ea
851 1573 1002 1607 tamen
1035 1567 1177 1607 adhuc
1201 1568 1243 1607 in
1272 1567 1487 1619 judicium
1510 1568 1654 1607 vocari
1684 1573 1729 1607 et

254 1639 512 1680 examinari.
577 1639 695 1679 Nam
723 1641 765 1679 in
798 1646 1079 1692 peccatorum
1112 1653 1341 1680 numerum
1374 1641 1507 1680 etiam
1543 1654 1604 1690 ea,
1628 1654 1728 1692 quae

254 1714 298 1752 in
331 1712 572 1753 benefactis
601 1713 910 1765 delinquimus,
944 1713 1252 1762 includuntur;
1295 1714 1356 1753 ita
1384 1713 1562 1765 oblique
1591 1714 1724 1753 etiam

257 1786 492 1827 benefacta
514 1786 760 1839 probantur
781 1792 916 1838 atque
938 1787 1260 1839 expenduntur.

346 1860 553 1902 Secunda
585 1861 880 1913 interrogatio.
964 1860 1083 1913 Quid
1121 1861 1155 1900 si
1193 1860 1388 1900 admissa
1420 1861 1626 1913 praesenti
1656 1861 1728 1901 die

255 1942 441 1989 peccata
482 1935 602 1975 nulla
643 1935 740 1984 sint,
784 1941 861 1975 aut
898 1941 1014 1975 certe
1065 1949 1296 1987 perpauca,
1345 1934 1419 1974 ubi
1466 1934 1728 1975 adhibeatur

257 2009 490 2049 Examen?
526 2010 676 2049 Potest
699 2009 815 2048 enim
834 2014 959 2049 tanta
981 2009 1202 2048 interdum
1225 2009 1386 2048 mentis
1403 2021 1498 2048 esse
1515 2007 1727 2058 custodia,

254 2083 500 2136 praesertim
523 2097 622 2122 cum
658 2082 949 2123 §acrosancta
982 2082 1259 2122 Eucharistia
1281 2082 1352 2121 die
1378 2081 1490 2121 festo
1523 2087 1728 2134 suscepta

257 2162 334 2206 est,
368 2162 416 2196 ut
449 2156 492 2195 id
526 2157 748 2208 temporis,
773 2156 892 2208 quod
926 2156 981 2195 ad
1015 2154 1338 2195 discutiendum
1375 2167 1422 2194 se
1458 2153 1612 2193 datum
1648 2160 1726 2204 est,

255 2230 440 2269 materia
463 2230 682 2268 examinis
703 2229 779 2268 vix
803 2234 1022 2281 appareat.

347 2302 616 2354 Respondeo
640 2302 842 2354 primum,
861 2302 938 2341 vix
961 2301 1051 2341 fieri
1075 2315 1204 2354 posse
1223 2307 1270 2340 ut
1288 2301 1330 2340 in
1349 2301 1486 2350 dictis,
1506 2301 1573 2341 vel
1588 2301 1727 2352 factis,

255 2375 325 2416 vel
348 2376 552 2428 cogitatis
574 2376 723 2415 delicti
756 2376 921 2427 aliquid
950 2389 1171 2428 noxaeque
1204 2389 1290 2415 non
1323 2376 1578 2423 inveniatur,
1612 2389 1725 2428 prae-

257 2451 406 2491 sertim
426 2451 460 2490 si
479 2456 555 2490 aut
573 2451 862 2502 cogitationes
881 2451 1132 2499 innumerae,
1149 2455 1225 2489 aut
1247 2449 1420 2489 occulta
1437 2455 1628 2502 peccata,
1648 2455 1725 2490 aut

257 2525 451 2578 ipsorum
484 2524 813 2564 benefactorum
848 2525 913 2564 vis
945 2524 1209 2577 inspiciatur.
1294 2523 1596 2575 Cogitationes
1628 2524 1724 2575 qui-

254 2599 370 2648 dem,
396 2612 510 2648 nam,
544 2605 592 2638 ut
623 2599 684 2638 ait
712 2599 757 2638 B.
775 2598 1038 2650 Gregorius:
1087 2597 1237 2650 “Quis
1270 2597 1546 2637 considerare
1576 2597 1722 2638 valeat

257 2678 424 2725 quanta
446 2672 572 2721 mala,
597 2686 674 2724 per
698 2678 922 2711 momenta
947 2678 1209 2724 temporum,
1235 2671 1327 2724 ipsi,
1351 2671 1394 2710 in
1416 2671 1720 2711 constantibus

257 2746 577 2798 cogitationum
630 2746 834 2794 motibus,
877 2745 1211 2798 perpetramus?
1294 2745 1441 2785 Facile
1491 2750 1558 2785 est
1603 2745 1720 2785 enim

252 2833 388 2872 opera
410 2833 612 2873 perversa
634 2820 781 2868 vitare,
807 2820 882 2859 sed
913 2819 1043 2858 nimis
1066 2819 1241 2859 difficile
1263 2825 1329 2859 est
1355 2819 1410 2859 ab
1433 2818 1582 2859 illicita
1604 2819 1721 2871 cogi-

804 2907 815 2926 ¹
841 2909 882 2940 In
907 2901 1002 2940 Cant.
1025 2909 1093 2941 Ser.
1115 2908 1166 2948 98.
