1903 3197
564 111 645 159 De
676 117 803 158 recta
838 110 1109 158 intentione.
1478 123 1502 154 2
1512 123 1536 167 3
1550 123 1565 153 1

88 245 256 300 querit
297 246 490 293 domum,
524 247 602 284 aut
638 242 804 291 fratres,
837 247 913 282 aut
948 253 1128 290 sorores,
1164 245 1242 281 aut
1281 246 1464 294 patrem,
1498 245 1576 280 aut

101 325 311 366 .matrem,
355 323 431 358 aut
478 315 603 365 filios,
644 320 722 355 aut
771 327 900 367 agros
951 320 1130 366 propter
1179 326 1252 353 me
1302 319 1346 353 et
1395 318 1575 366 propter

94 391 403 445 evangelium,
447 389 521 441 qui
573 401 660 428 non
710 387 897 440 accipiat
943 387 1107 427 centies
1152 391 1338 437 tantum,
1370 400 1484 426 nunc
1531 387 1575 426 in

114 471 313 518 ternpore
348 460 489 505 hoc.’'1
551 460 833 514 Intelligebat
864 461 982 501 enim
1013 459 1213 500 homines
1244 459 1441 500 nondum
1476 474 1573 512 per-

113 539 262 587 fectos,
306 550 387 578 nec
435 534 712 589 perfectionis
763 534 844 574 iter
889 534 1120 586 ingressos,
1161 545 1301 585 egere,
1343 538 1571 584 tamquam

117 611 316 660 stimulis,
368 607 685 662 temporalibus
742 607 874 647 etiam
930 606 1211 659 praemiorum
1270 605 1575 646 incitamentis.

117 683 206 738 Qui
237 697 339 724 vero
376 682 432 723 ad
473 681 785 734 perfectionem
822 680 915 732 jam
957 684 1166 720 contento
1203 692 1330 719 cursu
1368 679 1575 727 nituntur,

118 772 192 799 eos
222 758 370 810 potius
401 755 596 795 excitare
627 759 804 794 aeternae
836 753 1148 806 expectatione
1181 752 1403 793 mercedis.

206 829 367 883 Quoad
399 828 586 869 tertium.
653 827 882 867 Hactenus
914 827 969 866 de
1003 826 1054 866 iis
1088 840 1186 879 quae
1228 831 1392 866 rectam
1435 826 1580 866 detor-

119 908 256 957 quent
306 901 626 949 intentionem3
671 900 924 952 Sequuntur
964 913 1016 940 ea
1053 913 1151 952 quae
1193 898 1342 940 valent
1381 899 1438 938 ad
1480 899 1581 938 diri-

119 975 321 1029 gendam.
359 974 426 1014 Ea
447 988 528 1014 sex
551 986 645 1013 esse
662 979 858 1025 possunt,
876 986 933 1012 ex
951 973 1093 1012 verbis
1113 972 1473 1021 Constitutionis;
1496 972 1579 1012 tria

119 1049 243 1102 quasi
266 1048 310 1088 in
333 1048 431 1087 Deo
442 1042 458 1097 3'
474 1046 659 1087 totidem
678 1046 1008 1098 quodammodo
1031 1051 1156 1086 extra
1178 1045 1336 1085 Deum.
1371 1045 1579 1094 Primum,

118 1121 238 1175 quod
268 1121 311 1160 in
345 1120 442 1160 Deo
472 1125 547 1168 est,
571 1119 704 1159 verbo
737 1117 810 1158 illo
842 1117 1112 1170 significatur
1142 1123 1320 1171 propter
1341 1131 1387 1157 se
1409 1118 1579 1170 ipsam:

121 1195 219 1236 “Ut
241 1192 465 1243 serviant,”
490 1193 641 1245 inquit,
665 1194 738 1232 “et
766 1191 969 1244 placeant
990 1192 1148 1231 divinae
1181 1191 1378 1240 bonitati,
1401 1197 1580 1243 propter

121 1282 167 1308 se
189 1266 381 1320 ipsam’';
411 1279 570 1318 nempe
591 1271 771 1318 propter
791 1277 882 1304 rem
906 1264 1215 1304 subsistentem
1240 1278 1289 1304 ac
1311 1263 1509 1312 solidam,
1528 1276 1583 1304 ne

122 1340 268 1381 inania
291 1345 424 1391 atque
453 1337 624 1378 inutilia
645 1338 732 1378 sint
752 1350 886 1390 opera
909 1343 1082 1386 nostra;
1115 1336 1262 1389 qualia
1283 1336 1379 1384 sint,
1404 1350 1582 1376 necesse

122 1419 199 1463 est,
216 1413 251 1454 si
273 1417 495 1466 ponantur
516 1412 559 1451 in
582 1424 627 1450 re
649 1410 830 1450 minime
850 1409 1127 1458 subsistente,
1143 1409 1411 1460 minimeque
1432 1409 1584 1458 solida,

124 1487 372 1540 cujusmodi
408 1491 512 1525 sunt
548 1490 695 1524 creata
726 1483 887 1533 omnia,
920 1489 964 1523 et
995 1482 1209 1535 quidquid
1242 1487 1401 1535 praeter
1437 1482 1583 1522 Deum

93 1587 97 1591 ·
123 1567 199 1601 est.
263 1560 385 1600 Deus
417 1559 533 1598 enim
562 1571 640 1597 sua
662 1557 704 1597 vi
733 1557 940 1605 subsistit,
965 1562 1009 1596 et
1037 1557 1093 1596 ab
1122 1569 1174 1595 eo
1203 1561 1361 1596 caetera
1390 1556 1586 1607 pendent

124 1634 284 1683 omnia,
318 1634 410 1673 sive
441 1638 490 1672 ut
523 1644 617 1671 esse
649 1631 872 1683 incipiant,
899 1629 989 1669 sive
1021 1634 1069 1668 ut
1100 1641 1195 1668 esse
1226 1634 1420 1681 pergant.
1484 1626 1584 1679 Qui,

125 1721 226 1748 cum
262 1707 403 1747 bonus
437 1706 504 1753 sit,
538 1705 627 1744 imo
664 1704 758 1756 ipsa
794 1703 978 1752 bonitas,
1001 1701 1326 1742 communicare
1357 1701 1583 1741 nobiscum

125 1785 274 1835 potest
307 1778 522 1832 quidquid
564 1782 717 1830 optare
759 1781 835 1816 aut
875 1775 1068 1827 cogitare
1109 1788 1372 1827 possumus;
1419 1774 1584 1814 bonum

127 1854 244 1894 enim
268 1858 333 1893 est
365 1851 781 1892 communicativum
813 1849 879 1888 sui
910 1849 1055 1901 ipsius.
1096 1848 1213 1900 Ergo
1236 1848 1270 1887 si
1293 1847 1377 1887 alio
1400 1846 1587 1887 referan-

94 1944 97 1945 ’
124 1934 196 1968 tur
229 1926 423 1966 actiones
456 1930 628 1973 nostrae,
660 1922 925 1962 inanissimae
958 1921 1251 1974 reperientur3
1292 1921 1394 1973 quia
1428 1926 1587 1972 praeter

127 2001 274 2040 Deum
312 1998 419 2038 nihil
461 2003 528 2037 est
569 1996 687 2048 quod
724 1996 765 2035 vi
807 2009 885 2035 sua
927 2000 1123 2047 nutuque
1164 1995 1383 2043 subsistat,
1417 1994 1586 2046 sibique

127 2072 209 2125 ipsi
251 2072 356 2111 satis
393 2071 461 2119 sit,
496 2075 539 2109 et
576 2069 693 2108 unde
729 2073 888 2108 caetera
924 2080 1017 2107 esse
1054 2067 1274 2118 incipiant.
1336 2067 1586 2119 Tripliciter

125 2150 275 2185 autem
317 2142 557 2183 inanissimi
608 2147 711 2181 sunt
752 2141 922 2180 labores
964 2140 1111 2187 nostri,
1154 2139 1234 2178 nisi
1281 2140 1369 2179 sint
1409 2145 1588 2192 propter

129 2218 302 2258 Deum:
339 2223 392 2265 10,
415 2217 518 2268 quia
549 2215 705 2255 merito
730 2214 882 2262 vacui;
916 2219 973 2262 20,
997 2213 1101 2265 quia
1129 2213 1222 2252 sine
1255 2213 1436 2265 praemio
1468 2213 1587 2264 quod

127 2290 283 2330 merito
320 2288 585 2341 respondet;
626 2293 681 2337 30,
713 2287 815 2339 quia
852 2287 945 2326 sine
981 2285 1146 2325 honore
1188 2285 1364 2338 ulloque
1400 2286 1586 2326 honesto

127 2363 261 2411 exitu,
286 2369 333 2402 ut
362 2375 470 2401 mox
503 2360 836 2413 explicabimus.

220 2442 272 2475 10.
305 2435 446 2475 Vacui
484 2440 585 2473 sunt
623 2434 789 2481 merito,
826 2433 929 2484 quia
965 2432 1056 2471 sine
1092 2431 1304 2472 charitate
1341 2438 1452 2480 sunt,
1488 2446 1586 2484 quae

129 2508 258 2548 radix
291 2513 356 2548 est
378 2508 545 2555 meriti;
579 2506 765 2546 charitas
788 2506 903 2545 enim
936 2519 1023 2545 non
1056 2506 1213 2557 quaerit
1235 2518 1332 2557 quae
1364 2519 1442 2546 sua
1473 2512 1586 2555 sunt,

132 2579 207 2620 sed
245 2593 344 2632 quae
374 2580 478 2631 Jesu
518 2579 691 2620 Christi.
767 2578 834 2618 At
875 2579 1045 2619 labores
1087 2578 1156 2618 isti
1194 2591 1282 2618 non
1319 2578 1477 2626 Deum,
1510 2578 1586 2618 sed

106 2697 112 2702 ..
130 2654 355 2707 proprium
387 2658 587 2705 spectant
618 2652 966 2692 emolumentum
999 2657 1042 2691 et
1072 2652 1360 2705 temporalem
1393 2652 1585 2703 gloriam.

134 2726 195 2766 Et
235 2727 290 2766 de
330 2725 397 2765 his
438 2726 595 2765 dicitur
634 2739 711 2778 per
747 2726 995 2777 Aggaeum:
1045 2725 1194 2765 “Haec
1226 2725 1330 2765 dicit
1372 2725 1590 2765 Dominus

762 2811 774 2831 ¹
799 2813 884 2844 Mar.
909 2821 957 2844 10.
