1903 3197
319 194 410 238 194
637 180 714 226 De
747 181 936 227 ratione
970 181 1163 227 vivendi
1197 181 1454 227 Sbcl'clatz's.

312 318 355 353 et
386 312 679 365 periculosum
712 314 779 362 sit,
805 321 848 355 et
879 315 990 355 vires
1024 314 1158 355 animi
1194 313 1328 354 nostri
1363 313 1605 353 admodum
1642 313 1779 355 imbe-

312 385 435 436 cillae,
460 393 502 427 et
524 393 717 428 tentator
748 389 840 441 ipse
863 388 1065 429 diabolus
1095 388 1356 429 nominatim
1386 387 1690 440 paratissimus
1721 388 1779 428 sit

312 459 368 499 ad
401 461 648 513 perdendas
686 463 864 512 animas,
899 463 1256 514 inducendasque
1294 462 1336 501 in
1370 461 1635 501 tentationes
1669 461 1780 502 tales

313 534 430 574 unde
453 535 538 575 illae
562 550 648 576 non
682 538 851 589 possint
874 551 1107 589 emergere,
1132 536 1390 588 relinquitur
1417 535 1661 575 maximam
1685 548 1780 575 esse

311 610 580 650 tentationes
617 612 840 651 avertendi
885 612 1201 651 necessitatem.
1270 608 1401 662 Quod
1446 609 1638 650 secundo
1682 608 1780 650 loco

312 684 588 737 propositum
622 691 723 725 erat.
1278 683 1281 686 ⁴

557 872 582 927 ξ
616 883 886 924 3.—‹3UOAD
921 883 1104 913 MODUM
1140 882 1545 913 AN'slssYLR's1=;N1){.

401 972 489 1013 Sed
520 987 655 1025 quum
686 979 729 1012 et
758 974 1024 1013 tentationes
1060 974 1101 1012 in
1137 972 1218 1012 hac
1249 972 1338 1012 vita
1367 973 1492 1012 vitari
1526 986 1613 1012 non
1650 985 1777 1024 posse

311 1047 541 1086 docuimus
564 1054 606 1087 et
636 1061 708 1087 eas
731 1048 1031 1087 antevertendi
1065 1046 1383 1096 necessitatem,
1410 1051 1543 1086 restat
1573 1051 1631 1093 ut,
1656 1046 1775 1098 quod

309 1122 439 1161 tertio
491 1121 587 1161 1060
638 1122 913 1175 propositum
957 1128 1059 1165 erat.
1105 1122 1202 1174 quis
1254 1121 1308 1161 sit
1352 1135 1423 1161 eas
1471 1119 1774 1161 antevertendi

311 1194 481 1244 modus,
513 1210 570 1235 ex
601 1195 756 1235 eadem
784 1195 932 1248 regula
955 1195 1143 1235 breviter
1165 1194 1448 1248 explicemus.
1514 1195 1595 1234 Est
1627 1199 1775 1234 autem

310 1269 346 1308 :is
390 1269 548 1309 modus
591 1284 722 1323 quem
767 1271 917 1322 regula
968 1270 1064 1323 ipsa
1109 1270 1345 1323 praesentit,
1391 1276 1439 1309 ut
1480 1269 1775 1309 tentationum

312 1343 529 1383 contraria
552 1343 845 1384 adhibeantur
866 1358 873 1384 :
905 1358 997 1397 vg„
1022 1344 1056 1384 si
1080 1344 1176 1396 quis
1205 1344 1528 1384 animadvertat
1551 1343 1606 1383 ad
1629 1356 1778 1396 super-

311 1416 431 1457 biam
455 1432 501 1457 se
524 1432 617 1458 esse
640 1432 919 1472 propensum,
945 1424 1149 1458 exerceat
1171 1432 1217 1458 se
1240 1419 1282 1457 in
1306 1418 1432 1458 rebus
1457 1417 1781 1470 abjectioribus,

313 1504 414 1543 quae
456 1492 511 1532 ad
555 1494 845 1546 premendum
885 1492 1046 1533 fastum
1084 1498 1391 1545 tumoremque
1428 1493 1704 1545 pertineant;
1737 1497 1781 1532 et

312 1565 504 1619 idipsum
529 1568 583 1607 de
605 1566 700 1607 aliis
723 1568 866 1620 pravis
889 1567 1048 1607 animae
1071 1567 1436 1620 propensionibus
1459 1566 1738 1619 intelligatur.

402 1641 505 1681 Duo
539 1647 687 1681 autem
725 1641 794 1681 hic
824 1654 1032 1694 agemus:
1064 1641 1266 1694 primum,
1301 1641 1565 1694 quibusdam
1599 1641 1781 1693 objecti-

314 1714 471 1754 onibus
503 1729 808 1763 occurremus;
854 1715 1025 1763 deinde,
1059 1729 1147 1767 quo
1178 1715 1346 1755 facilius
1378 1715 1643 1768 percipiatur
1674 1728 1781 1767 quo-

314 1788 448 1828 modo
490 1789 809 1829 tentationibus
852 1788 1028 1828 obviam
1072 1789 1263 1828 eundum
1317 1789 1371 1829 sit
1423 1802 1501 1842 per
1551 1789 1779 1837 contraria,

311 1862 500 1902 breviter
532 1863 834 1903 indicabimus.

571 2022 819 2056 omum-snum
860 2021 1186 2056 OBJsseTioNfflcs
1226 2021 1515 2048 OCCURREMUS.

402 2098 605 2152 Quatuor
626 2098 757 2150 objici
781 2103 965 2150 possunt
989 2098 1031 2136 in
1053 2096 1135 2137 hac
1158 2096 1327 2149 regula:
1356 2103 1399 2136 et
1429 2103 1469 2135 11Ι
1494 2096 1698 2149 Objectio
1724 2096 1780 2136 sit

316 2186 391 2212 cur
414 2172 457 2212 P.
476 2173 686 2224 Ignatius,
711 2185 811 2211 cum
835 2171 959 2211 initio
983 2170 1144 2223 regulae
1167 2171 1434 2211 tentationes
1457 2169 1649 2223 appellet
1671 2183 1780 2223 quas

316 2245 656 2286 antevertendas
690 2259 783 2285 esse
818 2258 896 2284 nos
935 2249 1095 2289 monet,
1130 2250 1283 2296 postea
1319 2245 1360 2284 in
1393 2250 1595 2285 extrema
1621 2243 1780 2297 regula,

316 2332 416 2361 cum
452 2320 507 2359 de
544 2319 770 2359 contrariis
812 2318 1014 2371 loquitur,
1052 2332 1102 2358 ea
1144 2319 1343 2358 nominat
1378 2332 1477 2371 quze
1514 2320 1781 2359 tentationes

318 2406 406 2434 non
446 2398 557 2440 sunt,
601 2393 677 2432 sed
720 2393 1046 2445 propensiones,
1087 2392 1182 2432 “Et
1224 2391 1320 2436 sic.''
1365 2393 1517 2445 inquit,
1554 2393 1645 2432 “de
1686 2391 1782 2432 aliis

317 2468 477 2508 animae
509 2467 653 2520 pravis
685 2465 1087 2520 propensionibus.''
1132 2466 1250 2506 Nam
1280 2481 1426 2519 pravae
1451 2467 1779 2519 propensioneS,

318 2547 366 2582 ut
400 2542 455 2581 ad
494 2541 743 2594 superbiam
776 2540 844 2580 vel
878 2540 1154 2593 voluptatem
1192 2554 1286 2580 esse
1322 2554 1603 2593 propensum,
1640 2545 1780 2580 tenta-

316 2615 459 2656 tiones
489 2628 577 2655 non
608 2621 719 2663 sunt,
752 2620 898 2667 potest
933 2615 1049 2653 enim
1083 2614 1179 2666 quis
1210 2614 1264 2654 ad
1296 2627 1368 2654 eas
1397 2627 1490 2654 esse
1523 2627 1777 2667 propensus,

315 2696 465 2730 tamen
489 2688 607 2728 nulla
629 2689 872 2728 tentatione
894 2688 1067 2741 pulsari.
1125 2688 1402 2741 Respondeo.
1462 2688 1779 2741 Propensiones

316 2777 391 2804 seu
428 2762 723 2816 proclivitates
758 2763 812 2802 ad
848 2762 964 2809 vitia,
1000 2761 1100 2802 licet
1134 2763 1400 2802 tentationes
1426 2776 1526 2802 vere
1560 2776 1647 2802 non
1682 2762 1777 2809 sint,

315 2843 418 2879 sunt
455 2843 604 2877 tamen
647 2850 844 2890 persaepe
885 2849 1016 2875 causa
1053 2836 1348 2876 tentationum
1391 2843 1433 2877 et
1470 2835 1588 2876 velut
1630 2848 1778 2876 earum

312 2911 470 2964 januae‚
522 2925 601 2965 per
641 2925 749 2964 quas
801 2909 886 2950 illae
939 2909 1268 2962 ingrediuntur:
1316 2911 1475 2963 partim
1528 2910 1631 2962 quia
1681 2922 1780 2962 pro-
