1903 3197
274 169 290 199 1
304 170 365 213 24
592 156 673 202 De
706 156 896 202 ratione
930 156 1126 203 vivendi
1160 157 1418 206 Socz‘elatz's.

355 287 443 327 Hic
484 288 638 328 tertius
688 289 850 341 gradus
899 289 1092 342 exigitur
1132 305 1158 331 a
1199 291 1354 331 nobis:
1398 297 1441 331 et
1482 296 1733 332 sanctorum

261 361 453 401 virorum
486 367 563 410 est,
598 368 646 402 ut
678 363 796 415 apud
843 363 1090 404 Climacum
1134 365 1303 413 Isidori,
1337 365 1411 417 qui
1453 365 1732 417 septennium

263 436 407 488 ipsum
450 436 505 476 ad
544 436 727 489 januam
765 438 966 490 quotidie
1003 438 1184 478 fratrum
1223 439 1419 491 genibus,
1458 438 1514 478 ab
1550 438 1736 479 Abbate

260 510 418 563 jussus,
452 511 839 564 provolvebatur31
878 519 920 552 et
954 512 1204 553 Macedonii
1237 513 1362 565 cujus
1396 518 1499 552 ante
1533 513 1735 553 memini-

263 598 372 634 mus,
397 586 482 637 qui,
502 585 648 637 jussus
679 587 722 626 in
753 586 904 626 infimo
935 587 1236 639 incipientium
1261 587 1413 627 ordine
1435 587 1729 640 quadraginta

262 659 432 700 dierum
474 660 665 712 spatium
709 661 959 709 consistere,
1003 674 1090 700 non
1133 660 1275 700 solum
1321 661 1364 701 id
1407 675 1552 714 poenae
1593 674 1732 714 genus

264 733 470 786 explevit,
494 734 571 774 sed
601 748 700 774 cum
734 735 901 774 restitui
929 735 971 774 in
1001 735 1232 787 pristinum
1265 736 1451 787 gradum
1483 750 1530 775 se
1555 735 1736 785 videret,

264 808 464 848 exoravit
505 808 734 848 Abbatem
778 814 826 848 ut
868 809 910 848 in
955 809 1109 849 eadem
1154 809 1234 849 sibi
1287 809 1435 850 liceret
1478 810 1731 863 ignominiae

263 882 512 923 humilitate
565 884 806 936 persistere.
888 883 1040 935 Atque
1092 883 1162 924 hic
1218 889 1282 923 est
1337 884 1495 924 modus
1552 884 1734 937 suscipi-

263 956 388 996 endae
441 971 596 1009 poenze,
651 970 784 1009 quam
841 957 884 996 in
938 957 1338 997 Constitutionibus
1394 963 1542 997 noster
1593 958 1733 1011 exigit

265 1030 403 1071 Pater.
469 1030 677 1082 Sequitur
718 1036 776 1078 ut,
812 1037 978 1081 quanto
1021 1031 1108 1070 sint
1149 1031 1479 1083 praestantiores
1514 1032 1733 1083 imposita:

263 1118 407 1157 poenae
461 1118 593 1156 quam
648 1109 811 1156 sponte
860 1110 1088 1156 susceptat,
1138 1104 1271 1157 paulo
1329 1104 1526 1157 pluribus
1584 1106 1736 1158 dispu-

265 1184 420 1217 temus.

352 1252 516 1291 Beatus
547 1251 814 1300 FranciscuS,
844 1251 947 1303 Jesu
984 1251 1143 1292 Christi
1177 1266 1303 1292 verus
1336 1252 1542 1300 imitator,
1577 1252 1732 1293 solitus

265 1331 330 1365 est
362 1340 462 1365 eum
495 1325 716 1378 appellare
749 1326 939 1374 beatum,
965 1327 1037 1378 qui
1072 1326 1361 1378 disciplinam,
1394 1327 1735 1373 accusationem,

265 1405 308 1440 et
350 1400 731 1453 reprehensionem
770 1401 829 1440 ita
866 1401 1085 1453 patienter
1122 1401 1177 1440 ab
1213 1400 1361 1453 aliquo
1399 1401 1595 1449 sustinet,
1624 1407 1671 1441 ut
1709 1416 1734 1441 a

265 1475 512 1526 semetipso.
579 1474 863 1526 Intelligebat
893 1475 1009 1513 enim
1038 1473 1150 1514 hanc
1182 1474 1440 1526 patientiam
1470 1476 1617 1527 magni
1642 1489 1735 1515 esse

265 1548 422 1597 meriti,
458 1549 757 1600 maximaeque
792 1548 1004 1588 utilitatis.
1069 1548 1129 1588 Et
1164 1562 1241 1588 nos
1281 1548 1454 1588 duobus
1491 1549 1557 1588 his
1596 1549 1736 1588 nomi-

265 1622 393 1662 nibus
425 1622 709 1662 ostendemus
742 1636 896 1674 poenas
929 1622 1159 1675 impositas
1190 1623 1334 1675 poenis
1367 1622 1480 1662 ultro
1517 1623 1732 1675 susceptis

265 1696 397 1749 longe
419 1702 652 1749 przestare:
688 1696 881 1735 Primum
913 1697 1015 1748 quia
1045 1696 1142 1749 plus
1177 1696 1275 1736 Deo
1296 1696 1500 1737 videntur
1528 1702 1734 1750 accepta),

266 1771 498 1823 meritique
529 1771 706 1823 majoris
736 1784 855 1810 esse:
891 1771 1064 1810 Deinde
1087 1771 1188 1822 quia
1218 1771 1317 1823 plus
1345 1770 1510 1810 habent
1534 1771 1735 1811 utilitatis

265 1858 316 1884 ac
343 1844 517 1884 fructus.

356 1918 518 1971 Quoad
560 1919 762 1971 primum.
828 1918 967 1957 Pluris
1003 1931 1096 1958 esse
1132 1918 1272 1958 meriti
1308 1918 1461 1970 conjici
1497 1925 1644 1972 potest
1678 1933 1735 1959 ex

267 1992 523 2033 difficultate
546 2007 679 2045 quam
703 1993 745 2032 in
769 1992 1007 2032 subeundis
1031 1993 1283 2045 experimur
1312 1993 1537 2045 impositis.
1583 1993 1734 2046 Quan-

271 2081 403 2120 quam
447 2068 563 2107 enim
613 2081 700 2107 non
743 2067 902 2115 omnia,
947 2080 1045 2118 quae
1088 2066 1331 2106 difficiliora
1374 2073 1485 2116 sunt,
1530 2067 1737 2107 continuo

273 2142 414 2181 meriti
438 2141 616 2192 majoris
639 2140 937 2180 existimanda
960 2146 1061 2179 sunt
1080 2155 1088 2189 ;
1121 2146 1281 2189 tamen,
1301 2140 1403 2192 quia
1426 2141 1469 2179 in
1492 2142 1740 2193 superanda

271 2213 530 2254 difficultate
562 2213 749 2253 charitas
782 2213 923 2253 elucet
956 2213 1162 2259 maxime,
1191 2227 1290 2266 quae
1324 2214 1450 2254 radix
1484 2220 1549 2254 est
1581 2215 1738 2264 meriti,

269 2287 429 2328 idcirco
467 2301 565 2339 quse
598 2293 701 2327 sunt
733 2288 874 2340 magis
903 2288 1051 2335 ardua,
1082 2301 1133 2327 ea
1171 2287 1428 2340 plerumque
1461 2288 1603 2328 meriti
1635 2294 1737 2329 sunt

269 2361 446 2414 majoris
484 2363 665 2402 occasio.
750 2362 958 2414 Quinque
995 2367 1143 2401 autem
1181 2366 1281 2401 sunt
1317 2375 1415 2414 quae
1458 2376 1613 2415 poenas
1654 2362 1734 2402 im-

267 2437 434 2488 positas
457 2436 653 2476 difficiles
682 2450 891 2489 perpessu
915 2436 1089 2485 faciant,
1115 2441 1158 2475 et
1180 2435 1442 2477 difficiliores
1466 2450 1597 2488 quam
1622 2436 1736 2476 ultro

268 2516 504 2563 susceptas.

364 2589 416 2624 10.
471 2583 693 2637 Quoniam
747 2583 964 2636 impositae
1017 2596 1105 2623 non
1158 2583 1291 2623 modo
1342 2588 1494 2623 contra
1549 2597 1737 2632 sensum,

271 2671 422 2698 verum
457 2657 590 2698 etiam
626 2664 777 2697 contra
812 2657 1099 2705 voluntatem,
1131 2662 1208 2696 aut
1245 2663 1360 2697 certe
1396 2662 1557 2710 praeter
1585 2657 1739 2697 volun-

271 2737 410 2772 tatem
433 2730 521 2771 fere
542 2736 670 2772 sunt:
701 2744 845 2784 poenae
868 2744 970 2770 vero
1002 2729 1116 2770 ultro
1145 2736 1359 2783 susceptae
1383 2731 1480 2770 unis
1503 2730 1741 2771 dumtaxat

274 2806 474 2847 sensibus
495 2806 792 2855 adversantur,
814 2804 1031 2845 voluntati
1062 2817 1149 2844 non
1178 2805 1306 2855 item;
1339 2818 1437 2857 quae
1467 2810 1615 2846 autem
1639 2818 1740 2845 con-

914 2892 926 2912 1
951 2892 1053 2925 Grad.
1071 2901 1103 2933 4.
