1903 3197
309 203 406 248 602
637 198 717 244 De
749 198 941 244 ratione
973 195 1167 243 vivendi
1200 193 1465 242 Socz'etatz‘s.

314 334 389 388 qui
428 347 515 374 non
547 332 690 373 solum
722 331 917 379 cavebat,
951 343 1004 370 ne
1036 329 1257 369 videretur
1292 327 1348 368 ab
1385 326 1482 375 alio,
1514 325 1592 366 sed
1632 338 1687 366 ne
1718 339 1786 366 se-

317 409 462 464 ipsum
494 407 673 461 quidem
698 406 880 447 videbat
911 404 1089 446 nudum.

406 483 632 524 Tertium:
676 480 941 521 Reverentia
977 479 1178 533 perennis
1215 491 1266 518 ac
1303 476 1532 517 continens
1568 481 1662 516 tum
1701 475 1786 516 Dei

319 558 490 612 Optimi
524 557 712 597 Maximi
742 563 836 597 tum
859 554 1162 608 Angelorum:
1195 565 1298 593 nam
1329 557 1562 605 propterea
1591 551 1788 590 diximus

320 633 406 674 dici
441 634 483 673 in
516 632 753 685 Scriptura,
785 630 988 671 timorem
1027 629 1208 669 Domini
1249 626 1382 667 finem
1418 639 1512 666 esse
1546 624 1790 674 modestiae,

321 708 424 762 quia
458 708 531 761 qui
571 707 717 747 Deum
752 706 889 753 timet,
920 718 971 744 ac
1008 709 1236 751 reveretur,
1268 706 1439 742 coercet
1473 701 1607 740 etiam
1642 705 1788 739 motus

320 783 573 831 exteriores,
608 787 656 821 ut
693 786 815 834 patet
857 780 900 818 in
937 778 1023 830 Job
1060 791 1201 830 supra.
1283 776 1432 829 Quare
1468 775 1524 815 ad
1567 775 1611 814 id
1653 774 1788 814 etiam

322 871 403 897 nos
444 856 644 896 hortatur
686 855 1015 894 Bonaventura:
1043 851 1234 892 “Sancti
1266 849 1467 904 Angeli,’'
1501 849 1654 902 inquit,
1678 847 1790 901 “qui

322 931 553 972 nobiscum
595 935 707 976 sunt,
741 941 914 980 semper
948 926 1099 966 vident
1136 926 1286 966 omnia
1326 938 1460 978 opera
1501 929 1649 964 nostra
1691 935 1792 976 quae

322 1006 518 1054 facimus,
545 1017 731 1057 quorum
766 1007 970 1055 aspectus
1003 1000 1216 1040 debemus
1250 1000 1402 1051 utique
1429 998 1577 1047 vereri,
1605 1004 1648 1038 et
1680 1011 1792 1051 prae-

324 1080 512 1120 sentiam
556 1078 760 1118 revereri:
792 1077 913 1116 videt
950 1089 1030 1115 nos
1073 1075 1205 1114 etiarn
1249 1074 1343 1126 ipse
1392 1072 1526 1120 Deus,
1570 1078 1613 1112 et
1650 1071 1792 1124 judex

323 1160 473 1195 noster
489 1169 498 1205 ;
514 1152 533 1168 ''
557 1158 789 1206 propterea
821 1151 937 1191 idem
960 1150 1054 1190 vult
1088 1163 1139 1189 ea
1174 1162 1253 1188 nos
1282 1161 1455 1201 semper
1476 1148 1539 1187 uti
1563 1146 1792 1195 modestia,

323 1243 377 1270 ac
407 1229 443 1268 si
475 1242 501 1268 a
532 1228 693 1268 devota
725 1226 922 1266 oratione
958 1224 1271 1264 recederemus.

415 1303 474 1343 Et
497 1301 761 1349 Dorotheus,
787 1300 876 1341 Ser.
903 1310 966 1340 20.
1003 1298 1153 1339 “Cum
1176 1304 1219 1338 te
1243 1297 1378 1350 quieti
1411 1296 1558 1346 tradis,
1583 1294 1797 1345 modeste,

325 1378 481 1426 sobrie,
513 1376 802 1429 religioseque
838 1381 882 1415 te
914 1387 1051 1427 geras,
1088 1386 1142 1412 ne
1178 1372 1409 1412 custodem
1446 1370 1685 1423 Angelum,
1718 1369 1795 1422 qui

325 1453 440 1493 circa
480 1457 525 1492 te
565 1450 727 1504 vigilat,
766 1448 974 1498 offendas,
1014 1462 1064 1488 ac
1101 1446 1301 1487 recedere
1334 1444 1502 1498 cogas.'’
1566 1445 1625 1484 Et
1656 1443 1797 1484 infra:

325 1525 584 1566 “Venerare
613 1524 840 1577 Angelum
875 1530 1001 1563 tuum
1037 1523 1079 1562 111
1115 1522 1319 1562 omnibus
1353 1520 1599 1561 actionibus
1633 1517 1754 1559 tuis.'’

415 1600 475 1640 Et
506 1600 631 1640 Isaac
665 1598 813 1652 Syrus,
838 1612 870 1639 c.
893 1607 959 1649 45.
1015 1596 1166 1637 “Cum
1189 1596 1427 1636 sobrietate
1461 1595 1517 1635 ad
1553 1592 1798 1634 necessaria

326 1681 402 1716 tua
445 1674 662 1728 egredere,
705 1674 817 1714 sicut
857 1672 1156 1713 verecundans
1200 1671 1476 1711 custodiente
1517 1676 1560 1710 te
1604 1667 1796 1722 Angelo,

325 1755 370 1790 et
404 1749 607 1789 timorem
643 1748 727 1788 Dei
765 1747 959 1801 perfice.''
1024 1746 1284 1793 Bernardus,
1321 1745 1376 1785 de
1403 1744 1489 1784 Vit.
1521 1743 1597 1784 sol.
1629 1757 1668 1796 p.
1701 1752 1797 1793 203.

329 1824 551 1876 “Propter
596 1821 752 1875 quod,''
796 1821 948 1874 inquit,
988 1821 1159 1860 “etiam
1207 1819 1334 1872 jubet
1375 1818 1622 1872 Apostolus
1665 1816 1798 1857 velari

328 1898 532 1938 mulieres
562 1903 741 1951 propter
769 1895 980 1947 Angelos,
1006 1895 1079 1947 qui
1115 1907 1215 1934 cum
1249 1893 1399 1947 procul
1436 1892 1570 1932 dubio
1604 1898 1696 1932 tam
1727 1891 1798 1931 die

329 1987 462 2026 quarn
487 1979 615 2013 nocte
638 1971 867 2012 nobiscum
890 1971 976 2010 sint
1000 1970 1042 2009 in
1065 1968 1184 2009 cellis
1208 1968 1376 2016 nostris,
1397 1981 1477 2008 nos
1499 1966 1802 2007 custodientes

330 2056 374 2090 et
409 2049 567 2088 nostris
602 2046 757 2087 studiis
792 2044 1120 2098 congaudentes
1153 2050 1196 2083 et
1233 2048 1530 2096 cooperantes,
1558 2040 1703 2095 placet
1736 2040 1798 2080 eis

329 2130 378 2164 ut
400 2123 533 2163 etiam
556 2122 676 2162 nullo
707 2121 885 2161 homine
907 2120 1084 2159 vidente
1107 2117 1255 2158 omnia
1277 2123 1426 2157 nostra
1448 2117 1631 2156 honeste
1653 2112 1796 2154 fiant.”

331 2199 472 2248 Idem,
507 2197 596 2239 Ser.
636 2198 709 2237 xii.
750 2196 792 2235 in
840 2194 959 2248 psal,
1001 2193 1088 2246 Qui
1139 2192 1321 2233 habitat.
1387 2189 1601 2238 “Caute,''
1645 2188 1797 2241 inquit,

329 2276 351 2301 “
365 2273 555 2322 ambula,
589 2279 636 2312 ut
667 2271 871 2311 videlicet
908 2270 976 2310 cui
1019 2269 1181 2309 adsunt
1217 2266 1392 2320 Angeli,
1424 2267 1536 2306 sicut
1573 2265 1634 2305 eis
1677 2276 1801 2304 man-

330 2348 483 2388 datum
522 2353 598 2395 est,
630 2347 673 2386 in
706 2345 910 2386 omnibus
940 2344 1020 2383 viis
1052 2343 1147 2383 tuis.
1201 2342 1252 2381 In
1285 2341 1440 2394 quovis
1472 2339 1721 2388 diversorio,
1754 2338 1798 2377 in

331 2422 486 2475 quovis
528 2420 700 2473 angulo,
735 2419 913 2471 Angelo
955 2424 1032 2458 tuo
1084 2416 1370 2456 reverentiam
1421 2414 1545 2454 habe.
1626 2413 1695 2452 Tu
1745 2425 1800 2452 ne

332 2497 497 2538 audeas
531 2495 605 2535 illo
641 2500 868 2547 praesente,
899 2492 1017 2545 quod
1047 2492 1222 2531 vidente
1258 2503 1328 2530 me
1365 2503 1452 2529 non
1487 2489 1681 2529 auderes.
1723 2486 1800 2527 An

333 2577 596 2625 praesentem
620 2582 714 2609 csse
746 2568 922 2608 dubitas
945 2580 1076 2619 quem
1111 2578 1198 2606 non
1219 2565 1340 2604 vides
1361 2565 1374 2604 ?
1416 2563 1522 2617 quid
1545 2563 1579 2603 si
1601 2561 1803 2602 videres?

335 2647 441 2699 quid
479 2646 513 2685 si
552 2643 786 2697 tangeres?
819 2642 924 2695 quid
953 2642 988 2681 si
1020 2639 1288 2681 olfaceres?'’
1324 2645 1404 2679 etc.
1465 2638 1565 2690 Jam
1603 2636 1709 2676 illud
1746 2636 1802 2676 de

333 2721 473 2761 Beata
497 2719 639 2759 Maria
663 2724 817 2758 notum
841 2722 917 2766 est,
940 2730 1038 2769 quae
1063 2716 1169 2755 dum
1195 2714 1319 2754 Beati
1354 2712 1578 2753 Dominici
1600 2711 1803 2751 alumnos

335 2795 604 2835 dormientes
632 2806 710 2846 per
742 2792 937 2844 quietem
973 2790 1128 2838 invisit,
1153 2788 1356 2829 omnibus
1389 2786 1670 2828 benedixisse
1697 2784 1803 2824 dici-

335 2875 417 2917 tur,
461 2874 620 2922 praeter
661 2880 795 2920 quam
849 2867 911 2915 iis,
954 2878 1064 2918 quos
1116 2864 1259 2903 minus
1310 2863 1467 2902 decore
1518 2860 1804 2910 modesteque

336 2944 550 2985 cubantes
591 2947 837 2995 aspexerat.
915 2939 1029 2980 Tam
1072 2945 1138 2979 est
1180 2938 1322 2978 amica
1362 2936 1590 2977 modestiae
1633 2934 1676 2973 in
1717 2931 1804 2972 Dei

336 3018 514 3059 famulis
552 3017 636 3057 Dei
674 3017 827 3056 Mater.
