1903 3197
235 185 291 228 61
305 197 329 227 2
564 179 644 225 De
676 177 868 225 ratione
899 175 1093 223 vivendi
1127 175 1387 223 Socz'etatz‘s.

235 317 373 358 simus
424 314 467 354 in
519 312 874 367 contemplandis
926 312 1086 353 nostris
1138 310 1276 360 malis,
1328 315 1462 363 atque
1513 310 1706 364 peccatis

237 403 415 432 necesse
451 394 529 439 est,
566 389 601 429 si
639 388 683 429 in
719 388 862 429 aliena
899 386 1014 429 facta
1046 393 1179 440 atque
1216 386 1335 428 dicta
1369 384 1520 426 oculus
1557 391 1707 426 noster

237 466 467 520 impingat.

327 541 379 581 In
420 538 580 580 fabulis
631 544 707 588 est,
752 538 956 579 Lamiam
1009 537 1200 578 dormire
1251 549 1420 576 coecam
1472 534 1609 576 oculis
1661 535 1705 575 in

237 615 432 670 quodam
476 612 654 654 vasculo
698 613 896 662 conditis,
935 612 1052 653 foras
1099 618 1249 652 autem
1291 623 1513 664 egressam
1555 608 1707 650 oculos

237 691 357 745 ipsos
388 690 587 739 inserere,
619 695 753 742 atque
783 688 940 729 videre.
1023 690 1045 707 “
1065 687 1135 728 Ita
1176 687 1363 740 quisque
1406 691 1603 726 nostrum
1629 681 1707 724 :”¹

238 764 498 806 Plutarchus
520 765 592 814 ait,
611 763 764 804 “floris
787 764 910 816 quasi
934 762 1084 804 oculos
1106 768 1232 816 aptat
1254 762 1297 802 in
1320 768 1502 815 peccata
1525 767 1568 801 et
1591 759 1709 801 mala

238 840 488 894 impingens
539 851 842 891 saepenumero
887 837 947 878 ob
999 837 1322 889 ignorationem
1364 837 1507 876 visum
1560 835 1621 885 iis,
1665 841 1709 876 et

239 915 389 956 lumen
431 927 519 954 non
561 911 811 954 adhibent.''
895 911 1174 966 Impudentis
1216 917 1364 952 autem
1411 911 1585 964 signum
1629 915 1706 960 est,

241 989 346 1044 quia
377 989 558 1041 impune
589 1001 677 1040 quo
708 987 873 1036 volunt,
907 987 1071 1027 intrant
1105 986 1238 1026 etiam
1273 986 1316 1026 in
1351 999 1501 1025 eorum
1536 985 1710 1025 abditas

241 1078 321 1113 res,
364 1063 438 1117 qui
490 1062 672 1102 minime
722 1076 797 1103 eas
840 1061 977 1102 videri
1029 1060 1220 1112 vellent;
1267 1073 1403 1113 quare
1444 1073 1570 1112 aeque
1610 1064 1712 1099 sunt

242 1138 525 1193 impudentes
547 1142 680 1190 atque
702 1137 741 1185 ii,
765 1136 840 1190 qui
873 1149 960 1176 non
992 1135 1177 1189 pulsatis
1209 1134 1375 1175 foribus
1407 1133 1712 1187 ingrediuntur

242 1215 287 1255 in
320 1213 509 1254 alienam
546 1211 756 1252 domum:
789 1211 911 1265 parvi
943 1211 1058 1251 enim
1098 1210 1226 1251 refert
1257 1215 1403 1250 utrum
1436 1209 1623 1263 pedibus
1655 1221 1711 1249 an

243 1287 382 1329 oculis
433 1286 689 1340 ingrediare.
781 1286 903 1339 Lege
955 1284 1238 1326 Plutarchum
1285 1284 1341 1325 de
1392 1284 1595 1337 antiquis,
1638 1282 1713 1336 qui

243 1362 558 1418 appendebant
587 1361 770 1401 malleos
798 1361 956 1413 januis,
979 1366 1134 1414 postea
1162 1360 1375 1413 Janitores
1401 1364 1712 1413 apposuerunt,

243 1451 300 1478 ne
341 1437 438 1490 quis
490 1441 669 1489 repente
721 1436 887 1476 intrans
941 1434 1184 1489 perturbati
1237 1433 1402 1487 aliquid
1454 1433 1497 1473 in
1550 1431 1716 1473 familia

242 1513 421 1554 videret.

334 1586 472 1626 Isaias
522 1584 634 1625 Abb.
683 1583 754 1625 Or.
805 1596 839 1636 3.
880 1584 1097 1624 “Faciem
1145 1583 1268 1624 humi
1314 1597 1407 1636 prae
1452 1581 1715 1622 verecundia

246 1661 486 1702 demissam
518 1666 668 1700 teneat
699 1659 864 1699 scilicet
896 1657 1142 1711 juventus.’'

337 1735 507 1788 Quinta
529 1747 671 1784 causa,
695 1733 799 1786 quia
821 1732 980 1786 dejecti
1008 1732 1051 1772 in
1079 1738 1240 1772 terram
1261 1731 1408 1772 vultus
1430 1730 1595 1770 indices
1617 1735 1718 1770 sunt

250 1809 448 1851 timentis
481 1822 532 1849 ac
566 1808 803 1848 reverentis
840 1808 998 1847 Deum.
1062 1806 1190 1846 Patet
1222 1805 1265 1845 in
1297 1805 1395 1858 Job,
1429 1805 1503 1857 qui
1530 1817 1630 1844 cum
1663 1803 1723 1844 de·

248 1899 296 1926 se
328 1885 421 1937 ipse
443 1883 655 1923 dixisset:
688 1885 709 1901 “
726 1882 877 1936 Pepigi
901 1880 1046 1921 foedus
1071 1894 1171 1921 cum
1196 1879 1333 1921 oculis
1360 1880 1469 1920 meis
1486 1892 1495 1929 ;
1512 1878 1531 1893 ”
1555 1885 1609 1929 et,
1633 1879 1718 1921 “Si

250 1964 426 2000 secutus
469 1963 535 1998 est
576 1956 728 1997 oculus
770 1970 894 1997 meus
929 1970 1003 1997 cor
1043 1954 1228 2004 meum‚”
1266 1960 1422 2008 postea
1453 1960 1579 1995 tanta
1620 1967 1720 1994 ocu-

251 2033 394 2074 lorum
427 2031 628 2072 custodia
660 2031 778 2071 unde
814 2031 1001 2071 oriretur
1036 2029 1240 2070 ostendit.
1304 2028 1532 2082 “Semper
1568 2026 1722 2077 enim‚”

252 2108 406 2161 inquit,
453 2106 613 2160 “quasi
655 2111 878 2146 tumentes
920 2119 1050 2159 super
1091 2118 1161 2145 me
1197 2104 1356 2144 fluctus
1391 2103 1519 2144 timui
1562 2103 1729 2152 Deum„

254 2189 298 2223 et
332 2182 506 2236 pondus
543 2180 636 2233 ejus
667 2180 777 2221 serre
810 2194 897 2220 non
929 2179 1088 2233 potui.''
1152 2180 1226 2219 Ex
1256 2179 1414 2219 timore
1442 2177 1606 2218 scilicet
1638 2176 1720 2216 Dei

254 2264 299 2298 et
360 2256 604 2297 reverentia
664 2256 895 2297 oriebatur.
1002 2254 1135 2308 Quod
1196 2254 1309 2307 siqui
1370 2259 1472 2294 ante
1534 2251 1721 2305 Regiam

258 2332 543 2384 Majestatem
578 2337 690 2379 sunt,
723 2344 815 2384 prae
851 2331 1009 2371 timore
1041 2336 1084 2370 et
1116 2329 1357 2369 reverentia
1390 2328 1467 2368 vix
1499 2328 1617 2380 regia
1649 2340 1727 2367 ora

257 2407 545 2460 conspiciunt,
584 2412 720 2447 tantae
763 2406 1008 2458 majestatis
1054 2404 1289 2458 splendore
1331 2403 1573 2457 perstricti:
1621 2402 1724 2455 quid

258 2496 339 2522 nos
376 2481 517 2522 facere
554 2487 741 2535 oportet,
780 2481 855 2534 qui
894 2481 937 2520 in
975 2485 1213 2533 conspectu
1253 2479 1338 2519 Dei
1375 2491 1549 2531 semper
1584 2478 1728 2530 ingre-

260 2557 436 2597 dimur?
488 2556 651 2609 quique
695 2555 905 2596 Divinam
949 2554 1234 2607 Majestatem
1278 2567 1397 2606 saepe
1438 2552 1642 2602 laesimus,
1685 2558 1729 2592 et

261 2638 365 2673 ante
407 2631 500 2684 ejus
541 2630 733 2671 tribunal
785 2629 905 2670 brevi
948 2629 1131 2669 sistendi
1164 2627 1353 2668 sumus?
1417 2627 1729 2679 Hieronymus,

260 2705 346 2747 “Si
390 2704 574 2755 mente‚’'
617 2705 770 2758 inquit,
804 2707 1066 2744 “cernerent
1106 2703 1308 2743 homines
1349 2701 1478 2755 quale
1515 2701 1728 2754 judicium

261 2779 463 2821 imminet
504 2780 683 2828 mundo,
728 2792 880 2819 sensus
931 2778 1151 2818 humanus
1200 2790 1288 2817 non
1329 2776 1523 2816 vanitate
1565 2774 1729 2827 disper—

261 2853 472 2909 geretur.’'
535 2855 596 2896 Et
632 2859 757 2908 patet
793 2853 877 2894 hoc
914 2852 1123 2906 exemplo
1160 2864 1324 2902 eorum,
1362 2851 1437 2904 qui
1473 2849 1734 2904 gradiuntur

818 2942 831 2963 1
856 2944 950 2986 Opus
973 2944 1015 2976 de
1039 2943 1165 2976 Curios.
