1903 3197
265 165 360 211 542
590 155 671 201 De
702 156 894 202 ratione
927 156 1120 202 vivendi
1159 155 1419 203 Socz‘etatz‘s.

266 286 595 327 valetudinariis
617 288 673 328 ad
707 289 801 328 dies
833 289 1005 341 aliquot
1036 289 1293 338 ministrare,
1317 294 1367 329 ut
1399 293 1442 329 et
1473 286 1735 328 humilitatis

269 359 581 414 charitatisque
603 376 693 402 suae
723 362 948 416 specimen
980 365 1145 413 darent,
1171 370 1214 404 et
1243 363 1339 403 haec
1367 361 1603 416 spiritualis
1634 362 1736 403 vitae

263 436 392 488 quasi
415 437 557 489 prima
579 436 871 478 fundamenta
889 437 1085 490 jacerent
1107 452 1158 478 ac
1181 437 1386 478 locarent.

353 509 502 562 Quare
552 524 651 551 cum
699 517 766 552 tot
817 512 1172 565 opportunitates
1216 517 1260 551 et
1301 510 1539 551 commoda
1585 522 1732 549 secum

263 583 417 624 afferat
458 585 645 638 diligens
687 592 953 638 aegrotorum
999 586 1300 634 ministerium,
1343 584 1520 625 studere
1563 597 1642 636 pro
1686 596 1731 622 se

261 658 449 711 quisque
480 659 623 707 debet,
654 673 754 700 cum
791 659 891 700 huic
927 661 1096 700 muneri
1130 660 1396 713 praepositus
1429 664 1507 708 cst,
1535 664 1583 698 ut
1613 659 1733 697 omni

265 745 364 772 cum
396 732 525 773 laude
555 734 592 773 ei
623 735 782 787 praesit,
818 748 906 786 quo
935 735 1079 774 verius
1113 734 1195 774 dici
1228 734 1368 787 possit
1403 746 1565 786 magna
1598 745 1735 785 aegro—

263 811 409 847 torum
442 821 467 847 a
494 807 619 847 nobis
652 821 754 847 cura
785 807 889 860 geri,
924 814 970 848 ut
1004 807 1355 848 Constitutiones
1388 812 1552 847 nostra:
1584 807 1736 859 praeci-

262 880 399 934 piunt.
462 880 615 933 Atque
647 881 740 921 haec
772 881 828 921 de
854 880 937 921 hac
968 880 1297 922 Constitutione
1327 881 1443 929 satis,
1477 894 1576 933 quae
1608 886 1651 919 et
1677 880 1732 920 ad

258 967 348 1003 eos,
372 954 445 1006 qui
478 960 684 1006 praesunt,
708 961 751 995 et
773 954 847 1007 qui
871 954 1122 994 ministrant
1155 955 1283 1007 aegris
1314 960 1495 1006 spectat.
1562 954 1732 999 Restat,

262 1033 311 1068 ut
347 1029 725 1081 quemadmodum
763 1028 929 1069 ferendi
968 1030 1055 1069 sint
1092 1028 1235 1068 morbi
1284 1042 1342 1068 ex
1395 1036 1447 1078 50
1497 1027 1734 1068 Summarii

261 1101 592 1143 Constitutione
615 1116 990 1144 commoneamus.

343 1435 405 1471 IN
445 1435 726 1472 REGULAM
767 1436 1058 1473 SUMMARH
1100 1434 1655 1483 QUINQUAGESIMAM.

256 1536 396 1590 “QUI
427 1544 625 1591 aegrotat,
660 1538 957 1578 humilitatem
996 1545 1038 1578 ct
1072 1538 1333 1591 patientiam
1368 1551 1492 1578 suam
1528 1538 1733 1591 praesefe-

260 1612 409 1661 rendo,
429 1625 514 1652 non
540 1613 752 1652 minorem
776 1612 1128 1659 aedificationem,
1154 1613 1259 1652 dum
1284 1612 1438 1652 morbo
1460 1611 1643 1661 laborat,
1668 1613 1731 1658 iis,

262 1686 335 1739 qui
369 1686 512 1738 ipsum
536 1686 725 1726 invisent
757 1693 800 1726 et
832 1699 933 1726 cum
969 1700 1019 1726 eo
1041 1687 1331 1726 versabuntur
1360 1692 1403 1726 et
1432 1691 1577 1738 agent,
1602 1699 1735 1738 quam

258 1761 365 1800 dum
400 1760 576 1801 valebat
609 1774 802 1813 corpore,
834 1761 891 1801 ad
928 1760 1141 1812 majorem
1180 1760 1263 1800 Dei
1298 1759 1485 1813 gloriam
1522 1765 1732 1812 praestare

257 1839 389 1884 curet,
411 1834 555 1874 verbis
593 1835 686 1887 piis,
715 1841 759 1875 et
787 1835 843 1875 ad
879 1834 1219 1874 aedificationem
1255 1833 1516 1874 facientibus
1549 1833 1726 1881 utendo,

257 1921 358 1961 quae
380 1907 618 1949 ostendant
651 1908 958 1961 aegritudinem
984 1909 1213 1961 acceptari,
1237 1913 1284 1948 ut
1311 1907 1478 1948 donum
1509 1907 1565 1947 de
1598 1920 1730 1947 manu

261 1981 480 2023 Creatoris
517 1997 567 2024 ac
606 1983 788 2023 Domini
826 1983 990 2023 nostri:
1053 1982 1414 2035 quandoquidem
1457 1994 1545 2021 non
1589 1982 1733 2021 minus

253 2057 425 2097 donum
461 2063 527 2097 est
560 2071 694 2110 quam
731 2057 932 2098 sanitas’'

350 2130 600 2184 Explicatis
631 2131 723 2183 jam
756 2132 806 2171 iis
836 2131 996 2183 regulis
1026 2144 1077 2171 ac
1115 2129 1527 2177 ConstitutionibuS,
1552 2142 1650 2181 quae
1681 2130 1735 2169 ad

262 2206 608 2258 recuperandam
652 2205 949 2246 valetudinem
995 2205 1202 2245 amissam
1246 2204 1422 2251 faciunt,
1462 2215 1736 2254 consequens

263 2284 339 2328 est,
364 2284 412 2318 ut
442 2278 547 2318 illud
579 2278 764 2319 alterum
789 2280 907 2332 quod
932 2279 1056 2318 initio
1079 2279 1355 2331 propositum
1380 2282 1483 2325 erat,
1508 2277 1734 2329 quomodo

263 2365 320 2392 ex
359 2351 514 2392 iisdem
552 2352 711 2405 regulis
745 2352 909 2392 ferendi
943 2353 1029 2391 sint
1059 2351 1197 2392 morbi
1230 2351 1418 2391 breviter
1449 2349 1732 2403 explicemus.

260 2425 338 2466 Ad
390 2425 434 2465 id
487 2432 636 2466 autem
690 2426 933 2479 perscripta
977 2432 1043 2465 est
1087 2424 1454 2478 quinquagesima
1497 2423 1733 2465 Summarii

261 2499 424 2553 regula,
467 2514 566 2553 quaa
608 2506 703 2540 tum
748 2514 804 2540 ex
850 2500 1231 2541 Constitutionum
1275 2500 1492 2547 examine,
1536 2504 1631 2538 tum
1680 2511 1736 2538 ex

254 2574 499 2614 earundem
531 2574 913 2615 Constitutionum
946 2580 1071 2627 parte
1104 2573 1232 2614 tertia
1264 2578 1443 2626 sumpta
1477 2578 1552 2613 est.
1617 2571 1738 2612 Prior

263 2648 381 2688 enim
415 2662 517 2701 pars
552 2662 690 2701 usque
728 2648 782 2688 ad
821 2662 872 2688 ea
904 2649 1037 2688 verba
1068 2654 1316 2701 “praestare
1350 2645 1529 2688 curet''¹
1552 2651 1648 2687 tota
1680 2659 1737 2686 ex

264 2728 423 2776 quarto
476 2723 695 2763 examinis
746 2723 915 2776 capite:
966 2723 1183 2775 posterior
1224 2728 1372 2763 autem
1425 2721 1482 2762 ab
1534 2735 1586 2762 eo
1638 2720 1735 2761 loco

610 2795 624 2813 0

260 2799 283 2816 “
298 2797 443 2838 verbis
481 2798 564 2851 piis
581 2797 624 2820 ’'-
656 2811 794 2850 usque
837 2797 893 2836 ad
936 2797 1113 2846 calcem,
1151 2811 1208 2837 ex
1243 2796 1386 2850 primo
1423 2795 1562 2837 tertiae
1599 2794 1736 2848 partis

789 2901 908 2942 ¹332·
1091 2901 1210 2942 ²§17.
