1903 3197
336 211 430 257 244
661 200 743 246 De
774 201 963 247 ratione
993 201 1185 248 vivendi
1224 201 1487 247 Socz‘etatis.

335 336 379 371 et
431 336 549 371 recta
600 344 723 372 mens
775 338 852 382 est,
895 346 994 373 curn
1046 333 1193 372 Deum
1246 338 1428 385 propter
1474 332 1667 385 seipsum
1708 346 1800 373 sec-

338 409 495 454 tamur,
530 404 650 446 nullo
691 406 746 446 ad
788 406 894 456 haec,
933 420 1031 460 quae
1073 406 1226 447 mundi
1268 413 1380 455 sunt,
1419 407 1608 447 divortio
1640 408 1810 448 amoris-

338 478 465 519 facto.
531 479 643 521 Cum
675 494 778 520 vero
811 481 923 520 affici
957 480 1085 520 rebus
1117 480 1235 520 hisce
1267 480 1460 529 terrenis,
1495 480 1712 521 declinare
1744 481 1800 522 ad

336 567 387 593 ea
429 553 511 592 tria
553 567 651 605 quae
704 555 749 594 B.
786 554 978 606 joannes
1030 560 1270 603 enumerat,
1322 553 1597 607 voluptatem
1649 554 1809 603 carnis,„

335 627 625 679 cupiditatem
649 629 753 678 auri,
776 628 925 680 gloriae
948 629 1077 677 sitim,
1100 642 1246 680 pravae
1270 633 1404 680 atque
1426 627 1618 680 obliquae
1642 629 1801 669 mentis

334 705 427 748 est;
476 714 579 753 ergo
620 701 776 741 horum
819 715 968 741 amore
1009 702 1043 741 si
1087 702 1183 754 quis
1225 715 1272 741 se
1309 701 1488 754 penitus
1525 707 1674 750 exuat,
1704 707 1804 742 tum*

336 774 516 814 demum
553 774 724 814 facilem
757 774 837 814 sibi
870 775 986 814 viam
1020 775 1188 814 muniet
1221 775 1278 814 ad
1311 775 1598 814 obtinendam
1637 779 1805 815 rectam.

336 853 542 888 mentem.
606 847 979 900 Quandoquidem
1016 848 1099 888 hoc
1132 848 1238 888 nihil
1272 854 1337 888 est
1371 848 1488 888 aliud
1522 848 1615 898 nisi,
1648 848 1801 889 solutis

336 920 519 960 vinculis
556 927 825 960 terrenorum
864 921 1178 961 desideriorum
1216 935 1316 973 quae
1359 922 1551 962 militant
1592 923 1808 962 adversus

336 994 541 1041 animam,
582 993 805 1033 adhaerere
842 994 914 1033 uni
954 994 1052 1034 Deo
1089 1007 1167 1046 per
1207 995 1488 1047 purissimam
1530 995 1800 1037 charitatem.

341 1066 578 1118 Interjecta
630 1073 696 1106 est
736 1072 886 1107 autem
939 1067 981 1106 in
1027 1066 1358 1108 Constitutione
1408 1068 1679 1120 parenthesis
1730 1069 1803 1110 illa

339 1142 591 1192 “quantum
621 1140 710 1179 fieri
742 1139 936 1193 potest;’'
961 1140 1075 1193 quia,
1104 1141 1315 1192 quamdiu
1345 1155 1495 1181 sumus
1518 1142 1561 1181 in
1589 1141 1672 1182 hac
1700 1143 1807 1191 vita„

339 1226 427 1253 non
480 1227 714 1266 possumus
757 1215 818 1254 ita
861 1228 939 1254 nos
982 1228 1144 1254 exuere
1196 1221 1490 1255 creaturarum
1533 1221 1804 1256 terrenarum

340 1300 500 1336 amore,
524 1293 572 1326 ut
606 1287 649 1326 in
684 1287 844 1327 nostris
878 1288 1118 1328 benefactis
1153 1302 1240 1328 non
1272 1288 1328 1328 sit
1357 1288 1522 1340 aliquid
1552 1288 1804 1329 admixtum

339 1361 487 1400 nostri.
552 1360 789 1400 Beatorum
814 1361 930 1400 enim
953 1368 1019 1402 est
1050 1362 1132 1401 ista
1160 1362 1346 1402 intentio
1375 1376 1484 1414 pura
1513 1368 1557 1402 et
1579 1363 1809 1411 defaecata,.

341 1441 389 1474 ut
420 1433 668 1473 Bernardus
702 1434 775 1483 ait,
811 1435 884 1486 qui
923 1448 1072 1474 amore
1106 1435 1191 1474 Dei
1229 1436 1404 1488 penitus
1437 1435 1612 1476 attracti
1647 1442 1810 1476 semet—

341 1507 459 1559 ipsos
491 1506 816 1547 obliviscuntur.

434 1581 622 1621 Sextum
647 1586 690 1620 et
721 1586 993 1632 postremum
1028 1582 1082 1620 ad
1115 1587 1279 1621 rectam
1311 1587 1505 1621 mentem
1529 1581 1805 1634 dirigendam

344 1654 723 1706 obtinendamque
774 1654 1027 1706 praesidium
1080 1660 1156 1702 est,
1197 1661 1243 1695 ut
1285 1656 1319 1694 si
1362 1655 1506 1695 minus
1548 1655 1592 1695 id
1633 1656 1806 1708 assequi

344 1741 579 1780 possumus
621 1733 669 1766 ut
709 1740 858 1767 amore
896 1741 1038 1766 rerum
1081 1729 1278 1768 omnium
1322 1734 1565 1768 creatarum
1608 1742 1689 1768 nos
1727 1729 1808 1781 ipsi

343 1800 594 1853 spoliemus,
619 1806 734 1840 certe
770 1801 926 1840 demus
960 1814 1152 1853 operam,
1177 1806 1224 1840 ut
1259 1815 1333 1841 eas
1367 1801 1501 1841 modo
1537 1802 1732 1853 quodam
1766 1808 1810 1842 et

345 1874 497 1914 ordine
535 1874 803 1913 adamemus.
885 1873 985 1915 Hoc
1028 1880 1093 1914 est
1135 1875 1254 1926 quod
1299 1874 1568 1915 Constitutio
1609 1875 1809 1927 subjicit:

343 1947 447 1988 “Ut
479 1947 686 1987 affectum
710 1948 959 1986 universum
993 1948 1035 1986 in
1065 1947 1259 1999 ipsorum
1288 1948 1542 1988 Creatorem
1569 1948 1807 1995 conferant,

344 2035 445 2062 eum
482 2022 524 2061 in
555 2021 759 2060 omnibus
793 2021 1002 2060 creaturis
1032 2021 1233 2069 amando,
1257 2026 1300 2061 et
1332 2035 1486 2061 omnes
1515 2023 1558 2061 in
1588 2036 1651 2071 eo,
1678 2022 1809 2075 juxta

343 2095 667 2135 sanctissimam
715 2108 765 2134 ac
808 2094 1001 2134 divinam
1044 2093 1136 2145 ejus
1177 2093 1487 2135 voluntatem.”
1549 2095 1651 2135 Non
1694 2096 1809 2136 enim

343 2174 437 2208 tam
469 2168 651 2207 vitiosus
684 2173 749 2206 est
781 2180 906 2206 amor
936 2167 1030 2219 ipse
1066 2179 1220 2214 rerum,
1254 2180 1387 2218 quam
1425 2168 1584 2207 modus
1621 2170 1809 2220 amoris;

347 2242 505 2281 modus
528 2246 571 2280 et
593 2240 712 2289 ordo,
736 2254 868 2292 quem
901 2241 945 2279 in
977 2239 1107 2280 rebus
1138 2240 1293 2280 creatis
1326 2241 1526 2281 amandis
1549 2247 1697 2282 tenere
1731 2256 1810 2283 nos

350 2316 491 2364 docet,
526 2321 591 2354 est
624 2321 671 2354 ut
705 2327 853 2354 earum
888 2327 1084 2354 amorem
1115 2315 1352 2354 reseramus
1385 2315 1441 2354 ad
1471 2315 1629 2355 Deum.
1693 2315 1812 2368 Quid

346 2394 412 2429 est
449 2389 564 2428 enim
600 2401 748 2427 amare
781 2388 927 2427 Deum
964 2388 1007 2427 in
1042 2389 1262 2436 creaturiS,
1293 2394 1336 2428 et
1368 2393 1588 2428 creaturas
1621 2389 1665 2428 in
1698 2389 1809 2438 Deo,

347 2463 429 2503 nisi
463 2475 611 2502 earum
644 2475 839 2502 amorem
872 2461 915 2501 in
948 2462 1095 2501 Deum
1128 2461 1295 2510 referre,
1322 2475 1484 2514 easque
1515 2475 1603 2502 non
1634 2468 1813 2516 propter

344 2550 403 2583 se,
437 2536 516 2576 sed
548 2542 728 2589 propter
770 2536 916 2576 Deum
959 2549 1118 2585 amare,
1151 2536 1264 2576 sicut
1299 2549 1456 2576 avarus
1497 2536 1571 2589 qui
1604 2536 1647 2576 in
1680 2536 1810 2577 rebus

347 2610 555 2650 omnibus
585 2615 707 2650 amat
738 2609 918 2658 lucrum,
943 2616 986 2650 et
1018 2623 1084 2650 res
1116 2623 1269 2649 omnes
1301 2610 1344 2649 in
1376 2609 1521 2650 lucro?

438 2684 487 2726 Si
520 2689 713 2724 servetur
740 2683 811 2724 hic
839 2683 948 2724 ordo
970 2690 1019 2724 ut
1044 2697 1111 2724 res
1133 2689 1291 2724 creatae
1320 2683 1407 2723 sint
1435 2683 1561 2724 nobis
1582 2688 1810 2736 tamquam

347 2758 431 2798 viae
462 2771 514 2798 ac
548 2756 693 2797 media
726 2756 783 2797 ad
806 2757 966 2806 Deum,
991 2757 1084 2810 jam
1120 2771 1269 2798 earum
1304 2771 1428 2798 amor
1461 2756 1568 2796 nihil
1600 2756 1736 2797 habet
1768 2757 1812 2796 in

350 2831 478 2873 nobis
499 2831 620 2881 vitii;
652 2831 756 2884 quia
776 2835 871 2871 tum
901 2844 980 2871 nec
1011 2836 1159 2884 potest
1188 2845 1282 2872 esse
1313 2831 1484 2880 nimius,
1507 2843 1606 2871 cum
1636 2836 1816 2883 propter

347 2905 500 2960 Deum
532 2905 771 2952 dumtaxat
812 2910 995 2955 amatur,
1029 2917 1109 2946 nec
1145 2905 1428 2955 inordinatus,
1461 2918 1562 2947 cum
1598 2903 1656 2945 sit
1687 2917 1813 2946 amor
