1903 3197
391 206 470 252 De
500 204 850 252 antevertendzk
886 202 1241 250 lentatiom'bzts.
1459 212 1548 260 177

87 353 218 380 causa
250 344 316 379 est
344 338 631 391 quamobrem
663 336 860 389 plerique
890 335 1092 375 homines
1134 333 1351 375 seculares
1394 332 1551 386 agitari

87 413 401 455 tentationibus
444 425 530 451 non
581 416 802 464 putantur,
846 409 949 461 quia
991 421 1064 448 eas
1117 407 1414 459 obsequendo,
1460 419 1549 446 non

88 487 343 528 reluctando
384 486 592 533 vincunt;
649 483 759 523 sicut
801 482 907 521 dicit
951 481 995 522 B.
1032 480 1310 532 Augustinus
1353 480 1395 518 in
1439 478 1551 519 libro

90 560 415 604 Sententiarum
439 558 636 610 Prosperi
660 557 714 596 de
737 555 1004 596 coenodoxia
1024 569 1031 594 :
1063 557 1084 573 “
1100 552 1223 605 Quas
1246 553 1358 592 vires
1391 551 1553 593 habeat

86 636 291 676 humanae
342 633 492 686 gloriae
545 644 678 678 amor,
723 643 810 669 non
863 629 996 668 sentit
1049 627 1129 666 nisi
1183 626 1257 678 qui
1306 625 1471 665 bellum
1514 626 1554 665 ei

86 708 330 750 indixerit.'’
404 706 559 746 Altera
600 718 702 744 vero
745 703 856 742 ratio
899 701 1085 741 sumitur
1127 714 1184 739 ex
1226 704 1351 752 parte
1389 697 1554 738 diaboli

86 797 138 823 ac
189 780 374 829 mundi;
437 778 601 818 diaboli
653 777 844 828 quidem,
888 775 1001 827 quia,
1047 780 1093 814 ut
1142 774 1204 813 ait
1258 771 1455 812 Hilarius
1509 770 1551 810 in

87 855 373 896 Matthaeum:
407 853 496 892 “In
529 850 812 891 sanctificatis
845 849 1042 888 maxime
1075 846 1239 887 diaboli
1273 850 1551 885 tentamenta

83 935 346 982 grassantur,
400 927 503 978 quia
554 924 735 964 victoria
787 923 927 975 magis
990 927 1056 961 est
1119 921 1156 961 ei
1220 925 1435 972 exoptata
1497 919 1554 959 de

84 1001 281 1043 sanctis.’'
346 999 483 1051 Cujus
518 999 576 1038 rei
612 997 744 1037 etiam
778 1009 955 1036 causam
990 995 1084 1034 fuse
1116 1008 1166 1035 ac
1188 1007 1288 1034 vere
1312 992 1552 1045 Gregorius

85 1075 270 1128 exponit
321 1075 363 1113 in
406 1087 456 1112 ea
504 1071 636 1111 verba
677 1070 774 1121 Job.
858 1069 945 1121 Qui
999 1068 1140 1121 parati
1184 1072 1287 1107 sunt
1339 1066 1552 1106 suscitare

86 1148 358 1189 Leviathan:
408 1145 624 1193 “Omnes
669 1144 743 1196 qui
796 1157 846 1183 ea
893 1156 991 1195 quae
1043 1141 1196 1181 mundi
1250 1145 1351 1179 sunt
1404 1144 1552 1180 mente

85 1223 266 1271 calcant,
297 1227 340 1261 et
378 1234 429 1260 ea
461 1233 559 1271 quae
594 1219 678 1258 Dei
710 1224 812 1256 sunt
845 1215 973 1268 plena
1007 1214 1251 1254 intentione
1283 1213 1550 1263 desiderant,

86 1295 331 1336 Leviathan
374 1299 524 1333 contra
566 1305 613 1331 se
655 1291 878 1337 suscitant,
911 1289 1014 1340 quia
1052 1288 1144 1339 ejus
1184 1286 1397 1326 malitiam
1432 1286 1553 1326 insti-

83 1370 262 1422 gatione
305 1381 395 1407 suae
436 1364 777 1405 conversationis
821 1362 1108 1401 inflammant.
1166 1360 1296 1407 Nam,
1340 1360 1414 1412 qui
1457 1359 1552 1412 ejus

82 1441 298 1482 voluntati
337 1439 522 1491 subjecti
561 1444 673 1486 sunt,
713 1437 837 1489 quasi
881 1435 1032 1488 quieto
1069 1434 1125 1474 ab
1168 1434 1242 1473 illo
1279 1432 1377 1485 jure
1413 1435 1552 1486 possi-

83 1515 252 1563 dentur,
285 1520 328 1553 et
364 1512 578 1565 superbus
616 1524 764 1551 eorum
800 1524 877 1549 rex
921 1508 1044 1561 quasi
1083 1507 1278 1560 quadam
1316 1508 1553 1548 securitate

84 1585 396 1641 perfruitur;”1
449 1586 566 1637 quod
608 1584 806 1637 pluribus
849 1583 992 1635 pergit
1035 1582 1276 1622 ostendere.
1362 1580 1422 1620 Et
1464 1579 1552 1621 alio

83 1661 126 1700 in
163 1661 285 1700 loco:
319 1658 548 1707 “Hostis,''
583 1658 735 1710 inquit,
767 1663 785 1676 ‘⁴
805 1663 953 1697 noster
984 1656 1128 1696 adhuc
1162 1656 1205 1694 in
1237 1654 1318 1695 hac
1348 1655 1439 1694 vita
1469 1669 1551 1696 nos

84 1734 261 1787 positos,
296 1738 462 1786 quanto
500 1732 640 1785 magis
678 1745 756 1771 nos
794 1731 876 1770 sibi
915 1729 1125 1770 rebellare
1163 1729 1387 1781 conspicit,
1423 1734 1550 1770 tanto

83 1807 271 1860 amplius
306 1820 562 1859 expugnare
596 1805 848 1852 contendit;
887 1818 962 1843 eos
995 1804 1110 1843 enim
1145 1802 1319 1855 pulsare
1352 1802 1547 1855 negligit,

84 1894 194 1933 quos
237 1881 386 1932 quieto
423 1880 520 1931 jure
562 1879 785 1931 possidere
827 1892 873 1917 se
915 1877 1057 1917 sentit.
1123 1875 1287 1916 Contra
1330 1890 1409 1916 nos
1445 1890 1549 1917 vero

83 1969 134 1994 eo
156 1953 460 1993 vehementius
483 1953 699 2000 incitatur,
724 1965 810 2003 quo
834 1964 890 1990 ex
915 1951 1046 1990 corde
1069 1955 1219 1989 nostro
1238 1949 1334 2000 jure
1356 1950 1546 2002 propriae

81 2026 366 2067 habitationis
413 2024 710 2078 expellitur.’'2
790 2025 863 2064 Ex
916 2030 1040 2076 parte
1081 2037 1183 2063 vero
1236 2024 1400 2071 mundi,
1444 2024 1548 2076 quia

82 2101 174 2153 ejus
197 2113 370 2152 semper
391 2100 472 2139 fuit
495 2100 663 2151 insequi
687 2099 757 2151 pie
781 2103 1018 2150 sancteque
1040 2098 1245 2138 viventes,
1296 2097 1546 2149 Apostolus

79 2169 194 2214 enim
226 2173 452 2226 praedicat,
477 2179 524 2213 ut
557 2173 618 2212 ait
653 2173 697 2211 B.
717 2172 821 2219 Leo,
845 2171 1020 2211 dicens:
1055 2170 1271 2219 “Omnes
1295 2170 1369 2222 qui
1392 2170 1546 2212 volunt

78 2249 120 2287 in
157 2247 331 2288 Christo
372 2247 443 2300 pie
476 2247 630 2295 vivere,
669 2246 1017 2299 persecutionem
1060 2245 1310 2297 patientur;
1357 2250 1400 2284 et
1442 2245 1544 2286 ideo

77 2334 303 2372 nunquam
336 2320 460 2360 deest
491 2320 716 2360 tribulatio
748 2319 1076 2372 persecutionis
1100 2318 1135 2358 si
1167 2331 1394 2370 nunquam
1428 2318 1544 2360 desit

75 2394 352 2434 observantia
383 2392 620 2446 pietatis.''3
682 2393 741 2432 Et
772 2393 1022 2432 Macarius:
1057 2391 1163 2431 “Ea
1192 2398 1259 2432 est
1292 2391 1542 2433 christianae

74 2468 294 2521 religionis
314 2468 411 2518 via;
445 2468 518 2508 ubi
542 2473 608 2507 est
632 2467 822 2520 Spiritus
850 2466 1050 2515 Sanctus,
1074 2466 1132 2506 ibi
1155 2466 1307 2505 statim
1331 2471 1540 2518 sequatur

73 2541 302 2581 conflictus
325 2547 369 2581 et
390 2539 696 2594 persecutio.’'4

159 2614 309 2654 Tertia
351 2615 461 2655 ratio
505 2615 616 2654 sumi
659 2619 807 2667 potest
845 2627 902 2654 ex
940 2619 1064 2667 parte
1102 2613 1198 2663 Dei,
1232 2614 1306 2665 qui
1344 2614 1400 2653 ad
1437 2628 1538 2667 pro-

70 2693 251 2728 ventum
295 2693 339 2727 et
380 2688 614 2728 utilitatem
658 2693 852 2728 nostram
896 2687 1054 2727 tentari
1099 2701 1178 2727 nos
1219 2687 1355 2726 sinit:
1402 2687 1535 2739 idque

70 2760 208 2801 tribus
231 2760 318 2800 fere
340 2761 395 2801 de
417 2761 568 2802 causis.
632 2762 825 2801 Primum
849 2761 1041 2814 quidem,
1065 2767 1113 2801 ut
1134 2774 1213 2814 per
1234 2760 1530 2801 tentationum

143 2872 153 2891 ¹
180 2874 266 2906 Mor.
286 2874 307 2906 l.
327 2884 358 2914 4.
379 2885 406 2906 c.
427 2882 479 2915 23.
614 2873 627 2892 ‘⁸'
651 2875 736 2907 Ibid.
756 2875 776 2907 1.
798 2883 850 2915 24.
871 2886 898 2907 c.
924 2884 971 2908 11.
1108 2873 1121 2894 ³
1147 2875 1215 2907 Ser.
1236 2882 1267 2914 9.
1286 2874 1328 2905 de
1353 2873 1459 2913 Quad.

690 2925 706 2944 ⁴
728 2926 831 2958 Hom.
856 2933 904 2967 15.

245 2986 281 3016 M
