1903 3197
373 232 390 262 1
404 231 467 277 50
684 217 766 263 De
797 218 994 272 ratione
1021 218 1215 266 vivendi
1255 219 1516 267 societatis.

366 350 565 390 dandum
614 350 908 402 significatum
962 357 1037 402 est,
1079 353 1279 405 protinus
1322 352 1682 403 excandescunt;
1734 368 1837 396 cum-¹

366 430 517 464 tamen
554 425 695 477 gratia
728 425 788 465 eis
821 426 966 478 potius
998 425 1202 466 habenda
1235 425 1384 466 esset.''
1450 426 1589 467 Recte
1626 428 1742 468 enim
1780 429 1842 470 de-

367 497 434 537 his
468 498 744 538 Bernardus:
788 498 871 540 “Si
904 499 1038 547 vere,'’
1069 500 1220 553 inquit,
1252 500 1489 540 “mundari
1521 500 1839 551 desiderarent„

368 585 455 611 non
497 572 776 621 irritarentur,
809 574 884 613 sed
921 573 1133 615 haberent
1167 574 1227 614 eis
1265 574 1465 625 gratiam,
1499 575 1571 626 qui
1610 588 1710 615 suas
1748 575 1831 617 illis

370 645 564 686 maculas
596 646 1005 687 demonstrarent.''1

457 719 675 768 Secundo,
720 721 876 761 minuit
918 722 1051 761 etiam
1098 721 1400 762 difficultatem
1439 721 1551 762 hanc
1593 722 1627 762 si
1681 723 1834 763 memi-

369 794 560 834 nerimus
582 794 687 834 nihil
710 795 848 843 nobis,
872 795 945 848 qui
970 796 1068 835 Deo
1091 810 1169 835 nos
1191 802 1309 836 totos
1332 795 1544 845 dedimus,
1565 797 1834 850 regendique

371 870 503 909 nostri
556 869 675 909 velut
725 869 920 910 habenas
974 870 1195 923 Superiori
1248 877 1397 910 nostro
1448 871 1736 923 permisimus,
1791 872 1833 911 in

367 943 537 983 arcanis
588 942 749 983 habere
800 944 953 992 licere3
997 957 1139 996 neque
1181 943 1423 996 quidquam
1462 943 1671 994 clausum,
1714 945 1833 998 quod

368 1031 456 1057 non
493 1017 689 1069 patefieri
732 1031 782 1056 ac
819 1017 965 1069 detegi
1009 1018 1168 1057 nostris
1212 1017 1519 1069 Superioribus
1560 1019 1832 1070 pervelimus.

370 1092 444 1132 Sic
489 1091 606 1130 enim
650 1090 998 1131 Constitutiones
1047 1090 1302 1139 admonent,
1355 1092 1598 1143 praesertim
1646 1092 1720 1131 ubi
1773 1094 1833 1134 sic

367 1164 559 1205 habent:
594 1164 836 1205 “Liberam
870 1166 934 1205 sui
969 1165 1173 1218 ipsorum,
1209 1179 1440 1217 rerumque
1473 1179 1650 1206 suarum
1688 1167 1834 1220 dispo-

369 1239 573 1279 sitionem
601 1253 755 1279 omnes
785 1253 884 1279 cum
907 1253 1010 1280 vera
1039 1239 1290 1279 obedientia
1324 1239 1545 1292 Superiori
1576 1240 1843 1292 relinquant„

369 1312 475 1352 nihil
528 1313 566 1352 ei
617 1312 827 1359 clausum,
880 1327 933 1353 ne
995 1314 1307 1354 conscientiam
1370 1313 1549 1365 quidem
1612 1315 1841 1367 propriam-

369 1385 653 1433 tenend0;”2
692 1387 877 1427 deinde:
926 1387 1162 1436 “Totam,’'
1196 1388 1408 1440 inquiunt,
1449 1387 1677 1428 “animam
1710 1402 1835 1428 suam

370 1458 455 1499 illis
476 1460 646 1512 integre
668 1460 947 1500 manifestam
972 1475 1065 1501 esse
1087 1468 1340 1514 pergratum
1364 1459 1617 1501 habeant.‘’3
1672 1461 1846 1509 Tertio,

370 1533 405 1572 si
458 1532 693 1573 molestum
747 1540 813 1574 est
874 1534 1058 1574 nimium
1121 1534 1362 1587 diligenter,
1417 1540 1460 1574 et
1511 1540 1723 1586 tanquam
1777 1548 1834 1575 ex

370 1607 553 1655 insidiis,
584 1607 719 1647 vitam
763 1621 994 1661 moresque
1031 1615 1203 1649 nostros
1241 1623 1265 1648 a
1298 1608 1567 1648 delatoribus
1604 1608 1835 1655 observari,

370 1679 496 1720 facile
534 1680 794 1734 repellemus
835 1681 948 1722 hanc
986 1682 1246 1728 molestiam,
1280 1683 1312 1722 si
1351 1688 1566 1734 quantum
1610 1695 1666 1721 ex
1705 1695 1755 1722 ea
1793 1695 1848 1723 re·

370 1754 477 1795 lucri
520 1755 646 1795 nobis
688 1757 879 1804 accedat,
916 1756 1144 1797 nobiscum
1188 1756 1268 1809 ipsi
1314 1761 1574 1808 reputemus
1639 1755 1769 1806 Nam,
1802 1757 1836 1796 si

372 1829 632 1881 magistrum
671 1843 853 1879 morum,
893 1831 1209 1882 custodemque
1238 1830 1339 1869 vitze
1374 1834 1533 1869 nostrae
1566 1828 1847 1870 habebamus

370 1903 414 1942 in
438 1903 584 1942 seculo
607 1904 809 1944 mercede
832 1905 1110 1953 conductum,
1135 1919 1222 1957 quo
1244 1904 1355 1944 duce
1378 1909 1511 1956 atque
1532 1916 1712 1943 censore
1733 1904 1845 1944 vitia

371 1982 520 2017 nostra
558 1991 848 2017 exueremus:
891 1992 966 2018 cur
998 1984 1065 2019 tot
1101 1977 1255 2019 fratres
1292 1978 1427 2031 gratis
1465 1991 1542 2017 nos
1580 1977 1837 2027 deferentes,

373 2063 514 2103 eaque
555 2051 723 2091 ratione
765 2057 1012 2092 nostrorum
1066 2066 1145 2092 nos
1192 2066 1363 2092 morum
1406 2051 1706 2100 admonentes,
1750 2065 1838 2092 non

370 2124 568 2165 hilariter
598 2126 917 2165 admittemus?
980 2126 1038 2167 Et
1065 2140 1168 2166 vero
1202 2127 1314 2166 inter
1345 2125 1452 2165 alias
1484 2126 1838 2178 opportunitates

374 2198 612 2250 Religiosae
653 2199 755 2238 vitae
797 2199 891 2238 haec
934 2205 999 2239 est
1041 2213 1128 2239 una
1169 2200 1224 2239 de
1265 2199 1515 2252 praecipuis..
1541 2200 1665 2251 quod
1701 2199 1744 2239 in
1787 2213 1843 2241 ea,

373 2272 478 2311 mali
499 2272 732 2324 vitiosique
755 2285 897 2312 mores
924 2272 1198 2326 aliorumque
1220 2273 1514 2313 delationibus
1537 2272 1846 2314 emendantur..

375 2346 466 2387 Ubi
508 2346 622 2386 enim
666 2353 768 2386 sunt
804 2352 871 2386 tot
912 2347 1025 2387 oculi
1068 2347 1143 2400 qui
1185 2354 1229 2388 te
1271 2347 1542 2391 custodiunt..
1569 2346 1736 2386 n-ull'um
1779 2347 1845 2388 ibi¹

372 2420 582 2473 gravioris
615 2426 681 2460 est
713 2421 849 2460 ruinae
881 2421 1132 2474 periculum.
1198 2421 1382 2475 Quarto,
1423 2421 1667 2474 plurimum
1704 2421 1843 2461 etiam*

375 2493 490 2534 valet
530 2494 586 2534 ad
629 2495 831 2535 serendas
871 2510 1000 2548 aequo
1042 2497 1191 2536 animo
1228 2495 1489 2545 delationes,
1524 2494 1630 2534 illud
1667 2500 1842 2535 attente⁴

372 2569 637 2616 meminisse,
679 2582 834 2609 omnes
881 2569 1083 2610 homines
1131 2570 1346 2610 erroribus
1387 2582 1482 2609 esse
1524 2568 1757 2620 subjectos,
1794 2574 1838 2610 et

371 2655 548 2682 necesse
580 2656 674 2682 esse
706 2656 859 2683 omnes
889 2643 1129 2696 aliquando
1158 2643 1324 2692 cadere,
1357 2642 1462 2683 dum
1497 2643 1540 2682 in
1572 2642 1655 2682 hoe
1689 2641 1837 2683 seculo

371 2715 633 2765 detinentur,
677 2722 725 2756 ut
767 2716 1016 2757 Bernardus
1050 2716 1142 2757 ait.4
1203 2717 1433 2770 Superbiae
1476 2716 1608 2769 igitur
1643 2715 1761 2765 vitio,
1794 2722 1839 2757 et

367 2789 548 2842 quidem
591 2803 757 2842 magno
796 2803 883 2830 non
926 2796 1090 2840 caveat,
1127 2790 1163 2830 si
1205 2791 1304 2843 quis
1334 2796 1409 2830 aut
1441 2789 1591 2842 culpae
1623 2802 1670 2829 se
1709 2794 1841 2842 putet

390 2885 401 2905 ¹
426 2888 481 2919 De
503 2888 591 2920 Adv.
613 2888 712 2920 Dom.
735 2888 806 2920 Ser.
825 2897 857 2927 4.
978 2886 992 2906 2
1031 2889 1068 2919 P.
1088 2897 1119 2928 4.
1140 2898 1168 2920 c.
1192 2896 1239 2920 10.
1261 2889 1277 2925 ξ
1303 2893 1332 2928 5.
1478 2887 1491 2905 ²²
1516 2888 1552 2919 P.
1573 2895 1651 2928 3..c.
1675 2894 1701 2918 Ι.
1723 2887 1739 2924 ξ
1759 2894 1814 2918 12

812 2938 828 2957 ⁴²
850 2939 892 2970 In
917 2939 1002 2971 Psal.
1023 2948 1075 2979 90.
1101 2940 1203 2979 “Qui
1226 2939 1398 2970 habitat„
