1903 3197
277 235 373 278 660
593 229 673 275 De
708 229 897 275 ratione
931 229 1128 275 vivendi
1163 229 1424 276 Socz'cz‘atz‘s.

366 366 468 405 Huc
499 364 691 417 pertinet
723 363 829 403 illud
865 363 1078 403 Bernardi
1108 364 1163 403 de
1186 364 1375 416 superbo
1400 364 1511 416 “qui
1533 370 1682 404 vetera
1703 371 1747 405 et

275 454 390 480 nova
424 439 599 492 profert,
639 444 735 478 orta
773 438 1004 478 occasione
1041 438 1281 491 loquendi;
1318 438 1471 478 volant
1503 439 1745 489 sententiae,

274 515 408 555 verba
431 519 639 553 resonant
662 512 946 565 ampullosa.”
1005 512 1158 565 Atque
1180 512 1250 552 hic
1274 512 1622 565 reprehendendi
1645 520 1748 554 sunt

275 589 347 637 illi,
372 589 444 641 qui
467 588 544 628 vix
568 588 624 627 ad
655 587 912 640 religionem
946 593 1237 636 accesserunt,
1262 594 1305 627 et
1328 594 1478 627 tamen
1511 588 1747 640 magistros

274 677 320 703 se
343 662 615 716 profitentur.

364 736 465 790 Quo
488 737 666 790 quidem
699 738 890 789 pertinet
912 737 1168 789 exemplum
1202 736 1453 776 Alexandri
1489 736 1654 789 Magni,
1678 737 1748 777 cui

276 813 320 852 in
343 812 516 865 Apellis
539 811 715 851 officina
747 812 801 851 de
831 812 1001 864 pictura
1031 812 1233 863 imperite
1263 812 1519 864 disputanti,
1554 812 1749 852 ostendit

276 887 460 940 Apelles
494 900 652 940 pueros
683 900 795 934 suos,
824 887 898 938 qui
932 885 1100 925 colores
1132 892 1334 935 tererent,
1369 887 1609 926 irridentes.
1673 886 1747 926 Ex

274 962 380 1002 Plin.

702 1094 767 1124 DE
800 1094 1026 1124 MATERIA
1060 1094 1320 1125 SERMONIS.

367 1186 419 1225 In
453 1185 637 1225 materia
669 1185 757 1224 duo
791 1185 1034 1238 spectanda
1067 1191 1179 1233 sunt,
1214 1186 1439 1237 quantitas
1471 1192 1515 1226 et
1547 1186 1747 1239 qualitas.

279 1261 331 1300 In
367 1260 617 1312 quantitate
652 1260 830 1312 quidem
866 1260 1105 1300 videndum
1142 1266 1219 1309 est,
1255 1266 1302 1300 ut
1334 1261 1566 1301 verborum
1601 1262 1750 1302 multi-

276 1335 430 1374 tudine
454 1335 767 1382 abstineamus,
792 1334 896 1387 quia
925 1334 1065 1374 multa
1097 1334 1198 1374 hinc
1222 1335 1420 1374 oriuntur
1453 1336 1747 1386 incommoda,

276 1410 352 1449 sed
377 1410 598 1462 praecipue
621 1409 825 1462 quinque.

370 1491 433 1524 1¹¹¹.
468 1484 729 1524 Vei-bositas
764 1484 935 1523 animas
968 1483 1116 1533 laedit,
1161 1484 1293 1524 Eccli.
1326 1495 1405 1525 20:
1440 1484 1562 1538 “Qui
1597 1486 1748 1526 multis

276 1560 412 1599 utitur
443 1559 586 1598 verbis
619 1558 740 1598 laedit
773 1558 968 1597 animam
1002 1557 1190 1608 suam;''
1233 1558 1336 1610 quia
1368 1565 1434 1598 est
1465 1566 1747 1611 peccatorum

275 1633 515 1673 multorum
550 1647 719 1685 parens
784 1633 905 1672 Prov.
937 1643 1012 1672 10:
1047 1632 1135 1671 “In
1172 1632 1451 1685 multiloquio
1482 1648 1570 1674 non
1608 1635 1749 1676 deerit

274 1707 543 1761 peccatum.‘'
579 1707 748 1747 Idcirco
768 1707 907 1746 multa
925 1707 1166 1746 otiosorum
1184 1707 1416 1746 verborum
1434 1714 1500 1747 est
1523 1709 1749 1749 reddenda

276 1784 398 1822 ratio.
464 1782 585 1835 Lege
618 1781 875 1834 exemplum
914 1788 1068 1834 aptum
1104 1781 1146 1820 in
1182 1781 1411 1821 Chronicis
1445 1782 1487 1823 S.
1514 1783 1748 1833 Francisei,

273 1872 362 1911 par.
389 1868 423 1896 2.
449 1857 472 1896 1.
496 1869 533 1907 4.
558 1871 589 1896 c.
619 1865 667 1907 35
704 1857 759 1895 de
791 1870 843 1895 eo
877 1856 1055 1903 novitio,
1080 1855 1154 1901 qui
1188 1857 1573 1909 appropinquante
1605 1864 1749 1899 morte

273 1937 446 1971 tantam
499 1931 619 1983 exigi
672 1931 887 1970 rationem
937 1930 1048 1969 vidit
1101 1929 1314 1982 cujusque
1354 1931 1474 1970 verbi
1517 1932 1656 1980 otiosi,
1701 1939 1750 1972 ut

276 2007 444 2046 cunctis
488 2006 770 2046 audientibus
812 2005 1107 2045 exclamavit:
1151 2004 1263 2044 “Me
1314 2006 1534 2056 miserum,
1577 2007 1746 2047 utinam

276 2087 406 2121 natus
430 2095 518 2121 non
542 2080 757 2129 fuissem.'’
822 2080 880 2119 Et
904 2093 997 2132 cap.
1020 2090 1086 2130 43.
1111 2080 1166 2119 de
1190 2080 1235 2119 B.
1261 2080 1464 2132 Rogerio.

365 2162 420 2196 20.
456 2155 574 2208 Quia
607 2155 852 2195 verbositas
886 2161 952 2194 est
984 2155 1159 2207 signum
1196 2155 1470 2207 insipientiae.
1534 2155 1650 2195 Eccl.
1688 2167 1747 2197 10.

276 2229 478 2271 “Stultus
501 2230 635 2270 verba
659 2228 960 2282 multiplicat.''
995 2228 1163 2269 Contra
1179 2243 1282 2269 vero
1304 2229 1535 2269 verborum
1558 2231 1749 2282 parcitas

275 2306 506 2358 sapientiae
540 2319 591 2345 ac
625 2305 885 2358 prudentiae.
950 2304 1071 2344 Prov.
1107 2314 1183 2355 17:
1218 2303 1341 2356 “Qui
1376 2305 1630 2347 moderatur
1664 2319 1748 2345 ser-

275 2393 429 2419 mones
472 2393 586 2429 suos,
619 2380 777 2419 doctus
820 2385 863 2418 et
905 2378 1099 2431 prudens
1141 2378 1243 2417 est.”
1317 2378 1377 2418 Et
1418 2392 1450 2418 c.
1495 2389 1570 2419 10:
1624 2378 1750 2432 “Qui

277 2454 532 2493 moderatur
563 2453 681 2493 labia
713 2467 803 2500 sua,
837 2452 1241 2505 prudentissimus?
1304 2452 1436 2492 Eccli.
1466 2463 1545 2493 21:
1570 2453 1752 2495 “Verba

275 2530 544 2582 prudentum
575 2535 740 2568 statera
772 2526 1168 2580 ponderabuntur.”

366 2604 418 2644 In
450 2603 534 2644 hoc
566 2603 783 2643 imitanda
819 2609 883 2643 est
917 2616 1006 2655 prae
1042 2602 1210 2642 caeteris
1246 2602 1330 2642 Dei
1362 2602 1534 2655 Mater;
1572 2604 1626 2643 de
1663 2617 1750 2657 qua

273 2679 334 2718 sic
357 2679 508 2718 scribit
530 2692 587 2718 ex
619 2677 874 2730 Epiphanio
906 2676 1193 2729 NicephoruS,
1220 2676 1335 2718 Eccl.
1363 2678 1480 2717 Hist.
1505 2678 1528 2717 l.
1554 2689 1589 2717 2.
1614 2692 1645 2718 c.
1668 2689 1719 2729 23
1740 2692 1749 2719 :

274 2754 415 2793 “Erat
438 2754 481 2792 in
504 2753 632 2793 rebus
655 2752 860 2792 omnibus
883 2752 1079 2800 honesta,
1097 2757 1141 2791 et
1158 2752 1317 2803 gravia,
1338 2766 1476 2805 eaque
1493 2753 1748 2803 necessaria,

271 2827 493 2880 loquens.''
558 2827 680 2879 Lege
714 2825 1011 2876 Plutarchum,
1035 2827 1090 2866 de
1123 2826 1305 2873 Garrul.,
1336 2826 1409 2866 ubi
1441 2827 1529 2867 ait:
1564 2827 1747 2867 “Deum

269 2901 314 2940 in
353 2901 538 2941 oraculis
574 2901 795 2949 brevitati,
828 2907 872 2940 et
906 2901 1170 2954 compendio
1206 2901 1391 2942 studere.
1455 2901 1514 2941 Et
1546 2901 1619 2953 qui
1654 2901 1748 2942 sine

267 2976 410 3017 verbis
428 2990 506 3030 per
522 2982 735 3017 tesseram
755 2974 1008 3029 significant
1028 2975 1204 3029 aliquid,
1224 2989 1298 3016 eos
1316 2975 1594 3016 admirationi
1613 2974 1748 3017 esse.”
