1903 3197
287 188 386 232 434
616 172 695 218 De
728 172 918 219 ratione
952 173 1144 220 vivendi
1177 173 1437 221 Socz'etatz‘s.

288 304 380 357 ejus
432 319 645 358 organum
699 312 742 346 et
798 307 1166 357 instrumentum;
1219 307 1321 346 hinc
1373 306 1423 346 fit
1475 312 1523 346 ut
1574 307 1760 347 assiduis

288 379 448 418 mentis
477 380 632 419 studiis
662 386 794 432 atque
827 381 1228 429 exercitationibus,
1254 380 1335 420 nisi
1369 381 1756 434 interrumpantur,

287 454 533 505 modusque
565 453 722 506 aliquis
753 455 1024 504 adhibeatur,
1055 469 1143 495 non
1175 455 1267 495 sine
1302 468 1467 507 magno
1495 454 1760 495 valetudinis

287 528 570 568 incommodo
602 529 906 581 defatigemur.

377 601 464 642 Sed
498 603 572 655 qui
604 603 785 643 tandem
818 610 883 643 est
914 605 996 644 iste
1028 603 1196 652 modus,
1220 616 1352 655 quem
1385 603 1429 642 in
1462 602 1753 655 suscipiendis

288 677 448 716 mentis
490 677 735 717 actionibus
772 678 956 718 dicimus
988 677 1328 718 adhibendum?
1392 676 1586 718 Omnino
1619 676 1756 729 quad-

287 749 443 803 ruplex
476 764 533 790 ex
568 751 965 792 Constitutionibus
998 751 1142 804 colligi
1175 757 1335 804 potest.

376 824 545 864 Primus
575 832 641 865 est
666 825 920 865 vicissitudo
951 831 994 865 et
1026 826 1315 865 commutatio
1342 825 1587 865 studiorum
1623 825 1755 865 inter-

281 898 421 937 iorum
458 912 558 937 cum
601 899 919 938 exterioribus:
954 898 1106 950 “Qum
1150 899 1332 950 quidem
1371 898 1602 947 externis‚’'
1637 898 1755 939 Con-

281 972 453 1012 stitutio
495 972 645 1024 inquit,
687 973 978 1025 “interrumpi
1017 972 1227 1012 deberent
1264 980 1308 1012 et
1350 986 1437 1012 non
1469 971 1749 1013 continuari.”

287 1046 433 1094 Ratio,
465 1051 513 1084 ut
549 1060 679 1098 supra
716 1046 1068 1098 significavimus,
1103 1045 1270 1098 duplex
1314 1052 1388 1086 est.
1452 1045 1619 1095 Altera,
1653 1046 1756 1098 quia

286 1119 411 1159 labor
448 1125 491 1159 et
525 1125 710 1160 externa
747 1120 1007 1160 exercitatio
1043 1121 1241 1159 animum
1283 1120 1339 1159 ad
1382 1119 1537 1159 horam
1576 1120 1758 1169 detinet,

289 1199 336 1233 ut
360 1193 606 1233 Bernardus
635 1193 793 1246 ajebat,
818 1199 999 1246 propter
1027 1193 1379 1242 delectationem,
1403 1207 1502 1245 quae
1534 1193 1577 1233 in
1607 1192 1757 1244 hujus-

286 1269 459 1307 cemodi
497 1267 720 1308 laboribus
757 1268 844 1308 fere
882 1269 1025 1308 inest:
1073 1268 1309 1308 delectatio
1346 1274 1495 1308 autem
1534 1273 1600 1308 est
1632 1267 1757 1320 quies

285 1342 431 1390 animi,
476 1356 554 1395 per
597 1356 729 1395 quam
782 1343 965 1383 solvitur
1015 1348 1150 1395 atque
1201 1343 1420 1383 evanescit
1467 1343 1610 1382 omnis
1662 1342 1756 1394 ejus

286 1414 574 1468 defatigatio.1
636 1416 792 1456 Altera
826 1430 928 1456 vero
971 1422 1047 1465 est,
1078 1417 1181 1469 quia
1222 1417 1317 1469 ipsa
1354 1416 1599 1456 studiorum
1636 1429 1758 1456 com-

287 1490 474 1528 mutatio
524 1489 680 1529 minuit
726 1489 933 1539 laborem,
979 1490 1084 1530 dum
1137 1491 1322 1530 remittit
1368 1490 1669 1539 intentionem,
1713 1495 1758 1530 et

287 1563 483 1602 animum
512 1563 569 1602 ad
600 1563 685 1603 alia
714 1563 874 1603 leviora
898 1569 941 1603 et
963 1564 1162 1603 sensibus
1185 1564 1355 1604 notiora
1377 1564 1577 1603 traducit.
1642 1563 1756 1616 Quae

285 1637 575 1676 commutatio
618 1651 668 1676 ac
701 1637 957 1677 vicissitudo
1000 1637 1203 1677 eamdem
1237 1639 1326 1677 vim
1369 1637 1504 1677 habet
1547 1638 1590 1676 in
1625 1637 1757 1677 variis

285 1711 441 1750 studiis
485 1711 656 1760 mentis,
691 1712 796 1750 dum
840 1711 896 1751 ab
939 1725 1026 1751 uno
1068 1712 1124 1751 ad
1168 1711 1284 1751 aliud
1328 1711 1526 1751 animum
1569 1717 1757 1760 revocat,

286 1790 333 1824 ut
371 1784 568 1836 quotidie
613 1785 737 1824 nobis
779 1799 859 1825 usu
894 1786 1024 1825 venit.
1095 1786 1364 1838 Experimur
1401 1786 1530 1834 enim,
1561 1799 1661 1825 cum
1699 1798 1757 1825 ex

286 1858 469 1910 alicujus
501 1858 597 1898 libri
631 1858 817 1899 lectione
844 1859 1088 1912 defatigata
1118 1873 1241 1899 mens
1272 1866 1348 1909 est,
1372 1860 1406 1899 si
1439 1859 1754 1912 cogitationem

287 1932 343 1971 ad
386 1931 471 1972 alia
509 1932 665 1981 studia,
702 1933 907 1973 interiora
949 1933 1022 1973 illa
1057 1934 1248 1986 quidem,
1283 1933 1360 1974 sed
1402 1939 1552 1974 tamen
1594 1933 1756 1974 leviora

287 2012 329 2046 et
361 2005 622 2057 jucundiora
654 2007 949 2056 traducamus,
985 2007 1121 2047 minui
1155 2021 1316 2060 magna
1348 2021 1405 2047 ex
1438 2013 1563 2060 parte
1600 2006 1757 2047 defati-

287 2080 524 2132 gationem,
569 2086 616 2120 ut
663 2080 697 2120 si
740 2095 765 2120 a
808 2080 1102 2134 Philosophiae
1154 2081 1384 2133 cujusdam
1437 2080 1661 2120 divinioris
1714 2085 1757 2120 et

286 2153 551 2193 sublimioris
605 2154 978 2207 contemplatione
1029 2155 1085 2194 ad
1138 2154 1322 2207 physica
1373 2168 1452 2194 nos
1502 2160 1545 2194 et
1587 2159 1755 2194 naturae

286 2227 492 2274 studium,
517 2226 635 2279 quod
668 2241 746 2279 per
774 2241 821 2266 se
850 2227 985 2267 levius
1014 2241 1065 2267 ac
1088 2227 1286 2267 sensibus
1313 2227 1549 2280 jucundius
1571 2226 1756 2276 videtur,

286 2305 622 2340 convertamus:
665 2307 741 2340 aut
782 2300 838 2340 ab
879 2300 961 2340 hac
1003 2301 1059 2340 ad
1101 2301 1436 2349 humanitatem,
1470 2314 1569 2353 quae
1612 2301 1755 2354 magis

285 2371 429 2413 adhuc
461 2378 757 2413 consentanea
790 2374 988 2414 sensibus
1010 2374 1145 2414 videri
1177 2380 1338 2427 potest,
1365 2374 1562 2414 animum
1595 2373 1754 2414 refera-

286 2460 394 2487 mus.
459 2446 762 2487 Commutatio
795 2447 927 2499 igitur
962 2448 1058 2500 ipsa
1090 2448 1347 2498 studiorum,
1374 2448 1617 2501 praesertim
1652 2461 1752 2488 cum

285 2520 348 2569 iis,
373 2533 472 2572 quae
495 2525 538 2560 et
561 2520 722 2560 leviora
745 2527 788 2560 et
811 2522 980 2561 notiora
1002 2527 1105 2562 sunt
1127 2522 1337 2571 sensibus,
1361 2527 1409 2562 ut
1430 2527 1532 2562 sunt
1554 2527 1752 2570 externa,

285 2593 467 2635 mirifice
508 2600 674 2634 recreat
708 2593 996 2647 defatigatam
1040 2601 1245 2636 mentem.
1311 2596 1375 2637 Ut
1417 2595 1533 2636 enim
1576 2594 1752 2636 difficile

284 2673 418 2720 atque
460 2667 697 2721 injucunde
729 2667 903 2708 videtur
943 2683 1127 2710 avocare
1169 2675 1363 2709 mentem
1400 2683 1426 2710 a
1464 2669 1672 2716 sensibus,
1708 2673 1754 2709 et

286 2740 504 2782 abducere
547 2741 744 2782 animum
791 2756 817 2781 a
864 2744 1181 2784 consuetudine
1222 2743 1479 2792 oculorum3
1526 2742 1587 2782 sic
1628 2740 1754 2782 facile

288 2819 333 2855 et
351 2813 595 2867 jucundum
618 2829 644 2857 a
666 2814 963 2869 spiritualibus
992 2823 1036 2858 et
1058 2816 1384 2858 sublimioribus
1412 2814 1754 2870 cogitationibus

787 2903 800 2924 ¹
824 2905 925 2939 Arist.
947 2907 1033 2939 Dist.
1053 2907 1074 2939 1.
1095 2915 1125 2939 2.
1146 2917 1179 2949 q.
1198 2915 1250 2947 29.
