1903 3197
686 203 764 248 De
800 203 844 249 C
841 205 1045 251 castilate.
1501 219 1525 264 3
1539 219 1554 250 1
1568 218 1591 264 5

133 337 294 390 gradus
319 334 530 388 religiosae
560 334 785 374 castitatis.
850 335 993 374 Prima
1017 342 1082 375 est
1111 337 1381 376 continentia
1410 336 1466 376 ab
1495 342 1595 377 actu

135 410 306 459 carnali,
340 422 438 449 cum
476 408 701 461 proposito
736 408 986 448 continendi
1020 410 1298 461 negandique
1335 423 1592 450 consensum

134 484 356 536 quibusvis
377 482 520 535 pravis
544 482 746 521 motibus.
799 482 940 530 Hunc,
964 482 1036 529 ait,
1062 481 1259 521 infimum
1284 496 1377 522 esse
1399 484 1596 534 gradum,

135 563 178 598 et
201 556 343 597 adhuc
366 557 407 596 in
431 555 578 595 labore
600 568 761 608 pugnae
784 556 954 603 versari,
974 561 1107 607 atque
1130 557 1171 595 in
1195 556 1359 595 incerto
1382 557 1595 606 vict01·iae;

135 631 272 671 solam
315 630 477 682 quippe
527 628 812 673 voluntatem,
850 629 1013 668 Divina
1049 634 1199 669 tamen
1242 630 1382 681 gratia
1425 631 1596 678 comite,

134 710 322 756 quatuor
368 703 486 742 hisce
534 715 633 742 cum
685 702 884 742 hostibus
926 702 1174 751 decertare;
1222 703 1363 743 carnis
1418 703 1596 755 pruritu,

135 777 377 818 affectionis
449 777 661 829 appetitu,
728 775 920 816 libidinis
994 777 1286 825 irritamentis,
1343 776 1596 816 daemonum

132 850 442 903 suggestione3
504 850 565 889 ita
606 846 794 901 quatuor
836 863 930 889 esse
971 855 1122 890 contra
1164 850 1284 890 duos.
1368 849 1597 890 Secundus

133 923 296 976 gradus
327 922 445 975 apud
478 923 665 963 eundem
701 928 777 969 est,
800 937 898 963 cum
923 937 999 976 per
1031 924 1220 977 corporis
1254 924 1596 964 macerationem

134 996 306 1049 aliaque
357 997 430 1048 pia
480 997 637 1045 studia,
681 1003 725 1037 et
776 997 957 1038 affectus
1007 998 1100 1050 ipse
1148 1003 1369 1051 purgatur,
1413 1004 1456 1038 et
1497 1012 1597 1038 caro

134 1070 302 1122 spiritui
345 1070 404 1109 ita
446 1069 683 1121 subjicitur,
717 1077 765 1111 ut
802 1071 894 1123 jam
939 1072 1086 1111 mitius
1130 1072 1354 1124 rariusque
1391 1078 1594 1112 tentetur.

135 1144 187 1183 In
211 1143 293 1183 hoc
322 1144 472 1196 gradu,
497 1150 571 1184 aut
594 1144 712 1184 nulla
737 1144 830 1196 jam
854 1145 972 1185 lucta
995 1152 1069 1194 est,
1093 1152 1168 1186 aut
1197 1146 1438 1186 admodum
1466 1146 1571 1186 levis
1592 1160 1599 1196 ;

136 1217 248 1257 facili
287 1218 402 1257 enim
441 1217 617 1270 negotio
655 1217 847 1257 libidinis
881 1220 1120 1260 commotio
1159 1220 1346 1269 sedatur,
1385 1226 1428 1260 et
1461 1221 1597 1273 impe-

135 1291 282 1341 rando,
308 1291 447 1343 magis
477 1304 609 1343 quam
638 1291 903 1340 reluctando,
929 1293 1008 1332 nisi
1033 1293 1143 1333 forte
1172 1299 1351 1346 propter
1373 1294 1598 1347 negligen-

133 1364 239 1404 tiam
264 1370 396 1416 atque
418 1364 632 1404 desidiam
657 1379 755 1405 caro
783 1365 878 1418 ipsa
901 1366 1118 1406 interdum
1143 1368 1316 1419 gravius
1340 1368 1597 1420 impugnare

134 1443 177 1477 et
204 1437 316 1477 vires
348 1450 519 1476 sumere
552 1439 841 1490 permittatur,
877 1445 924 1478 ut
961 1453 1038 1491 per
1069 1453 1168 1491 quae
1201 1441 1298 1492 quis
1341 1442 1597 1492 peccaverit,

133 1524 210 1563 per
231 1511 385 1550 eadem
409 1512 622 1563 puniatur.
690 1512 789 1551 Hoc
812 1518 961 1552 tamen
994 1514 1101 1562 loco,
1135 1514 1180 1553 B.
1207 1514 1374 1555 Doctor
1395 1514 1600 1554 observat

133 1597 300 1624 morem
324 1597 418 1624 esse
440 1585 665 1633 daemonis,
691 1599 789 1626 cum
814 1587 947 1626 semel
975 1592 1149 1627 strenue
1182 1587 1438 1640 fortiterque
1459 1587 1599 1628 victus

133 1663 208 1706 est,
233 1658 386 1697 cedere
416 1659 632 1698 interdum
663 1659 719 1699 ad
748 1666 933 1712 tempus,
958 1667 1001 1700 et
1024 1661 1079 1700 ab
1110 1661 1442 1713 oppugnatione
1464 1660 1598 1701 desis-

135 1737 237 1779 tere,
271 1731 377 1770 dum
411 1732 604 1771 certandi
642 1746 766 1772 usum
806 1734 1167 1786 repugnandique
1204 1733 1508 1784 dediscamus;
1548 1748 1599 1774 eo

137 1817 240 1844 sane
277 1804 468 1852 consilio,
508 1810 555 1844 ut
597 1819 704 1845 mox
747 1806 801 1845 de
845 1807 1080 1859 improviso
1124 1821 1202 1847 nos
1244 1808 1434 1856 adortus,
1473 1813 1598 1848 tanto

137 1878 295 1918 certius
337 1891 416 1917 nec
463 1879 693 1930 opinantes
740 1885 917 1929 sternat,
962 1886 1129 1932 quanto
1173 1881 1475 1933 imparatiores
1523 1895 1602 1921 nos

135 1952 364 2003 magisque
395 1952 581 1992 inermes
603 1952 843 1993 offenderit.
910 1953 973 1993 Ut
1003 1954 1114 1993 inter
1142 1953 1342 1994 homines
1364 1954 1483 1995 venit
1506 1968 1596 2002 usu,

134 2039 233 2065 cum
275 2025 412 2065 hostis
455 2026 496 2064 in
537 2025 710 2065 hostem
754 2027 874 2066 irruit
917 2027 1144 2079 magisque
1186 2033 1280 2067 tum
1324 2028 1458 2077 scevit,
1497 2041 1596 2068 cum

136 2099 255 2148 alter,
279 2099 432 2151 positis
455 2099 596 2147 armis
620 2099 880 2151 abjectoque
903 2099 1023 2149 ferro,
1048 2114 1223 2140 securus
1252 2108 1385 2154 atque
1407 2102 1597 2143 oscitans

139 2173 397 2225 conquievit.
463 2172 598 2225 Cujus
621 2173 680 2212 rei
704 2173 887 2226 figuram
912 2174 1126 2214 cernimus
1151 2175 1296 2215 Primo
1320 2175 1600 2216 Machabaeo-

134 2260 229 2286 rum
273 2247 419 2295 Libro,
457 2246 530 2286 ubi
565 2247 636 2287 die
679 2246 888 2296 Sabbato,
927 2261 1085 2300 nempe
1128 2249 1170 2287 in
1213 2249 1304 2288 otio
1346 2263 1396 2288 ac
1438 2250 1596 2301 quiete,

135 2320 299 2360 bellum
329 2320 457 2372 Judae
487 2320 632 2360 intulit
661 2321 809 2369 hostis,
833 2321 1132 2374 plurimosque
1155 2336 1212 2362 ex
1246 2322 1439 2362 Hebraea
1467 2328 1599 2375 gente

135 2394 315 2434 necavit.
378 2393 455 2434 Ad
491 2394 606 2434 hunc
644 2395 774 2447 igitur
809 2396 995 2448 gradum
1034 2397 1315 2447 quantumvis
1350 2396 1508 2449 aliquis
1540 2397 1599 2436 ita

135 2468 391 2521 pervenerit,
420 2474 468 2508 ut
503 2468 622 2509 nulla
650 2469 743 2521 jam
778 2469 895 2510 lucta
929 2483 1154 2523 superesse
1183 2470 1395 2519 videatur,
1428 2483 1602 2523 semper

131 2548 283 2582 tamen
320 2543 452 2588 debet
491 2556 584 2583 esse
621 2549 799 2596 paratus
836 2544 891 2584 ad
924 2558 1131 2597 pugnam,
1164 2557 1218 2584 ne
1252 2545 1460 2584 securitas
1498 2557 1595 2584 eum

134 2622 309 2656 sternat.
371 2616 547 2657 Tertius
570 2624 636 2657 est
657 2617 818 2670 gradus
847 2618 907 2657 ita
929 2618 1146 2658 edomitos
1169 2623 1301 2671 atque
1323 2631 1598 2671 compressos

131 2689 293 2729 habere
335 2689 525 2730 libidinis
578 2697 735 2739 motus,
780 2698 827 2731 ut
871 2692 947 2731 vix
999 2692 1216 2732 rarissime
1258 2698 1301 2732 et
1341 2692 1596 2732 tenuissime

132 2763 405 2813 sentiantur;
482 2765 706 2817 talemque
772 2778 829 2804 ex
897 2765 1055 2806 affectu
1123 2766 1315 2805 induisse
1381 2765 1596 2805 castitatis

128 2850 337 2886 amorem,
369 2843 417 2878 ut
445 2837 620 2878 horreat
642 2839 737 2890 quis
765 2852 814 2878 ac
846 2838 1099 2888 detestetur,
1126 2840 1258 2879 etiam
1288 2839 1343 2878 ad
1374 2851 1595 2887 nauseam,

127 2924 281 2951 omnes
330 2911 470 2952 carnis
513 2917 670 2961 motus,
724 2912 813 2953 imo
865 2926 944 2953 nec
996 2913 1145 2953 audire
1187 2917 1319 2964 queat
1370 2925 1593 2953 sermones
