1903 3197
290 146 379 206 178
608 145 687 191 De
720 145 908 192 ratione
941 147 1134 194 vivendi
1166 148 1426 196 Socz'elatzlr.

281 278 534 319 conflictum
570 279 865 332 nosmetipsos
902 294 1146 330 noscamus,
1178 281 1260 321 hoc
1295 286 1360 321 est
1398 281 1744 322 imbecillitatem

281 358 475 393 nostram
500 353 851 406 tenuitatemque
883 355 1039 395 virium
1076 362 1351 405 nostra1·um;
1385 369 1472 407 qua
1506 369 1563 395 ex
1598 356 1748 408 cogni-

281 426 400 467 tione
423 427 600 479 gemina
623 427 841 468 redundat
864 430 1039 470 utilitas.
1086 430 1254 478 Altera,
1279 435 1327 469 ut
1350 429 1591 469 modestius
1613 435 1747 482 atque

282 502 540 541 submissius
592 515 671 542 nos
723 516 926 555 geramus
978 505 1020 543 in
1072 511 1327 557 posterum;
1380 504 1487 544 dicit
1538 504 1655 543 enim
1699 504 1748 545 B.

284 573 540 627 Gregorius:
564 576 647 615 “In
672 578 833 617 sanctis
856 579 1147 618 tentationem
1167 592 1340 631 semper
1362 578 1554 630 aliquam
1577 592 1748 630 perma-

281 662 394 699 nere,
411 663 466 689 nc
485 663 606 689 mens
630 651 673 690 in
696 652 947 703 superbiam
966 666 1011 691 se
1029 651 1219 693 dilatet.’‘
1253 652 1420 699 Altera,
1437 659 1484 692 ut
1502 653 1749 692 tentatione

281 724 479 777 oppressi
503 724 808 777 confugiamus
831 726 886 765 ad
915 727 1073 775 Deum,
1100 733 1147 767 ut
1168 741 1291 780 spem
1315 727 1508 767 victoriae
1531 740 1750 779 ponamus

282 798 325 837 in
349 798 428 847 Eo,
453 798 782 851 clamemusque
805 813 904 839 cum
941 801 1107 841 David:
1142 801 1402 854 “Quoniam
1437 802 1479 840 in
1511 807 1555 841 te
1592 801 1750 853 eripiar

282 886 308 912 a
330 873 587 921 tentatione,
612 879 655 913 et
678 874 720 912 in
745 874 843 914 Deo
868 889 966 914 meo
989 876 1284 927 transgrediar
1307 873 1535 915 murum.''l

370 946 555 995 Deinde,
579 952 628 986 ut
659 948 828 987 caeteris
863 947 1113 988 hominibus
1150 961 1229 988 nos
1259 954 1387 988 notos
1411 948 1553 997 faciat,
1578 948 1660 988 hoc
1683 954 1751 988 est

283 1026 478 1061 nostram
520 1020 739 1069 virtutem,
779 1027 973 1061 nostram
1012 1022 1285 1074 patientiam,
1328 1028 1523 1061 nostram
1566 1021 1608 1059 in
1653 1022 1752 1062 Deo

284 1107 420 1147 spem,
459 1099 507 1133 ut
544 1093 644 1132 hinc
682 1093 846 1134 scilicet
884 1096 1140 1148 exemplum
1181 1101 1345 1147 petant,
1370 1094 1748 1147 quemadmodum

284 1168 326 1207 in
369 1168 458 1207 suis
500 1167 819 1206 tentationibus
860 1182 1009 1220 gerere
1052 1183 1127 1209 eos
1169 1183 1215 1209 se
1257 1174 1469 1222 oporteat.
1556 1168 1753 1220 Ideoque

283 1241 461 1281 dicitur:
487 1241 649 1280 “Hanc
673 1247 820 1281 autem
845 1244 1138 1283 tentationem
1166 1244 1266 1284 ideo
1299 1243 1497 1296 permisit
1532 1242 1753 1282 Dominus

284 1315 457 1355 evenire
490 1315 561 1363 illi,
586 1320 635 1354 ut
668 1316 853 1368 posteris
887 1316 1064 1357 daretur
1097 1318 1354 1370 exemplum
1388 1317 1615 1370 patientiae
1648 1315 1753 1368 ejus,

284 1390 396 1431 sicut
433 1396 476 1429 et
509 1389 646 1429 sancti
680 1389 863 1440 Tobize;
898 1405 1001 1431 nam
1034 1405 1132 1432 cum
1167 1392 1222 1432 ab
1253 1391 1435 1431 infantia
1468 1405 1547 1431 sua
1579 1403 1754 1443 semper

286 1464 432 1504 Deum
468 1463 673 1511 timuerit,
706 1477 793 1503 non
828 1470 894 1504 est
928 1466 1212 1505 contristatus
1249 1472 1402 1505 contra
1440 1465 1599 1512 Deum,
1633 1464 1753 1516 quod

285 1537 419 1590 plaga
456 1536 666 1576 caecitatis
703 1539 896 1578 evenerit
934 1539 983 1587 ei,
1006 1539 1083 1579 sed
1122 1539 1360 1579 immobilis
1398 1538 1441 1578 in
1477 1537 1561 1577 Dei
1595 1537 1754 1577 timore

286 1611 538 1665 permansit,
562 1624 697 1663 agens
729 1613 892 1664 gratias
918 1613 1016 1652 Deo
1038 1613 1244 1653 omnibus
1266 1612 1421 1652 diebus
1445 1612 1547 1651 vitae
1570 1609 1696 1650 suae.''
1713 1608 1729 1632 2

374 1687 602 1726 Postremo
645 1692 692 1726 ut
732 1687 906 1726 virtutis
959 1687 1218 1726 exercendae
1264 1686 1495 1726 materiam
1545 1683 1754 1737 praebeat,

288 1759 405 1800 unde
443 1772 522 1798 nos
560 1765 741 1799 coronet
778 1760 821 1799 in
859 1760 983 1809 60610,
1008 1761 1114 1800 dum
1153 1760 1361 1800 adversus
1398 1758 1547 1798 hostes
1584 1757 1759 1810 egregie

286 1839 507 1874 certamus
550 1833 593 1871 in
631 1838 770 1872 terra:
819 1834 900 1873 nisi
945 1834 1061 1873 enim
1104 1839 1327 1874 certamen
1366 1838 1491 1879 esset,
1531 1831 1606 1871 ubi
1644 1835 1760 1871 esset

286 1921 451 1949 corona
472 1906 699 1947 victoriae?
763 1907 903 1947 Recte
936 1908 1051 1947 enim
1087 1907 1360 1947 Bernardus:
1395 1906 1625 1945 “Necesse
1657 1903 1760 1952 est‚''

289 1981 444 2034 inquit,
483 1984 569 2020 “ut
610 1980 791 2021 veniant
840 1982 1119 2029 tentationes,
1165 1981 1261 2033 quis
1313 1980 1430 2020 enim
1479 1977 1761 2018 coronabitur

292 2056 374 2096 nisi
416 2055 492 2107 qui
535 2054 732 2107 legitime
774 2055 1031 2104 certaverit;
1070 2060 1146 2094 aut
1178 2054 1404 2106 quomodo
1438 2052 1680 2099 certabunt,
1724 2051 1759 2090 si

288 2129 407 2170 ,desit
436 2128 511 2180 qui
546 2126 844 2180 impugnet.''3
906 2129 964 2168 Et
992 2128 1240 2180 Gregorius,
1266 2126 1373 2166 “Ne
1395 2125 1606 2166 securitas
1629 2122 1766 2175 negli-

289 2203 489 2256 gentiam
512 2201 728 2254 generet,''
753 2202 825 2251 ait,
845 2201 1027 2241 “divino
1050 2201 1264 2254 permissu
1288 2199 1547 2240 tentationis
1570 2195 1762 2250 impulsu

295 2289 377 2316 nos
409 2275 533 2324 affici,
557 2288 655 2326 quae
689 2288 768 2314 nos
801 2282 1006 2315 exerceat
1039 2281 1082 2315 et
1114 2274 1347 2326 diligentes
1369 2269 1596 2313 efficiat.’'4
1644 2269 1766 2322 Quo-

288 2350 407 2391 circa
429 2348 734 2402 planissimum
758 2348 824 2388 his
847 2349 1089 2389 rationibus
1111 2348 1202 2388 fieri
1225 2352 1373 2401 potest
1401 2347 1516 2387 viros
1539 2344 1762 2398 praecipue

298 2428 486 2471 sanctos,
509 2428 553 2462 et
583 2423 657 2474 qui
687 2423 743 2462 ad
773 2423 1087 2475 perfectionem
1119 2422 1365 2463 sanctitatis
1395 2420 1600 2473 aspirant,
1623 2423 1768 2458 tenta-

299 2497 420 2538 tione
451 2495 624 2548 pulsari.

389 2568 478 2610 Sed
513 2568 691 2620 objiciet
733 2569 952 2621 quispiam
985 2569 1227 2621 praesertim
1267 2582 1290 2607 e
1325 2566 1567 2607 tironibus:
1611 2563 1766 2604 Audio

296 2642 570 2684 tentationes
592 2642 755 2681 nemini
790 2642 1027 2692 defuturas,
1051 2649 1093 2682 et
1125 2641 1287 2681 auditis
1318 2640 1451 2680 fidem
1484 2639 1656 2687 habeo;
1688 2636 1768 2677 sed

295 2723 449 2758 tamen
484 2717 528 2755 in
560 2729 631 2756 me
665 2716 760 2769 ipso
796 2715 901 2755 nihil
935 2715 1192 2756 tentationis
1227 2714 1441 2768 experior.
1505 2709 1768 2764 Respondet

297 2791 488 2844 egregie,
504 2796 552 2831 ut
569 2790 691 2839 solet,
705 2789 965 2842 Gregorius:
989 2789 1074 2828 “Id
1092 2788 1252 2828 divinae
1269 2788 1421 2841 gratiae
1439 2783 1769 2839 dispensatione

335 2876 349 2921 ξ
373 2879 458 2911 Psal.
480 2886 526 2919 17.
621 2877 634 2897 ²
658 2879 782 2910 Tobias
795 2887 824 2911 2.
919 2877 932 2897 ³
958 2879 996 2910 In
1012 2878 1107 2910 Cant.
1126 2878 1194 2910 Ser.
1213 2877 1263 2918 64.
1357 2875 1371 2895 ⁴
1394 2874 1513 2908 Moral.
1528 2874 1550 2908 1.
1566 2882 1619 2916 24.
1635 2883 1663 2906 c.
1683 2879 1733 2904 11.
