1903 3197
477 169 557 215 De
587 169 845 215 obedientia
881 169 1082 225 medicis,
1110 175 1185 216 ele.
1474 183 1572 230 509

100 302 249 342 sertim
284 301 553 353 gravioribus
589 307 666 347 est,
704 300 1022 341 confessionem
1063 306 1344 354 peccatorum
1386 314 1563 342 accura-

99 375 253 415 tiorem
277 376 510 424 instituere,
535 381 578 414 et
599 374 734 414 totius
755 380 970 414 anteactae
992 376 1095 414 vitae
1123 381 1304 427 peccata
1335 381 1562 428 repetere;

98 449 216 501 quod
250 449 487 501 prudenter
522 454 565 489 et
598 449 668 501 pie
702 449 745 488 in
779 454 980 488 extremo
1009 449 1111 488 vitae
1146 462 1272 488 cursu
1305 449 1383 489 viri
1415 451 1556 491 sancti

97 520 238 561 facere
274 521 426 570 solent,
464 527 512 561 ut
549 521 590 562 S.
616 521 811 561 Thomas
852 521 907 561 de
942 521 1123 573 Aquino
1159 528 1202 561 et
1239 521 1321 561 alii.
1386 522 1557 564 Saltem

97 594 349 647 diligentius
371 602 414 636 et
430 596 671 635 accuratius
693 595 950 647 quotidiana
971 601 1072 634 sunt
1088 594 1341 634 confitenda
1363 603 1557 648 peccata,

96 681 195 708 cum
219 669 326 709 iram
356 669 536 709 Domini
558 675 601 708 et
627 668 800 721 flagella
828 675 1063 721 portamus.
1119 668 1314 720 Quinto:
1344 671 1555 721 quoniam

97 755 184 782 non
214 743 424 783 debemus
452 744 631 796 privatis
657 749 829 783 tantum
859 743 1058 795 precibus
1091 742 1425 794 actionibusque
1454 757 1558 783 con-

95 816 238 865 fidere,
273 824 432 866 monet,
464 823 512 857 ut
547 818 824 857 sacerdotum
862 817 994 856 etiam
1038 829 1187 867 preces
1229 822 1272 855 et
1306 815 1555 857 oblationes

93 890 349 940 ambiamus,
397 905 496 931 cum
541 891 689 932 addit:
744 891 853 931 “Da
898 891 1159 930 suavitatem
1207 895 1251 929 et
1294 891 1552 930 memoriam

92 963 360 1017 similaginis,
396 972 439 1006 et
480 966 704 1018 impingua
741 963 1067 1012 oblationem;’'
1119 963 1243 1012 idest,
1278 963 1335 1003 da
1376 977 1554 1005 suavem

92 1036 273 1077 odorem
315 1038 521 1087 sacrificii,
564 1039 728 1079 scilicet
768 1043 1103 1078 monumentum
1145 1037 1414 1088 similaginis,
1454 1051 1553 1090 quae

92 1114 185 1149 erat
226 1124 277 1150 ea
317 1111 471 1151 similae
512 1125 623 1164 pars,
666 1126 764 1164 quae
806 1125 904 1151 cum
947 1110 1073 1151 thure
1115 1116 1158 1149 et
1205 1109 1303 1150 oleo
1345 1110 1554 1162 imposita

91 1182 216 1223 altari
255 1185 528 1225 cremabatur
563 1186 606 1224 in
644 1186 900 1224 memoriam
944 1185 1135 1223 muneris
1178 1184 1276 1223 Deo
1319 1183 1467 1232 oblati,
1507 1189 1555 1224 ut

93 1255 251 1296 dicitur
283 1258 419 1298 Levit.
450 1270 485 1298 2.
518 1259 615 1298 “Et
647 1259 872 1310 impingua
904 1257 1235 1306 oblationem;”
1263 1256 1387 1306 idest,
1417 1258 1552 1305 effice,

94 1336 141 1369 ut
177 1335 253 1369 tua
289 1331 453 1371 oblatio
490 1332 664 1384 pinguis
700 1338 744 1371 et
780 1337 904 1384 grata
946 1332 1001 1371 sit
1042 1331 1160 1383 apud
1200 1330 1375 1380 Deum;
1419 1336 1473 1378 et,
1509 1337 1557 1372 ut

93 1401 199 1442 dicit
242 1402 413 1452 David,1
461 1404 803 1444 “holocaustum
855 1411 979 1444 tuum
1031 1403 1194 1456 pingue
1245 1401 1356 1443 fiat.''
1442 1403 1555 1455 Quae

92 1475 270 1527 quidem
313 1477 461 1517 onmia
502 1478 545 1517 in
582 1477 678 1529 lege
715 1491 828 1517 nova
865 1477 958 1528 jam
996 1476 1106 1516 fiunt
1141 1476 1270 1528 longe
1307 1475 1554 1527 perfectius,

92 1549 135 1589 in
181 1563 268 1602 qua
309 1551 566 1591 sacrificium
621 1552 718 1591 Deo
770 1551 949 1591 offertur
1000 1550 1080 1589 sub
1132 1550 1276 1601 specie
1327 1549 1463 1601 panis,
1512 1549 1554 1589 in

93 1623 273 1663 odorem
330 1624 567 1672 suavitatis,
614 1624 731 1676 quod
785 1630 850 1663 est
899 1623 992 1676 ejus
1044 1622 1242 1663 sacrificii
1296 1635 1556 1662 monumen-

93 1700 199 1744 tum,
242 1698 359 1748 quod
402 1698 445 1737 in
497 1711 622 1737 cruce
673 1697 910 1750 aliquando
954 1703 1180 1749 peractum
1224 1702 1300 1745 est,
1344 1701 1387 1735 et
1429 1696 1558 1735 simul

96 1767 256 1809 Christi
298 1771 489 1823 corporis
530 1770 798 1810 oblationem
842 1770 1149 1823 complectitur
1192 1769 1405 1809 charitate
1448 1782 1559 1821 prae-

94 1841 314 1894 pinguem.

180 1915 490 1956 Admonemur
512 1918 643 1969 igitur
674 1924 717 1957 et
749 1931 827 1956 nos
859 1916 1097 1957 Christiani
1131 1916 1289 1955 nostris
1322 1916 1365 1955 in
1395 1915 1562 1957 morbis

92 1988 391 2041 implorandas
432 1990 558 2030 nobis
601 2004 695 2030 esse
731 1991 1009 2030 sacerdotum
1051 2003 1212 2042 preces,
1245 1994 1288 2028 et
1326 1989 1557 2029 missarum

92 2062 312 2111 sacrificia,
346 2069 447 2116 post
480 2064 660 2116 expiata
694 2064 969 2103 confessione
1002 2069 1193 2116 peccata.
1267 2062 1372 2113 Jure
1405 2068 1559 2103 autem

92 2136 314 2176 antecedit
354 2143 634 2188 peccatorum
673 2137 880 2189 expiatio,
917 2142 964 2176 ut
1001 2136 1186 2176 aliorum
1234 2135 1360 2175 nobis
1407 2150 1561 2188 preces

93 2214 137 2248 et
178 2209 423 2250 oblationes
465 2211 605 2263 magis
654 2210 863 2263 prodesse
906 2215 1079 2262 queant.
1165 2209 1278 2249 Cum
1325 2214 1474 2249 autem
1512 2211 1556 2250 in

93 2282 211 2321 omni
265 2283 516 2323 morborum
566 2289 722 2324 eventu
778 2283 1066 2335 implorandae
1117 2288 1219 2322 sunt
1271 2281 1451 2322 fratrum
1503 2296 1556 2324 ac

92 2361 266 2408 patrum
301 2358 417 2409 apud
454 2358 600 2397 Deum
634 2357 980 2409 suffragationes,
1010 2369 1109 2396 cum
1144 2355 1364 2408 praecipue
1397 2369 1556 2409 appro-

93 2428 333 2481 pinquante
385 2436 535 2479 morte,
589 2437 682 2470 tum
735 2431 790 2470 de
839 2430 981 2470 salute
1032 2429 1225 2482 corporis
1276 2434 1422 2469 actum
1476 2436 1553 2471 est.

94 2501 202 2541 Ideo
245 2503 296 2542 N.
338 2503 379 2544 P.
419 2504 461 2543 in
503 2510 631 2544 sexta
670 2503 1046 2543 Constitutionum
1090 2508 1214 2555 parte
1254 2502 1463 2555 praecipit,
1506 2508 1554 2542 ut

94 2575 167 2626 qui
199 2576 372 2626 gravius
408 2576 589 2625 laborat,
626 2583 669 2616 et
705 2590 804 2616 cum
847 2576 1039 2629 periculo
1082 2576 1245 2623 mortis,
1280 2576 1315 2614 is
1357 2575 1555 2615 omnium

93 2648 433 2688 domesticorum
489 2650 759 2690 orationibus
805 2650 933 2689 valde
987 2649 1246 2702 peculiarius
1294 2645 1561 2700 adjuvetur.²·

94 2720 241 2773 Quare
286 2723 329 2761 in
371 2722 437 2762 his
479 2723 776 2775 spiritualibus
818 2724 1043 2776 praesidiis,
1086 2722 1246 2774 quibus
1289 2721 1405 2761 salus
1446 2734 1551 2761 con-

92 2794 254 2835 tinetur
289 2796 452 2847 aegroti,
492 2809 578 2835 non
621 2796 753 2836 modo
790 2797 938 2848 quoad
980 2796 1185 2844 animam,
1223 2808 1373 2835 verum
1417 2794 1550 2834 etiam

492 2883 505 2903 ¹
530 2886 582 2917 Ps.
607 2884 655 2917 18.
833 2884 847 2903 ²³
872 2886 906 2916 P.
928 2884 956 2917 6.
980 2895 1004 2916 c.
1025 2894 1056 2924 4.
1078 2886 1093 2922 ἓ
1112 2893 1140 2916 2.
