1903 3197
283 161 376 204 216
606 157 685 203 De
718 155 907 203 ratione
940 154 1132 202 vivendi
1165 153 1424 201 Socz‘elatz's.

280 292 395 346 gulis
446 304 573 344 paene
616 291 854 331 momentis
901 290 1207 343 suscipiuntur,
1245 289 1288 328 in
1332 287 1491 340 quibus
1542 286 1747 327 omnibus

283 371 447 406 rectam
489 379 638 419 gerere
681 370 888 414 mentem,
933 378 1075 417 neque
1117 375 1311 416 unquam
1354 361 1625 413 detorquere,
1668 361 1749 400 im-

282 439 532 480 becillitatis
574 444 736 480 nostrae
778 452 866 479 non
909 444 983 479 est.
1061 438 1127 479 Ut
1168 437 1285 477 enim
1328 436 1401 489 qui
1443 440 1588 475 totum
1630 434 1750 475 diem

276 513 508 567 J'aculatur,
541 527 719 554 necesse
751 519 828 564 est,
862 519 910 553 ut
952 513 995 552 in
1033 512 1190 552 eodem
1227 509 1356 551 simili
1399 522 1524 549 versu
1557 522 1582 548 a
1613 521 1749 561 scopo

282 587 533 641 frequenter
563 588 756 637 aberret;
791 588 852 628 ita
884 587 927 626 in
959 592 1027 627 tot
1059 585 1346 639 suscipiendis
1378 582 1628 624 actionibus
1659 581 1751 622 fieri

283 675 371 702 non
403 667 562 715 potest,
590 662 697 714 quin
733 675 759 702 a
793 667 911 701 recto
944 674 1069 700 mens
1105 666 1255 700 nostra
1288 658 1538 711 frequenter
1568 656 1751 697 aberret.

285 734 503 785 Secundo,
557 736 695 776 oritur
745 734 979 775 difficultas
1032 749 1089 775 ex
1140 734 1352 774 varietate
1401 738 1445 772 et
1499 730 1751 771 diversitate

285 822 440 858 rerum,
464 822 563 862 quae
601 814 645 849 et
682 809 725 848 in
760 808 939 849 homine
970 808 1038 849 vel
1071 808 1128 848 ab
1156 807 1334 848 homine
1363 806 1454 859 geri
1482 805 1634 846 solent.
1699 805 1753 844 In

283 882 462 924 homine
499 883 615 923 enim
654 883 803 923 insunt
840 896 928 923 non
968 882 1102 922 modo
1139 881 1266 931 facta,
1296 894 1447 921 verum
1482 886 1526 920 et
1560 879 1677 920 dicta
1711 885 1755 920 et

283 957 489 1010 cogitata,
515 970 614 1009 quae
640 963 688 997 ut
710 962 829 996 recta
859 957 946 997 sint
979 956 1139 1005 omnia,
1163 961 1280 995 recta
1306 968 1482 1007 quoque
1504 953 1756 995 adhibenda

285 1044 408 1072 mens
443 1036 537 1081 est;
577 1037 620 1070 et
653 1030 724 1070 hic
758 1029 1065 1070 difficillimum
1101 1035 1179 1080 est,
1216 1034 1264 1069 ut
1298 1029 1341 1068 in
1377 1028 1582 1068 omnibus
1615 1028 1756 1078 dictis,

284 1104 420 1152 factis,
465 1104 670 1157 cogitatis
712 1109 830 1145 recta
872 1109 1048 1157 geratur
1089 1103 1285 1143 intentio.
1379 1100 1595 1154 Quamvis
1637 1101 1754 1141 enim

284 1176 401 1218 facta
432 1191 551 1230 saepe
584 1177 673 1217 sint
705 1184 834 1226 recta,
870 1177 988 1218 dicta
1020 1183 1136 1218 certe
1168 1182 1243 1217 aut
1275 1175 1480 1228 cogitata,
1514 1189 1613 1228 quae
1646 1174 1759 1214 mul-

285 1252 476 1293 titudine
513 1258 557 1292 et
594 1265 776 1292 numero
818 1250 950 1304 longe
993 1256 1212 1305 superant,
1252 1263 1341 1290 non
1383 1249 1532 1290 omnia
1573 1255 1759 1303 possunt

288 1340 383 1367 esse
426 1326 543 1366 talia.
609 1324 722 1378 Quis
764 1325 880 1366 enim
925 1325 986 1366 ita
1027 1339 1159 1378 supra
1200 1338 1246 1365 se
1289 1324 1433 1377 ipsum
1472 1324 1673 1372 excubet,
1713 1328 1763 1364 ut

288 1400 456 1442 nullum
496 1413 692 1452 unquam
730 1400 912 1440 verbum
951 1399 1131 1439 excidat
1168 1413 1225 1439 ex
1263 1411 1337 1439 ore
1372 1411 1519 1448 vacue,
1554 1397 1672 1438 nulla
1704 1398 1762 1438 sit

287 1474 452 1515 inutilis
490 1474 728 1526 cogitatio!
793 1472 926 1526 Quod
959 1473 1061 1526 quia
1098 1471 1353 1526 perdifficile
1385 1477 1428 1512 et
1460 1472 1646 1512 arduum
1679 1477 1757 1522 est,

289 1549 451 1590 idcirco
478 1548 576 1600 jure
609 1548 756 1587 Deum
790 1552 993 1600 precatur
1026 1546 1224 1587 Ecclesia
1256 1547 1299 1586 in
1326 1546 1634 1586 communibus
1665 1559 1762 1599 pre-

290 1622 426 1671 cibus,
458 1635 556 1674 quae
593 1621 739 1661 Prima
770 1620 855 1661 diei
890 1620 998 1661 hora
1032 1625 1256 1669 canuntur,
1289 1623 1373 1659 “ut
1403 1620 1564 1671 dirigat
1594 1633 1759 1669 sensus,

291 1709 526 1745 sermoneS,
550 1702 593 1736 et
615 1701 739 1736 actus
769 1700 942 1736 nostros
959 1709 968 1745 3
985 1694 1003 1708 '’
1038 1701 1082 1735 et
1107 1698 1129 1714 “
1146 1702 1194 1735 ut
1216 1694 1271 1734 ad
1300 1693 1468 1734 nullum
1491 1693 1760 1734 declinemus

291 1776 554 1824 peccatum3
601 1770 678 1810 sed
715 1770 771 1809 ad
810 1768 903 1821 ejus
936 1769 1155 1821 justitiam
1194 1768 1441 1809 faciendam
1480 1774 1629 1808 nostra
1664 1781 1764 1820 pro-

291 1845 453 1886 cedant
499 1844 685 1897 eloquia,
730 1843 975 1896 dirigantur
1020 1842 1310 1895 cogitationes
1353 1848 1396 1882 et
1437 1841 1605 1894 opera.''
1670 1841 1760 1882 Ubi

291 1920 376 1961 tria
405 1919 500 1960 haec
531 1923 770 1967 enumerat,
803 1917 932 1967 dicta,
966 1917 1093 1965 facta,
1133 1916 1338 1969 cogitata.
1404 1916 1619 1956 Praeterea
1651 1916 1764 1956 inter

295 1996 412 2049 ipsas
455 1994 651 2035 actiones
693 1998 827 2045 atque
869 2005 1003 2045 opera
1054 1991 1140 2031 alia
1181 1992 1370 2031 varietas
1412 1997 1504 2040 est;
1557 1990 1762 2043 quaedam

295 2070 413 2110 enim
461 2074 562 2109 sunt
604 2066 858 2121 spiritualia,
897 2066 1101 2119 quaedam
1151 2079 1368 2118 corporea,
1412 2065 1496 2105 alia
1549 2065 1765 2106 naturalia

294 2149 338 2184 ct
380 2142 586 2190 humana,
622 2140 709 2181 alia
750 2140 875 2192 quasi
918 2139 1075 2188 divina,
1113 2138 1323 2179 nonnulla
1371 2152 1428 2178 ex
1479 2152 1557 2178 suo
1605 2152 1766 2191 genere

295 2217 415 2257 bona
457 2229 507 2256 ac
545 2220 709 2262 sancta,
742 2213 892 2266 aliqua
929 2227 986 2253 ex
1023 2213 1177 2266 seipsis
1215 2219 1369 2253 neutra
1405 2217 1538 2265 atque
1576 2212 1767 2252 indiffer-

298 2290 427 2331 entia.
489 2289 591 2342 Jam
645 2289 687 2327 in
739 2287 1006 2340 spiritalibus
1058 2287 1185 2326 bonis
1237 2301 1287 2327 ac
1339 2287 1497 2328 divinis
1538 2286 1656 2328 haud
1706 2288 1768 2328 ita

297 2364 480 2404 forsitan
522 2361 697 2402 difficile
740 2360 869 2402 fuerit
921 2366 1039 2401 recta
1081 2361 1227 2401 Deum
1280 2368 1479 2414 spectare
1521 2368 1564 2402 et
1611 2376 1766 2414 puram

296 2438 408 2480 tueri
453 2443 660 2487 mentem,
704 2436 807 2489 quia
850 2449 999 2476 earum
1041 2436 1105 2475 vis
1142 2450 1192 2476 ac
1231 2443 1386 2476 natura
1423 2437 1478 2476 ad
1518 2437 1560 2477 id
1599 2437 1767 2487 invitat,

300 2518 345 2553 et
386 2511 591 2566 proxime
635 2511 878 2551 referuntur
915 2511 971 2550 ad
1011 2510 1158 2550 Deum
1196 2524 1252 2550 ex
1295 2524 1454 2563 genere
1490 2525 1580 2561 suo,
1619 2517 1667 2551 ut
1704 2517 1770 2552 est

299 2600 434 2636 orare,
458 2585 719 2634 concionari,
744 2584 941 2638 psallere,
967 2590 1010 2624 et
1033 2584 1076 2624 id
1098 2597 1236 2637 genus
1259 2585 1353 2625 alia.
1410 2584 1476 2625 At
1499 2585 1541 2624 in
1564 2585 1768 2625 humanis

299 2676 349 2702 ac
373 2660 644 2701 naturalibus
667 2659 933 2712 quibusdam
957 2658 1203 2699 actionibus
1226 2658 1372 2699 Deum
1402 2672 1536 2699 unum
1560 2672 1766 2712 quaerere,

301 2743 556 2790 rectamque
586 2748 756 2776 servare
786 2739 992 2783 mentem,
1016 2733 1114 2787 plus
1145 2735 1309 2787 negotii
1344 2740 1420 2785 est,
1443 2735 1547 2787 quia
1573 2747 1771 2787 persaepe

301 2810 438 2864 ipsius
472 2815 639 2850 naturae
674 2814 821 2849 motus
855 2808 1052 2848 studium
1088 2807 1290 2860 placendi
1328 2809 1425 2848 Deo
1458 2809 1501 2847 in
1534 2808 1660 2848 nobis
1691 2820 1773 2847 nec

302 2884 594 2926 sentientibus
626 2882 871 2932 antevertit,
897 2887 945 2922 ut
983 2894 1082 2921 cum
1118 2895 1276 2935 corpus
1312 2881 1527 2923 reficimus
1562 2887 1605 2922 et
1638 2880 1775 2935 quieti
