1903 3197
451 161 530 206 De
561 165 853 222 aegrotorzcm
887 173 1007 203 cum
1033 155 1258 218 gerenda.
1489 169 1545 215 52
1556 168 1579 214 5

119 297 315 338 infirmus
348 308 444 335 sum
464 293 508 344 ;”
543 293 667 345 quasi
705 291 833 339 dicat,
855 296 1068 341 tanquam
1098 294 1289 341 aegrotus
1321 301 1451 340 opem
1484 302 1509 328 a
1540 293 1586 328 te

118 385 264 424 posco,
296 383 428 422 quam
467 381 546 407 nec
583 365 688 406 mihi
726 365 830 417 ipse,
864 377 942 402 nec
978 363 1089 402 alius
1121 362 1275 402 afferre
1309 367 1467 414 potest,
1502 361 1584 401 nisi

119 452 165 485 tu
199 445 365 484 afferas.

206 519 356 558 Tertia
409 517 528 563 ratio,
573 514 675 567 quia
719 512 891 565 justitia
941 511 984 550 id
1034 511 1205 562 exigit;
1258 511 1468 562 quoniam
1511 509 1585 562 qui

118 599 316 645 aegrotat,
340 605 457 644 saepe
480 604 557 643 pro
580 589 802 629 laboribus
836 588 878 626 in
912 585 1121 637 religione
1144 585 1359 636 susceptis
1386 589 1584 635 aegrotat.

120 666 251 719 Quod
275 667 308 706 si
332 665 481 706 famuli
506 664 706 704 mercede
728 660 946 707 conducti,
966 672 1065 698 cum
1090 659 1132 698 in
1156 658 1362 698 domibus
1385 657 1586 696 domino-

119 755 213 781 rum
247 753 423 780 suorum
458 740 499 778 in
535 738 737 778 morbum
773 735 984 782 incidunt,
1008 733 1212 772 foventur
1247 738 1289 771 et
1324 736 1530 771 curantur
1562 744 1587 770 a

118 815 200 868 piis
232 814 431 860 dominis,
456 813 558 866 quia
586 812 768 865 justitiae
797 809 906 850 ratio
939 807 981 847 id
1016 807 1185 859 exigit;
1220 811 1387 858 quanto
1421 804 1588 856 majore

118 902 219 928 cura
242 887 416 928 fovendi
439 894 540 927 sunt
563 886 761 939 religiosi,
786 884 859 937 qui
883 882 1001 922 nulla
1023 881 1204 921 adducti
1230 880 1431 920 mercede
1455 885 1588 931 atque

119 962 428 1010 emolumento,
447 961 522 1001 sed
546 961 638 1001 sola
658 960 742 1000 Dei
760 958 972 999 charitate
995 970 1085 995 suae
1106 955 1301 1007 religioni
1322 953 1584 994 deserviunt.

206 1035 375 1088 Quarta
426 1036 547 1083 ratio,
598 1035 700 1087 quia
752 1033 978 1084 religiosus
1031 1030 1208 1082 reliquit
1261 1043 1340 1068 sua
1392 1042 1494 1068 suos
1545 1033 1590 1067 et

119 1111 335 1163 seipsum:
369 1124 458 1157 sua,
494 1109 652 1161 quibus
689 1107 770 1148 sibi
808 1108 900 1160 ipse
936 1110 1110 1158 poterat
1148 1103 1383 1155 {egrotanti
1417 1114 1590 1141 succur-

119 1197 234 1224 rere:
268 1197 378 1231 suos,
418 1184 491 1235 qui
534 1182 613 1222 sibi
656 1182 808 1221 adesse
850 1184 1055 1233 poterant
1101 1177 1346 1216 laboranti:
1380 1176 1588 1228 seipsum,

117 1258 203 1310 qui,
237 1257 309 1297 ubi
347 1258 691 1309 propinquorum
725 1269 774 1295 ac
806 1252 1152 1294 necessariorum
1186 1264 1321 1303 opera
1354 1249 1585 1298 deficisset,

117 1331 198 1372 sibi
222 1331 314 1383 ipse
336 1343 486 1370 curare
517 1335 689 1383 poterat
722 1328 897 1369 aliunde
931 1341 992 1375 ea,
1016 1339 1114 1378 quae
1147 1325 1203 1364 ad
1236 1324 1471 1364 levandam
1494 1323 1583 1362 vim

120 1404 259 1444 morbi
292 1404 538 1456 pertinent;
572 1403 689 1455 quod
728 1403 764 1442 ei
800 1403 842 1441 in
876 1400 1086 1452 religione
1121 1411 1207 1437 non
1244 1398 1353 1437 licet.
1420 1397 1589 1449 Magna

119 1478 249 1531 igitur
280 1477 483 1530 impietas
517 1477 576 1526 fit,
603 1478 637 1516 si
668 1476 742 1529 qui
778 1475 873 1515 haec
913 1473 1072 1514 Christi
1111 1485 1243 1511 causa
1281 1470 1466 1522 reliquit,
1498 1483 1586 1509 non

120 1552 157 1592 ei
182 1551 342 1592 Christi
367 1551 552 1591 ministri
576 1565 626 1591 ac
649 1550 809 1598 vicarii,
834 1549 953 1589 omni
978 1546 1254 1587 solicitudine
1276 1559 1327 1585 ac
1350 1558 1463 1592 cura,
1488 1557 1589 1584 cum

120 1631 317 1678 aegrotat,
355 1625 510 1665 adesse
551 1625 700 1665 velint.
766 1624 873 1664 Ideo
912 1621 1186 1673 Smaragdus
1222 1618 1403 1660 Abbas1
1440 1624 1590 1659 censet

121 1705 246 1745 tanta
287 1699 583 1739 misericordia
627 1698 840 1739 fovendos
893 1696 1099 1743 infirmos,
1145 1701 1192 1734 ut
1243 1694 1589 1747 propinquorum

123 1787 210 1814 non
263 1773 483 1825 requirant
537 1773 752 1813 affectus:
805 1772 924 1824 quod
977 1771 1032 1810 de
1082 1767 1308 1809 monachis
1359 1766 1592 1807 coenobitis

124 1847 311 1900 AEgypti
347 1834 646 1899 Hieronymus
680 1845 842 1893 scribit,
868 1851 915 1884 ut
947 1844 1057 1883 infra
1089 1844 1294 1882 dicemus.

213 1920 379 1973 Quinta
414 1921 536 1970 ratio,
569 1921 671 1973 quia
708 1920 801 1960 haec
837 1919 1121 1972 Superiorum
1157 1930 1259 1956 cura
1293 1916 1349 1955 ad
1385 1928 1593 1967 magnam

125 1994 463 2035 aedificationem
487 1995 676 2047 pertinet
704 1994 863 2046 partim
897 2006 1057 2039 eorum,
1082 1991 1156 2043 qui
1180 1990 1222 2030 in
1246 1989 1454 2042 religione
1477 1988 1594 2028 male

126 2070 301 2117 habent,
324 2069 484 2122 partim
508 2081 658 2108 eorum
683 2068 759 2120 qui
782 2073 898 2107 recte
920 2066 1078 2114 valent,
1103 2065 1263 2118 partim
1293 2064 1427 2104 etiam
1451 2069 1598 2102 exter-

127 2157 282 2184 norum
307 2149 349 2182 et
372 2142 688 2195 proximorum.
755 2141 872 2180 Nam
898 2141 972 2192 qui
1001 2139 1116 2179 male
1138 2138 1314 2186 habent,
1338 2137 1598 2177 charitatem

127 2231 217 2257 suae
253 2216 473 2269 religionis
509 2220 766 2268 agnoscunt,
802 2215 907 2254 dum
946 2227 992 2253 se
1026 2212 1214 2252 filiorum
1249 2211 1388 2251 instar
1421 2211 1599 2251 tractari

129 2291 355 2343 curarique
389 2290 593 2330 sentiunt.
658 2290 808 2329 Bonus
848 2293 995 2328 autem
1033 2286 1255 2335 Praelatus,
1279 2291 1327 2325 ut
1361 2285 1422 2325 ait
1458 2284 1603 2324 Bona-

127 2371 321 2412 ventura,
345 2363 544 2417 agnoscit
566 2377 612 2403 se
634 2362 817 2402 fratrum
840 2375 1019 2402 suorum
1050 2367 1219 2413 patrem
1243 2373 1331 2399 non
1354 2359 1598 2407 dominum,

130 2452 208 2479 nec
231 2452 304 2478 eos
334 2443 508 2491 reputat
541 2444 587 2477 ut
622 2450 769 2477 servos
805 2435 1055 2488 emptionis,
1079 2434 1155 2474 sed
1191 2440 1239 2474 ut
1271 2432 1384 2473 filios
1416 2431 1601 2472 haeredi-

130 2512 234 2551 tatis
271 2525 470 2564 supernae
508 2517 742 2551 consortes.
809 2509 919 2550 Ideo
958 2508 1163 2548 solatium
1202 2513 1267 2547 est
1310 2505 1599 2546 imbecillibus

131 2584 291 2625 habere
322 2584 404 2624 sibi
437 2583 721 2624 condolentes
755 2589 799 2623 et
830 2583 1163 2635 compatientes
1227 2579 1315 2632 Qui
1348 2593 1451 2619 vero
1486 2583 1600 2618 recte

131 2658 289 2706 valent,
315 2657 596 2706 aedificantur,
620 2658 725 2697 dum
759 2656 949 2697 similem
984 2669 1086 2708 erga
1119 2669 1164 2695 se
1196 2653 1434 2705 aliquando
1460 2651 1599 2691 chari-

133 2738 270 2773 tatem
305 2738 493 2784 sperant,
516 2744 614 2772 cum
651 2730 851 2770 inciderit
889 2730 1001 2770 forte
1037 2728 1298 2768 necessitas:
1332 2726 1519 2777 ideoque
1540 2723 1598 2764 ad

134 2820 257 2847 suam
293 2805 545 2858 religionem
582 2804 761 2844 mirifice
797 2804 1056 2852 afficiuntur,
1081 2804 1124 2842 in
1159 2815 1246 2854 qua
1280 2800 1479 2853 spiritum
1514 2798 1599 2839 Dei

609 2893 620 2912 ¹
646 2895 695 2926 In.
716 2905 782 2936 reg.
806 2894 840 2927 S.
863 2893 987 2925 Bened.
1009 2903 1034 2925 c.
1058 2892 1107 2933 36.
