1903 3197
284 152 381 207 426
515 163 520 168 ·
607 148 688 194 De
720 148 909 194 ratione
941 147 1134 194 vivendi
1165 147 1428 194 Socz'etatz's.

282 280 404 321 libris
433 294 479 320 se
508 281 590 333 ipsi
622 280 884 330 conficiunt;
917 281 1043 321 testis
1072 287 1137 321 est
1167 281 1212 320 in
1244 279 1313 319 his
1344 278 1486 332 pallor
1515 284 1559 319 et
1582 280 1754 330 macies,

283 354 326 394 in
364 354 447 394 illis
483 355 625 395 bonus
661 354 781 395 color
817 360 949 407 atque
985 353 1165 394 habitus
1204 353 1340 393 totius
1379 353 1474 393 oris.
1541 352 1653 393 Haec
1690 358 1757 393 est

282 442 414 468 causa
435 443 511 468 cur
535 429 688 469 fratres
710 429 846 469 nostri
879 428 1170 480 coadjutores,
1196 427 1271 479 qui
1306 427 1350 466 in
1380 440 1512 479 opere
1543 440 1755 466 manuum

284 501 521 555 laboreque
556 509 792 551 versantur,
831 517 928 543 raro
966 503 1009 541 in
1043 501 1247 541 morbum
1283 500 1481 540 incidant
1519 506 1562 539 et
1600 501 1758 540 rectius

284 575 491 627 valeant;
543 591 643 617 cum
686 583 837 617 contra
878 576 951 629 qui
997 577 1040 615 in
1086 575 1309 616 literarum
1358 574 1515 614 studiis
1556 580 1759 615 accurate

283 657 520 700 versantur,
583 651 802 691 imbecilla
863 650 1122 703 plerumque
1181 648 1433 688 valetudine
1485 648 1757 701 infirmisque

283 724 446 765 viribus
485 725 763 778 reperiantur.
828 724 937 763 Ideo
971 723 1230 775 Fulgentius
1275 722 1317 761 in
1357 721 1518 762 verba:
1553 722 1758 761 “Panem

284 800 426 839 otiosa
454 813 541 839 non
564 797 815 846 comedit,”1
839 797 1035 837 laborem
1060 796 1257 849 appellat
1280 798 1301 814 “
1317 796 1570 835 morborum
1596 795 1759 848 fugam,

284 879 328 913 et
357 872 614 913 dormientis
644 877 811 911 naturae
841 869 1107 910 stimulum.‘'
1178 869 1427 908 Bernardus
1454 875 1616 918 autem,
1640 869 1759 922 quod

285 959 364 986 nos
396 947 439 986 in
474 946 632 986 nostris
664 944 869 984 fratribus
899 942 1233 994 coadjutoribus
1266 942 1551 991 ostendimus,
1585 943 1628 982 id
1665 943 1759 995 ipse

285 1021 478 1060 ostendit
500 1021 543 1059 in
567 1019 757 1059 rusticis:
782 1016 1059 1065 “Rusticus,''
1079 1016 1233 1068 inquit,
1255 1015 1416 1054 “duros
1439 1015 1573 1055 habet
1591 1029 1756 1063 nervos,

284 1092 418 1134 fortes
455 1094 651 1142 lacertos,
696 1091 958 1132 exercitatio
996 1089 1079 1129 hoc
1117 1089 1247 1138 facit;
1296 1090 1388 1129 sine
1431 1103 1530 1128 eum
1574 1094 1757 1142 torpere,

286 1167 509 1209 mollescit.
543 1167 761 1208 Voluntas
785 1165 889 1205 facit
912 1177 1051 1211 usum,
1077 1177 1179 1203 usus
1203 1163 1473 1211 exercitium,
1497 1162 1755 1203 exercitium

283 1241 394 1282 vires
425 1242 468 1281 in
498 1241 618 1281 omni
650 1240 800 1280 labore
830 1235 1193 1279 subministrat.''²

375 1315 612 1367 Propterea
645 1314 777 1354 etiam
812 1313 1019 1353 Clemens
1054 1310 1388 1351 Alexandrinus
1431 1310 1487 1350 ad
1522 1310 1757 1350 tutandam

284 1387 583 1429 valetudinem
626 1387 908 1441 gymnasium
960 1387 1003 1426 in
1044 1386 1145 1425 viris
1188 1384 1447 1436 feminisque
1494 1385 1665 1437 probat,
1710 1391 1758 1424 ut

288 1463 421 1502 etiam
449 1462 641 1514 ligonem
672 1462 774 1501 viris
806 1460 1045 1501 concedere
1073 1472 1160 1498 non
1192 1456 1417 1498 versatur.3
1479 1457 1537 1497 Et
1571 1456 1758 1497 Basilius

289 1535 383 1576 fuse
421 1537 579 1588 probat
618 1550 674 1575 ex
715 1534 949 1587 Scripturis
989 1532 1132 1573 Sacris
1175 1537 1217 1571 et
1254 1531 1350 1583 lege
1393 1537 1572 1580 naturae,
1616 1536 1659 1570 et
1702 1544 1759 1570 ex

289 1609 398 1649 actis
466 1609 730 1650 Sanctorum
799 1614 841 1647 et
917 1606 1235 1646 consuetudine
1315 1604 1555 1645 Salvatoris
1623 1604 1758 1644 nostri

291 1683 445 1723 melius
478 1697 573 1723 esse
605 1688 649 1722 et
681 1681 828 1721 utiIIus
861 1680 1132 1720 consolidare
1165 1692 1323 1731 corpus
1360 1677 1594 1725 laboribus,
1625 1690 1758 1729 quam

292 1756 526 1808 negligere,
562 1762 604 1795 et
632 1755 738 1795 illud
772 1754 919 1807 potius
951 1753 1108 1792 efficax
1142 1751 1323 1791 reddere
1355 1751 1592 1802 operando,
1628 1763 1761 1802 quam

287 1836 445 1882 sponte
477 1830 667 1869 otiosum
701 1834 744 1868 et
776 1830 983 1881 ignavum
1016 1824 1245 1866 deserere.4

383 1902 600 1953 Secundo,
618 1902 798 1956 prodest
825 1902 994 1954 corpori
1021 1900 1154 1949 labor,
1174 1899 1224 1938 iis
1250 1898 1492 1951 praesertim
1519 1898 1593 1950 qui
1620 1897 1763 1938 litera-

297 1991 393 2016 rum
417 1977 584 2025 studiis,
609 1982 685 2017 aut
708 1976 840 2016 etiam
867 1975 1054 2028 pietatis,
1080 1973 1263 2013 multam
1288 1986 1466 2024 operam
1490 1972 1597 2012 dant
1618 1987 1627 2023 ;
1660 1973 1762 2025 quia

293 2052 549 2091 vicissitudo
591 2052 686 2103 ipsa
728 2055 1013 2090 commutatae
1052 2061 1195 2101 operae
1238 2047 1395 2086 minuit
1432 2046 1680 2086 molestiam
1719 2052 1762 2086 et

295 2125 584 2164 intentionem
638 2137 788 2164 eorum
846 2135 1076 2162 munerum
1134 2134 1232 2173 quae
1286 2126 1433 2160 mente
1490 2125 1760 2168 exercentur,

299 2213 485 2251 quorum
523 2199 769 2246 assiduitas,
809 2198 843 2236 si
881 2196 1000 2236 nulla
1032 2195 1108 2235 fiat
1140 2195 1433 2247 intercapedo,
1464 2194 1762 2234 valetudinem

296 2272 477 2311 tandem
512 2271 672 2324 frangit
711 2276 843 2323 atque
876 2270 1085 2318 debilitat,
1119 2269 1305 2320 ideoque
1332 2268 1459 2320 jubet
1492 2267 1761 2308 Constitutio

298 2347 510 2385 exercitia
547 2345 758 2385 mentalia
792 2344 985 2384 externis
1018 2343 1241 2382 laboribus
1276 2342 1542 2394 interrumpi,
1574 2348 1622 2382 ut
1653 2355 1761 2381 mox

290 2420 496 2460 dicemus.

382 2494 545 2543 Tertio,
578 2493 681 2546 quia
713 2492 836 2532 labor
873 2491 1125 2531 moderatus
1162 2490 1499 2530 delectationem
1534 2489 1679 2539 habet,
1713 2495 1760 2543 ut

295 2582 425 2621 supra
448 2568 653 2607 diximus.
708 2566 956 2606 Delectatio
978 2571 1126 2605 autem
1154 2565 1349 2604 animum
1373 2570 1416 2604 et
1438 2578 1594 2617 corpus
1613 2563 1760 2612 reficit,

292 2656 392 2682 cum
426 2642 622 2682 animum
656 2642 800 2694 ipsum
833 2641 888 2680 ad
920 2639 1074 2679 horam
1107 2639 1313 2687 detineat,
1337 2645 1385 2679 ut
1411 2639 1472 2678 ait
1500 2637 1757 2685 Bernardus,

294 2730 351 2756 ex
375 2730 462 2769 quo
486 2715 693 2756 valetudo
713 2715 899 2767 juvatur.
965 2714 1066 2753 Non
1096 2718 1243 2766 potest
1265 2718 1412 2752 autem
1436 2718 1592 2752 natura
1615 2716 1762 2751 nostra

364 2830 376 2849 ¹
401 2832 496 2862 Prov.
516 2839 566 2871 31.
584 2838 635 2870 27.
729 2829 742 2847 2
759 2830 815 2860 Ad
840 2830 926 2860 Frat.
945 2829 986 2859 de
1011 2829 1117 2859 Mont.
1135 2828 1209 2859 Dei.
1303 2826 1316 2845 ³
1343 2827 1474 2867 Paedag.
1491 2827 1512 2857 1.
1531 2834 1560 2866 3.
1579 2837 1605 2858 c.
1628 2834 1676 2857 10.

709 2881 722 2899 ⁴
747 2882 800 2912 De
817 2881 902 2911 Vita.
927 2880 994 2911 Sol.
1017 2880 1129 2911 Const.
1153 2880 1245 2910 Mon.
1267 2889 1293 2910 c.
1317 2885 1344 2919 5.
