1903 3197
254 198 350 254 66ΔΓ
571 195 650 241 De
685 195 874 242 ratione
908 196 1106 242 vivendi
1141 196 1403 244 Socz'etatz‘s.

342 330 393 370 R.
430 329 661 371 Silendum
696 336 762 370 est
798 331 1018 370 interdum
1057 345 1083 371 a
1121 332 1259 380 bonis,
1300 338 1342 372 et
1380 334 1646 383 necessariiS,
1680 340 1731 375 ut

249 404 370 457 loqui
394 405 614 445 diseamus
634 420 641 454 ;
679 405 722 445 id
747 406 865 458 quod
889 406 1094 446 dicuntur
1115 406 1269 446 fecisse
1295 406 1587 460 Pythagoraei.

341 480 415 520 Sic
458 480 655 530 Basilius,
689 481 732 520 in
776 481 884 533 Reg.
923 480 1146 521 Contract.
1186 495 1271 534 reg.
1317 482 1422 521 108:
1471 481 1726 532 “Accidit,”

251 555 405 607 inquit,
450 554 738 608 “aliquando‚
782 562 829 595 ut
878 562 922 596 et
971 556 1022 596 iis
1071 557 1145 609 qui
1195 556 1358 609 linguze
1409 556 1727 598 incontinentia

249 628 455 670 laborant
507 630 761 670 absolutum
804 632 1099 671 necessarium
1144 632 1201 671 sit
1243 631 1477 680 silentium,
1518 631 1659 672 donec
1701 646 1728 673 a

251 705 408 745 morbo
459 705 731 758 petulantiae,
774 719 907 758 quam
953 705 1120 746 habent
1172 706 1215 745 in
1266 706 1410 746 verbis
1456 706 1725 757 curentur;”

249 794 289 833 P·
312 791 405 831 331-

342 856 392 895 In
435 855 648 908 qualitate
691 861 839 895 autem
888 855 1134 908 spectanda
1187 862 1253 895 est
1294 856 1466 905 veritas,
1518 857 1725 910 gravitas,

250 930 435 970 bonitas.
513 930 578 971 Ut
619 936 663 970 et
699 944 802 970 vera
845 930 932 969 sint
975 944 1074 982 quae
1108 930 1357 983 loquimur3
1401 937 1446 971 et
1477 932 1598 980 seria,
1638 945 1726 972 non

245 1004 399 1057 jocosa
418 1019 426 1055 3
460 1011 503 1045 et
525 1005 653 1054 bona,
678 1018 765 1044 non
788 1005 1043 1057 perniciosa.

339 1080 457 1120 Vera
498 1079 663 1120 debent
706 1093 800 1119 esse
842 1093 941 1132 quae
994 1080 1226 1133 loquimur,
1270 1086 1318 1120 ut
1370 1080 1478 1120 nihil
1531 1094 1728 1134 unquam

251 1154 471 1194 mendacii
504 1154 859 1207 deprehendatur
890 1155 934 1194 in
963 1155 1108 1194 verbis
1142 1154 1311 1203 nostris,
1336 1168 1391 1195 ne
1418 1161 1513 1194 tum
1545 1156 1731 1208 quidem-

252 1243 352 1269 eum
379 1229 581 1282 jocamur
610 1235 653 1269 et
683 1230 947 1269 remittimus
978 1230 1161 1270 animos.
1226 1228 1343 1281 Quia
1366 1230 1645 1270 mendacium
1670 1245 1727 1270 ex

251 1319 298 1344 se
336 1319 510 1358 semper
546 1310 612 1344 est
647 1305 825 1353 malum,
861 1305 1050 1357 ideoque
1083 1310 1235 1344 monet
1269 1304 1401 1344 Eceli.
1435 1319 1467 1345 c.
1500 1314 1552 1357 7:
1588 1305 1729 1346 “Noli-

251 1379 365 1420 velle
407 1380 581 1420 mentiri
625 1393 756 1420 omne
798 1379 1088 1420 mendacium.
1151 1379 1406 1419 Assiduitas
1453 1380 1569 1420 enim
1613 1380 1739 1420 illius¹

255 1469 343 1495 non
369 1462 434 1495 est
466 1455 618 1495 bona.''
683 1455 795 1496 Cum
827 1456 944 1495 enim
968 1455 1130 1508 triplex
1164 1469 1189 1495 a
1219 1455 1360 1495 doctis
1392 1454 1585 1508 fingatur
1605 1469 1740 1496 men*

255 1531 368 1570 dacii
401 1545 551 1584 genus,
573 1530 787 1583 jocosum,
812 1530 1069 1577 officiosum,
1093 1530 1398 1582 perniciosum,
1427 1536 1577 1570 monet
1608 1530 1728 1571 hisce

256 1619 336 1645 nos
357 1606 500 1645 verbis
535 1605 649 1645 Eccl.
676 1611 723 1644 ut
753 1605 809 1644 ab
831 1605 951 1644 omni
982 1605 1199 1644 mendacii
1229 1617 1389 1657 genere
1411 1604 1726 1654 abstineamus,

256 1682 389 1721 etiam
413 1682 469 1721 ab
493 1695 544 1720 eo
568 1681 686 1733 quod
720 1694 799 1720 nec
829 1680 951 1719 alteri
986 1685 1154 1728 noceat,
1179 1685 1222 1719 et
1248 1680 1386 1731 prosit
1409 1678 1542 1719 alteri.
1606 1679 1729 1720 Dicit

256 1763 435 1796 autem:
472 1755 611 1795 “Noli
650 1754 761 1795 velle
793 1753 1003 1801 mentiri,'’
1036 1768 1124 1794 non
1158 1759 1334 1794 autem:
1378 1753 1481 1793 Noli
1524 1755 1726 1805 mentiri;

255 1836 304 1870 ut
341 1830 622 1883 potissimum
661 1829 916 1869 affectatum
955 1829 1235 1868 mendacium
1272 1828 1472 1878 vitemus,
1511 1828 1546 1867 si
1583 1829 1730 1869 minus

255 1919 493 1959 possumus
544 1919 622 1957 per
678 1904 919 1943 humanam
973 1903 1332 1951 imbecillitatem,
1386 1903 1429 1942 id
1482 1904 1600 1955 quod
1652 1917 1731 1956 per

254 1980 601 2033 imprudentiam
629 1979 807 2026 excidit,
832 1978 1004 2018 evitare.
1069 1977 1129 2018 Et
1160 1977 1243 2017 hoc
1271 1983 1362 2017 est:
1387 1977 1525 2017 “Noli
1552 1977 1726 2028 velle;”

254 2056 298 2096 id
333 2062 408 2103 est,
442 2056 520 2095 des
552 2067 732 2107 operam
776 2058 825 2093 ut
866 2053 1023 2092 saltem
1065 2052 1295 2092 voluntate
1337 2058 1380 2091 et
1422 2052 1605 2092 consilio
1636 2066 1726 2093 non

255 2130 435 2169 excidat
454 2143 461 2168 :
495 2142 626 2181 quem
651 2128 876 2180 scripturae
903 2127 1048 2167 locum
1071 2127 1268 2180 pluribus
1290 2132 1451 2167 tractat
1483 2127 1529 2166 B.
1548 2127 1727 2179 Augus-

254 2205 374 2245 tinus
397 2205 452 2244 de
477 2203 679 2243 Mendac.
704 2217 737 2243 c.
767 2203 826 2242 16.
851 2208 894 2242 et
922 2212 982 2254 17.
1028 2201 1220 2242 Causam
1244 2208 1392 2242 autem
1414 2202 1583 2241 vitandi
1606 2215 1727 2242 men-

257 2278 369 2318 dacii
400 2278 461 2318 ita
494 2277 678 2329 subjicit.
744 2276 1036 2316 “Assiduitas
1070 2277 1185 2316 enim
1218 2275 1332 2315 illius
1364 2276 1480 2317 bona
1509 2289 1596 2316 non
1624 2276 1726 2324 est,”

255 2353 339 2393 hoc
363 2359 439 2401 est,
462 2352 592 2392 valde
620 2351 737 2391 mala
759 2357 851 2391 est:
884 2351 1002 2391 mala
1023 2357 1171 2391 autem
1205 2356 1280 2400 est,
1305 2351 1407 2403 quia
1438 2350 1579 2390 multa
1609 2351 1727 2392 mala

254 2428 396 2480 gignit
418 2442 426 2477 3
460 2441 540 2466 sex
564 2432 713 2466 autem
735 2426 1025 2479 potissimum.
1707 2428 1709 2431 ’

348 2507 413 2540 1¹¹³.
448 2500 564 2553 Quia
597 2505 724 2539 necat
747 2500 952 2539 animam.
1017 2498 1119 2552 Sap.
1149 2510 1196 2538 1:
1229 2497 1328 2539 “Os
1357 2498 1476 2551 quod
1506 2500 1727 2549 mentitur,

256 2576 417 2616 occidit
434 2575 627 2615 animam
641 2574 679 2624 ;’'
700 2574 818 2626 quod
838 2587 1093 2626 quanquam
1116 2573 1452 2626 intelligendum
1471 2580 1536 2614 est
1553 2575 1729 2627 proprie

253 2650 310 2690 de
342 2649 479 2690 noxio
509 2655 553 2689 et
584 2648 831 2702 pernicioso
865 2648 1108 2697 mendacio,
1132 2654 1282 2688 tamen
1311 2648 1380 2688 vel
1413 2662 1471 2688 ex
1501 2648 1585 2688 hoe
1618 2649 1724 2689 satis

254 2724 441 2776 intelligi
475 2729 624 2776 potest
655 2736 755 2775 quae
792 2723 848 2762 sit
884 2723 949 2762 vis
986 2736 1037 2762 ae
1068 2728 1225 2762 natura
1261 2722 1490 2772 mendacii,
1528 2736 1628 2775 quae
1669 2723 1726 2763 ad

257 2798 418 2838 animae
451 2803 622 2850 spectat
643 2796 871 2836 interitum
891 2812 898 2836 :
931 2797 1120 2849 ideoque
1142 2802 1275 2849 negat
1298 2797 1344 2837 B.
1367 2795 1648 2849 Augustinus
1675 2810 1727 2836 eo

254 2886 385 2925 quem
420 2872 514 2912 dixi
558 2871 680 2920 libro,
720 2884 774 2911 ne
812 2870 1129 2912 honestissimo
1167 2871 1347 2924 quidem
1379 2872 1557 2912 nomine
1589 2877 1723 2924 atque

253 2952 477 3001 praetextu
503 2946 632 2987 licere
656 2946 841 2986 mentiri.
