1903 3197
290 167 392 211 400
618 154 698 200 De
729 156 919 202 ratione
950 156 1144 204 vivendi
1175 159 1436 207 Societaz‘z‘s.

284 284 320 324 si
371 298 463 325 rem
515 290 608 326 tam
660 287 881 340 exiguam,
924 294 972 329 ut
1023 295 1090 331 est
1141 305 1298 344 corpus
1350 306 1478 333 suum
1530 294 1750 348 adaugere

285 357 518 410 majusque
550 359 693 400 facere
722 374 853 402 nemo
887 369 1044 415 potest,
1081 366 1282 417 quamvis
1317 379 1369 406 ea
1402 367 1457 406 de
1491 381 1536 407 re
1570 382 1752 422 magno-

282 445 388 485 pere
409 433 466 472 sit
491 433 714 484 sollicitus,
738 449 813 475 cur
843 436 899 477 de
920 438 1036 478 victu
1069 439 1259 491 vitaeque
1288 441 1628 491 conservatione,
1653 458 1750 496 quae

283 505 421 559 pluris
463 514 540 557 est,
575 509 619 548 in
658 509 831 562 Deique
868 511 973 552 item
1010 519 1230 565 potestate
1268 514 1352 554 sita
1393 521 1470 564 est,
1511 516 1617 557 velit
1658 531 1752 558 esse

286 579 531 621 sollicitus?
615 582 679 623 Ut
721 585 837 624 enim
880 587 1072 638 corporis
1118 588 1244 637 actio,
1287 589 1348 628 ita
1390 594 1433 628 et
1480 590 1659 630 nutritio
1702 606 1751 632 ac

282 655 570 705 conservatio,
594 670 651 696 ex
676 657 838 698 Divina
861 660 1136 711 providentia
1158 661 1331 713 pendet.
1366 661 1513 714 Quare
1537 664 1750 706 Basilius:

286 727 357 768 De
378 729 467 769 vita
490 729 694 781 solitaria,
717 731 811 771 vult
833 739 1006 773 tantum
1039 747 1118 774 nos
1145 735 1333 776 tribuere
1365 737 1540 777 Divinae
1562 752 1676 779 curae
1699 753 1749 780 ac

284 803 545 854 prudentiae,
579 810 627 843 ut
662 818 716 844 ne
748 807 938 846 orandus
970 807 1149 859 quidem
1182 809 1310 849 nobis
1343 810 1398 850 sit
1431 811 1553 852 Deus
1584 813 1750 853 valetu-

281 874 398 915 dinis
440 889 580 916 causa.
658 877 811 917 “Nam
854 880 947 931 ipse
988 885 1033 920 te
1073 881 1238 930 finxit‚”
1282 883 1433 935 inquit,
1480 888 1560 925 “et
1600 901 1747 927 curam

281 947 418 988 habet
459 949 612 989 salutis
649 956 748 998 tuae,
793 957 836 991 et
878 953 999 992 novit
1041 954 1147 1005 quid
1190 955 1347 1008 cuique
1389 959 1616 1009 conducat,
1659 962 1749 1001 sive

282 1023 482 1070 sanitate,
538 1023 628 1063 sive
679 1024 934 1066 infirmitate
986 1041 1097 1080 opus
1148 1029 1213 1069 sit.
1308 1030 1504 1083 Longius
1565 1032 1749 1075 fortasse

283 1095 470 1135 dicendo
497 1110 752 1149 progressus
781 1105 856 1146 est,
891 1100 966 1139 sed
998 1101 1202 1141 nimirum
1230 1102 1468 1144 admonere
1500 1119 1580 1145 nos
1610 1107 1748 1148 voluit

279 1174 452 1209 tantam
486 1183 580 1210 esse
613 1171 711 1211 Deo
744 1186 892 1212 curam
926 1174 981 1213 de
1018 1175 1106 1214 suis
1144 1175 1329 1225 famulis,
1365 1184 1412 1218 ut
1450 1193 1539 1219 non
1572 1193 1748 1222 necesse

281 1241 445 1282 habeat
494 1244 532 1283 ei
575 1258 726 1296 preces
767 1260 846 1298 pro
889 1247 1029 1288 salute
1071 1251 1263 1302 corporis
1309 1251 1527 1302 adhibere,
1572 1257 1747 1296 tametsi

281 1316 564 1357 laudabiliter
586 1319 629 1358 id
654 1326 819 1371 queant
841 1320 1017 1362 facere.'’

371 1392 504 1432 Porro
536 1393 591 1432 ad
626 1393 834 1434 Divinam
858 1397 1181 1447 providentiam
1205 1399 1287 1438 tria
1314 1401 1592 1452 potissimum
1625 1417 1745 1456 spec-

280 1470 389 1514 tant,
413 1479 511 1518 quae
535 1474 750 1518 quantum
774 1469 816 1507 in
842 1469 966 1509 nobis
990 1476 1066 1518 est,
1091 1471 1196 1511 dum
1222 1472 1276 1512 de
1299 1474 1424 1514 nobis
1457 1475 1538 1528 ipsi
1572 1476 1744 1517 solliciti

279 1552 442 1587 sumus,
482 1540 611 1592 plane
654 1542 888 1581 evertimus
926 1549 1059 1595 atque
1096 1545 1368 1587 destruimus.
1449 1549 1641 1590 Primum
1681 1559 1746 1591 est

279 1617 504 1664 potestas;
552 1614 751 1667 quisquis
793 1616 909 1655 enim
951 1616 1103 1657 alienis
1147 1620 1482 1661 necessitatibus
1519 1624 1745 1664 consulere

279 1686 412 1726 debet
464 1687 497 1726 is
549 1693 816 1740 potestatem
863 1689 1025 1731 habeat
1071 1706 1247 1733 necesse
1294 1701 1370 1743 est,
1414 1697 1449 1735 si
1496 1698 1613 1737 enim
1660 1712 1746 1738 non

278 1760 431 1812 possit,
485 1774 710 1813 nunquam
763 1763 970 1804 consulet.
1077 1766 1252 1806 Deinde
1298 1769 1511 1819 voluntas,
1560 1785 1659 1824 quae
1711 1774 1744 1813 si

278 1833 406 1883 absit,
459 1834 559 1874 licet
610 1842 808 1887 potestas
859 1838 984 1887 adsit,
1038 1853 1092 1879 ne
1149 1846 1242 1880 tum
1296 1843 1475 1894 quidem
1536 1846 1744 1886 consulet.

276 1906 478 1947 Tertium
521 1915 588 1949 est
629 1910 811 1950 scientia
853 1913 1178 1963 necessitatum,
1217 1922 1265 1956 ut
1302 1930 1390 1957 non
1433 1919 1603 1970 ignoret
1645 1933 1743 1973 qua:

275 1982 549 2032 providenda
600 1997 650 2023 ac
701 1985 1008 2037 prospicienda
1050 1987 1166 2038 sint3
1221 2002 1323 2029 nam
1379 1991 1413 2030 si
1467 1991 1562 2032 haec
1618 1993 1743 2042 desit,

274 2056 479 2106 quamvis
517 2062 560 2096 et
601 2063 798 2110 potestas
841 2064 885 2099 et
926 2060 1130 2101 voluntas
1172 2063 1427 2103 consulendi
1461 2078 1548 2105 non
1585 2067 1740 2114 desint,

276 2128 396 2168 nulla
437 2131 599 2181 poterit
641 2145 735 2171 esse
777 2133 1062 2184 providentIa.
1128 2135 1241 2188 Quae
1273 2138 1355 2177 tria
1391 2138 1603 2178 attributa
1635 2139 1741 2179 dum

276 2200 319 2239 in
372 2201 535 2242 Divina
595 2205 870 2256 providentia
931 2220 1037 2250 non,
1077 2210 1367 2261 agnoscimus,
1421 2225 1629 2264 magnam
1682 2213 1740 2252 illi

277 2274 479 2326 injuriam
512 2277 724 2327 facimus;
769 2293 870 2319 nam
914 2287 991 2320 aut
1032 2282 1087 2321 de
1129 2289 1360 2335 potestate,
1394 2291 1471 2325 aut
1502 2286 1557 2326 de
1588 2287 1741 2327 volun-

274 2353 378 2398 tate,
413 2356 489 2389 aut
532 2351 587 2390 de
634 2352 850 2404 sapientia
892 2354 1157 2404 dubitamus,
1206 2371 1305 2397 cum
1348 2373 1406 2398 ex
1448 2366 1597 2401 nostra
1638 2376 1740 2401 cura

274 2422 494 2463 malumus
546 2438 678 2476 quarn
732 2440 788 2465 ex
852 2427 946 2479 ejus
1007 2431 1281 2481 providentia
1341 2435 1542 2486 pendere.
1631 2436 1739 2476 Ideo

276 2495 474 2536 Christus
508 2499 625 2550 apud
661 2499 938 2551 Matthaeum‚
973 2504 1078 2543 dum
1111 2504 1451 2548 sollicitudinem
1484 2510 1736 2562 ponendam

271 2577 435 2620 monet,
469 2585 557 2623 quo
589 2573 757 2614 facilius
790 2575 966 2616 Divinae
995 2579 1282 2630 providentiae
1312 2583 1423 2622 ratio
1450 2589 1632 2633 constet,
1655 2585 1737 2624 tria

274 2642 348 2684 illa
374 2645 584 2686 meminit.
650 2647 719 2688 De
749 2655 970 2701 potestate
1002 2652 1117 2692 enim
1151 2654 1211 2693 sic
1243 2655 1329 2695 ait:
1363 2656 1559 2697 “Nonne
1591 2658 1737 2697 anima

270 2717 370 2770 plus
402 2725 468 2759 est
490 2733 623 2772 quam
656 2736 765 2771 esca,
791 2729 834 2763 et
868 2737 1025 2778 corpus
1062 2727 1161 2779 plus
1203 2742 1336 2781 quam
1368 2731 1733 2771 vestimentum?’'

271 2789 409 2843 Quasi
462 2793 591 2845 dicat,
643 2795 677 2835 si
730 2796 852 2837 Deus
908 2800 1102 2841 animam
1164 2802 1298 2853 dedit,
1350 2818 1449 2857 quae
1506 2804 1606 2858 plus
1656 2811 1732 2855 est,

264 2865 464 2925 profecto
487 2868 612 2913 dabit
633 2875 677 2913 et
707 2884 851 2913 escam
882 2872 938 2914 ad
965 2887 1062 2917 eam
1090 2875 1133 2916 in
1159 2890 1341 2931 corpore
1366 2878 1701 2923 sustentandam
1719 2893 1730 2932 ς
