1903 3197
279 196 374 252 346
603 193 682 238 De
716 193 904 240 ratione
938 195 1131 241 vivendi
1163 196 1424 243 Socz'elatz'S.

273 339 332 367 ex
374 326 572 366 ciborum
615 327 908 376 multitudine,
948 334 991 368 et
1023 329 1171 381 requie
1208 335 1302 379 est;
1341 335 1384 369 et
1421 329 1516 380 alia,
1549 344 1648 383 quae
1687 346 1744 372 ex

274 401 480 454 superbia
538 402 765 454 contingit,
819 415 918 442 curn
976 403 1140 443 diutius
1202 404 1353 443 mundi
1406 417 1432 444 a
1483 404 1603 444 foeda
1663 405 1745 446 hac

276 475 548 528 respersione
569 476 853 528 persistimus,
885 483 929 517 et
950 490 1027 530 per
1057 476 1140 517 hoc
1167 477 1209 516 in
1243 477 1492 530 superbiam
1515 478 1744 520 efferimur.

362 549 438 589 Ad
486 549 570 590 hoc
621 550 883 590 humilitatis
925 557 1069 604 caput,
1109 552 1302 604 quinque
1345 551 1605 592 humilitatis
1646 552 1747 592 filiae

275 622 530 673 referuntur,
585 625 840 664 necessariae
897 638 1050 665 omnes
1107 626 1163 665 ad
1221 626 1435 665 castitatis
1488 626 1744 667 custodiam.

277 696 423 738 Prima
466 703 532 738 est
569 698 833 748 obedientia,
867 699 970 751 quia
1007 713 1064 739 ex
1099 700 1399 739 inobedientia
1434 700 1610 752 spiritus
1653 706 1748 740 orta

274 778 341 812 est
392 773 436 812 in
481 773 632 826 primis
684 773 939 825 parentibus
985 774 1125 814 carnis
1178 774 1487 824 inobedientia,
1531 780 1579 814 ut
1630 788 1748 828 saepe

274 845 405 887 docet
439 846 749 899 Augustinus.1
814 847 1110 899 “Injustum,’'
1141 849 1293 900 inquit,
1329 851 1461 888 “erat
1495 854 1544 888 ut
1577 849 1750 889 obtem-

274 926 501 972 peraretur
536 934 562 960 a
599 934 723 960 servo
761 934 851 969 suo,
890 921 932 960 id
969 927 1035 961 est
1067 935 1092 961 a
1124 935 1305 974 corpore
1339 936 1429 971 suo,
1468 923 1505 962 ei
1544 924 1617 975 qui
1661 937 1746 963 non

273 994 658 1046 obtemperaverat
704 994 900 1034 Domino
948 993 1087 1034 suo.’'2
1149 995 1208 1034 Et
1252 999 1336 1035 “ut
1382 995 1549 1047 poena,”
1595 997 1747 1049 inquit,

276 1067 537 1119 “reciproca
599 1067 899 1107 inobedientia
959 1068 1232 1120 plecteretur,
1291 1069 1465 1109 exstitit
1527 1069 1570 1108 in
1625 1075 1747 1110 motu

274 1142 467 1194 corporis
519 1141 726 1194 quaedam
779 1142 1012 1194 impudens
1064 1143 1247 1190 novitas,
1292 1148 1335 1182 et
1387 1142 1489 1182 fecit
1541 1148 1746 1193 attentos,

276 1216 557 1268 reddiditque
590 1215 856 1257 confusos.”3
919 1217 1045 1256 Idem
1075 1217 1206 1257 docet
1230 1216 1492 1270 Gregorius:
1518 1217 1635 1258 “Ille
1665 1218 1750 1271 pri-

275 1303 374 1330 mus
412 1291 682 1339 inobediens,
718 1305 825 1331 mox
869 1297 917 1331 ut
959 1291 1252 1343 superbiendo
1295 1293 1504 1344 peccavit,
1541 1292 1750 1344 pudenda

275 1366 486 1406 contexit.
562 1365 679 1418 Quia
721 1366 836 1405 enim
880 1365 1193 1405 contumeliam
1232 1367 1408 1418 spiritus
1452 1366 1549 1406 Deo
1592 1366 1751 1416 intulit,

277 1452 386 1479 mox
409 1440 723 1479 contumeliam
747 1440 887 1479 carnis
921 1440 1111 1490 invenit;
1145 1446 1199 1490 et,
1224 1441 1326 1492 quia
1348 1440 1514 1480 auctori
1547 1454 1625 1480 suo
1656 1455 1751 1480 esse

275 1514 479 1554 subditus
503 1513 653 1563 noluit,
673 1514 744 1566 jus
778 1514 919 1554 carnis
951 1515 1140 1554 subditae
1164 1528 1296 1566 quam
1330 1515 1520 1567 regebat,
1544 1514 1751 1555 amisit.”4

279 1588 399 1640 Ergo
452 1590 486 1628 si
539 1589 838 1629 inobedientia
886 1589 1062 1641 spiritus
1116 1604 1248 1630 causa
1305 1589 1385 1629 fuit
1439 1590 1749 1630 inobedientiae

276 1663 418 1702 carnis
441 1669 614 1712 nostrae,
638 1663 835 1715 profecto
864 1663 1116 1703 obedientia
1149 1664 1336 1716 spiritus,
1361 1664 1568 1703 adversus
1602 1665 1749 1704 Deum

280 1735 627 1788 Superioresque
680 1743 863 1785 nostros,
913 1737 1192 1777 obedientem
1236 1738 1571 1790 subjectamque
1624 1738 1753 1779 faciet

279 1810 406 1850 nobis
453 1824 629 1850 carnem
680 1816 886 1850 nostram.
985 1811 1146 1863 Figura
1203 1811 1343 1863 hujus,
1398 1812 1579 1852 abstulit
1629 1813 1751 1852 Deus

279 1897 463 1936 regnum
508 1883 629 1925 Sauli
669 1885 771 1936 quia
814 1898 901 1924 non
944 1885 1141 1924 obedivit
1183 1885 1278 1925 voci
1323 1885 1486 1938 ipsius;
1540 1892 1583 1926 et
1625 1886 1752 1926 nobis

281 1958 423 1998 aufert
474 1972 658 2010 regnum
711 1972 760 1998 ac
812 1958 1161 1998 dominationem
1225 1960 1364 1999 carnis
1427 1966 1599 2009 nostrae,
1652 1974 1750 2000 cum

284 2031 569 2084 Superiorum
598 2032 694 2072 voci
725 2032 932 2084 dictoque
962 2033 1190 2073 audientes
1224 2047 1309 2073 non
1342 2047 1502 2073 sumus.

371 2106 586 2155 Secunda,
611 2120 710 2159 quae
734 2121 791 2146 ex
813 2106 1062 2147 humilitate
1085 2108 1279 2160 gignitur
1299 2107 1435 2147 virtus
1458 2108 1513 2147 ad
1537 2108 1752 2148 castitatis

283 2180 501 2220 cautelam
555 2181 810 2229 necessaria,
864 2186 929 2220 est
980 2181 1196 2220 confessio
1239 2187 1282 2220 et
1333 2182 1515 2220 nudatio
1561 2181 1752 2221 vulneris

284 2254 430 2301 nostri,
467 2268 566 2293 cum
600 2255 742 2293 carnis
774 2254 961 2294 stimulis
992 2254 1281 2294 vulneramur.
1373 2254 1601 2294 Humilem
1634 2255 1749 2295 enim

287 2340 374 2366 non
407 2328 544 2379 pudet
576 2328 765 2380 pectoris
799 2328 863 2367 sui
898 2327 1051 2380 plagas
1085 2328 1297 2380 spirituali
1331 2328 1502 2368 medico
1531 2329 1752 2368 sanandas

285 2401 481 2453 prodere,
505 2401 595 2440 sive
621 2401 664 2441 id
695 2401 771 2441 fiat
794 2402 837 2440 in
863 2401 1169 2441 sacramentali
1201 2401 1485 2451 confessione,
1508 2402 1598 2442 sive
1624 2408 1752 2442 extra

285 2481 610 2514 sacramentum
648 2475 941 2516 confessionis.
1023 2475 1094 2515 Ac
1135 2475 1190 2516 de
1243 2482 1529 2525 sacramento,
1572 2484 1753 2530 propter

290 2562 419 2588 usum
453 2554 585 2601 atque
618 2550 949 2602 experientiam,
978 2551 1234 2601 magistram
1267 2551 1396 2590 docet
1429 2551 1750 2600 Bonaventura,

288 2622 363 2663 ubi
386 2629 519 2675 negat
542 2623 676 2663 ullam
704 2637 797 2663 esse
827 2624 1051 2663 meliorem
1082 2637 1132 2663 ac
1162 2623 1399 2664 faciliorem
1422 2625 1538 2665 viam
1569 2626 1623 2665 ad
1655 2639 1753 2666 eva-

289 2697 458 2737 dendas
510 2697 704 2737 libidinis
746 2698 1023 2748 tentationes,
1076 2712 1209 2750 quam
1252 2698 1286 2738 si
1328 2699 1425 2751 quis
1466 2700 1754 2752 cogitationes

287 2784 440 2812 omnes
463 2772 654 2821 vitiosas,
677 2785 776 2811 cum
807 2773 895 2812 suis
926 2773 1276 2821 circumstantiis,
1309 2786 1427 2825 saepe
1456 2778 1500 2812 et
1531 2772 1645 2813 clare
1676 2787 1754 2813 suo

305 2875 317 2894 ¹
344 2877 397 2908 De
423 2878 521 2908 Civit.
543 2878 617 2909 Dei.
639 2878 660 2909 1.
686 2887 733 2917 14.
755 2888 799 2909 cc.
825 2884 872 2918 15.
897 2884 945 2917 17.
966 2886 1018 2918 23.
1112 2877 1125 2896 2
1142 2879 1195 2909 De
1218 2878 1354 2919 Nuptiis
1378 2882 1410 2909 et
1434 2879 1628 2919 Concupisc.
1650 2889 1676 2909 c.
1702 2887 1728 2910 1.

474 2927 487 2947 ³
515 2930 567 2960 De
596 2930 694 2962 Civit.
720 2930 785 2961 Dei
808 2930 828 2961 l.
853 2938 900 2969 14.
922 2940 949 2961 c.
974 2937 1022 2970 17.
1199 2928 1213 2948 4
1237 2930 1322 2960 Mor.
1344 2930 1363 2961 1.
1386 2929 1437 2961 26.
1458 2940 1484 2961 c.
1509 2937 1557 2969 13.
