1903 3197
535 164 603 210 In
637 161 855 225 Regulas
889 160 1151 208 Modeslz‘ae.
1482 162 1576 208 621

201 306 258 340 20.
292 299 499 343 Indicant
538 299 672 338 etiam
715 296 935 350 duplicem
973 296 1169 336 animum
1212 301 1256 336 et
1297 294 1584 347 simulatum;

112 389 318 429 rugarum
356 375 472 415 enim
510 373 686 414 nomine
723 371 956 424 duplicitas
993 371 1259 423 designatur,
1292 375 1340 410 ut
1377 370 1438 410 ait
1477 368 1584 410 Gre-

110 451 270 504 gorius,
315 460 366 501 23
407 449 517 489 Mor.
550 448 593 488 in
635 446 742 487 illud
779 445 877 498 Job.
917 455 991 497 17:
1027 445 1124 485 “Et
1161 459 1281 500 rugae
1316 458 1427 484 meae
1460 444 1585 484 testi-

111 526 309 566 monium
348 524 499 565 dicunt
535 528 686 563 contra
728 520 834 561 me.”
897 519 1030 573 Quod
1063 520 1218 560 vitium
1261 519 1393 573 longe
1429 519 1585 560 abesse

109 600 244 640 debet
284 614 310 640 a
351 612 475 639 servo
513 598 625 647 Dei;
667 597 770 649 quia
792 595 910 636 “Vae
942 595 1105 648 duplici
1139 593 1306 644 corde,”
1341 600 1388 634 ut
1422 595 1584 635 dicitur

113 675 230 716 Eccl.
274 686 309 714 2.
386 673 575 726 Oportet
616 677 764 713 autem
807 684 978 711 servum
1030 670 1113 710 Dei
1163 669 1342 709 minime
1383 675 1582 709 astutum

111 764 216 800 esse,
259 748 336 790 sed
378 748 633 801 simplicem,
668 753 711 787 et
752 746 1081 799 simplicitatem
1124 745 1258 784 etiam
1301 744 1396 797 ipsa
1439 743 1584 784 fronte

109 825 272 875 testari,
307 837 361 864 ne
403 824 446 863 in
488 836 588 863 eum
630 822 816 875 quadret
862 821 1040 874 vulgare
1091 819 1400 873 proverbium:
1443 817 1583 859 Aliud

109 899 245 941 habet
287 899 330 939 in
372 898 526 946 fronte,
570 897 688 938 aliud
741 897 784 937 in
835 902 1023 950 pectore.
1106 893 1207 947 Qua
1249 895 1292 934 in
1335 907 1380 933 re
1422 892 1585 933 imitari

110 975 238 1016 decet
280 973 365 1014 Dei
418 973 620 1021 Matrem,
663 985 798 1025 quam
840 971 975 1012 tradit
1016 969 1294 1022 Nicephorus
1336 968 1582 1021 simplicem

109 1048 254 1099 fuisse,
286 1048 555 1100 minimeque
579 1047 701 1088 vultu
731 1046 982 1100 fingentem.
1034 1044 1149 1085 Eccl.
1178 1044 1292 1084 Hist.
1318 1043 1342 1083 l.
1372 1055 1402 1083 Ι.
1427 1057 1458 1083 c.
1486 1054 1521 1083 2.

200 1129 255 1175 30.
292 1123 496 1163 Indicant
525 1123 810 1172 moestitiam;
843 1121 945 1174 quia
972 1121 1014 1160 in
1045 1133 1234 1160 moerore
1256 1119 1445 1159 frontem
1478 1131 1584 1158 con-

109 1199 324 1241 trahimus
355 1204 587 1251 propterea
615 1197 733 1251 quod
766 1196 1038 1238 contrahitur
1066 1196 1199 1236 etiam
1234 1208 1308 1234 cor
1330 1200 1374 1234 et
1395 1194 1583 1245 animus,

110 1274 228 1315 unde
260 1274 396 1314 oritur
426 1273 669 1313 contractio
701 1271 864 1312 frontis.
928 1271 1093 1312 Contra
1115 1284 1231 1319 vero,
1255 1282 1355 1309 cum
1391 1268 1582 1308 frontem

110 1348 446 1401 exporrigimus,
469 1346 635 1387 laetitiae
664 1347 789 1400 signa
811 1347 980 1394 damuS,
1005 1345 1108 1398 quia
1139 1350 1183 1385 et
1204 1350 1300 1384 tum
1323 1357 1398 1383 cor
1424 1342 1584 1395 ipsum,

110 1436 211 1464 cum
244 1429 310 1463 est
341 1423 386 1462 in
423 1422 587 1472 laetitia,
616 1422 836 1462 dilatatur.
900 1421 1060 1462 Servus
1093 1426 1242 1460 autem
1282 1418 1366 1458 Dei
1405 1430 1585 1458 ornnem

109 1497 267 1540 frontis
304 1497 649 1538 contractionem
678 1497 815 1537 vitare
853 1497 996 1543 debet,
1028 1501 1076 1535 ut
1110 1499 1297 1535 testetur
1333 1492 1585 1532 interiorem

111 1573 246 1614 animi
276 1572 488 1620 laetitiam,
512 1578 556 1612 et
582 1577 630 1611 ut
652 1571 746 1611 aliis
776 1570 1009 1620 affabilem,
1031 1569 1228 1618 hilarem,
1252 1568 1587 1621 gratiosumque

112 1661 159 1688 se
209 1648 433 1700 praebeat:
485 1646 681 1699 alioquin
723 1660 856 1687 nemo
898 1646 964 1694 sit,
1009 1645 1082 1697 qui
1116 1644 1209 1696 ejus
1254 1655 1490 1695 congressu
1533 1655 1586 1681 ac

113 1721 432 1762 consuetudine
463 1720 714 1762 delectetur.
779 1719 1170 1773 Quemadmodum
1211 1717 1327 1758 enim
1365 1729 1465 1757 cum
1503 1729 1585 1755 nu-

111 1796 242 1838 bibus
273 1801 547 1836 contractum
591 1802 657 1836 est
694 1795 866 1844 coelum,
902 1807 1136 1834 moerorem
1179 1792 1384 1833 omnibus
1426 1792 1586 1832 incutit

114 1877 159 1912 et
190 1871 314 1924 quasi
346 1870 567 1911 tristitiam
591 1869 843 1923 quandam3
876 1882 975 1909 cum
998 1882 1100 1908 vero
1133 1867 1262 1907 nullis
1294 1866 1483 1907 nubibus
1516 1872 1585 1907 est

113 1945 368 1993 obductum,
403 1945 479 1985 sed
521 1945 696 1998 egregia
728 1950 994 1997 tempestate
1026 1943 1230 1983 omnibus
1267 1942 1470 1995 aperitur,
1508 1955 1587 1981 ex—

113 2020 272 2061 hilarat
299 2020 480 2067 animos,
514 2025 559 2059 et
590 2018 783 2072 quadam
816 2019 940 2071 quasi
972 2017 1201 2070 voluptate
1233 2015 1483 2070 perfundit:
1522 2014 1586 2056 sic

114 2095 249 2136 homo
282 2108 381 2135 cum
414 2094 603 2134 frontem
637 2099 771 2146 atque
803 2107 879 2133 ora
911 2092 1144 2141 contraxit,
1176 2105 1202 2131 a
1238 2105 1317 2131 suo
1349 2103 1585 2143 congressu

114 2169 305 2210 deterret
341 2183 524 2218 omnes;
557 2182 656 2209 cum
693 2182 796 2208 vero
833 2167 1076 2221 exporrigit
1108 2173 1241 2219 atque
1273 2165 1479 2219 explicat,
1508 2178 1587 2205 ex-

114 2245 273 2285 hilarat
308 2245 542 2284 universos,

204 2325 262 2370 40.
298 2319 503 2359 Indicant
526 2317 835 2358 alienationem
857 2316 1106 2357 voluntatis.
1170 2316 1288 2356 Nam
1318 2328 1417 2355 curn
1441 2313 1586 2355 alieno

118 2393 266 2434 animo
303 2406 453 2433 sumus
489 2393 546 2433 ab
583 2392 743 2445 aliquo,
778 2406 907 2445 rugas
945 2391 1221 2443 frontemque
1258 2388 1586 2432 contrahimus:

119 2467 270 2507 contra
304 2481 403 2507 cum
438 2467 565 2508 amici
602 2481 764 2516 sumus,
793 2473 836 2506 et
867 2479 1086 2519 propenso
1124 2466 1166 2504 in
1199 2464 1390 2517 aliquem
1423 2464 1586 2514 animo,

120 2542 459 2594 propensionem
494 2542 634 2594 ipsam
668 2541 815 2589 animi,
846 2541 1020 2594 placido
1055 2541 1188 2580 etiam
1215 2539 1337 2579 vultu
1371 2538 1588 2590 hilarique

118 2620 344 2656 testamur.
399 2615 471 2656 Sic
495 2615 650 2655 Laban
673 2615 839 2655 alienus
862 2629 887 2655 a
908 2615 1047 2667 Jacob
1069 2614 1204 2655 tristis
1227 2619 1329 2654 erat.
1386 2613 1492 2654 Gen.
1519 2622 1588 2663 34.

210 2695 264 2740 50.
301 2689 504 2729 Indicant
534 2690 811 2729 conscientiae
843 2689 1227 2742 perturbationem.
1292 2688 1413 2739 Lege
1441 2685 1588 2727 Atha-

119 2763 291 2804 nasium
334 2764 377 2803 in
413 2763 637 2816 Apologia
669 2764 724 2803 ad
760 2763 1080 2813 Constantium,
1112 2777 1151 2816 p.
1189 2773 1298 2814 2093
1342 2768 1385 2802 et
1417 2762 1460 2801 in
1493 2762 1587 2802 vita

119 2837 316 2878 Antonii.
391 2837 562 2890 “Cujus
604 2839 737 2879 animi
779 2838 981 2892 puritas,''
1015 2838 1168 2890 inquit,
1204 2836 1588 2890 “cognoscebatur

119 2927 177 2955 ex
209 2911 361 2953 vultu''
385 2926 423 2966 p.
447 2912 541 2963 651.
