1903 3197
435 159 646 205 Ubinam
681 158 931 220 (alis'icalc'o
966 159 1063 204 sila
1100 159 1177 204 sit.
1451 170 1545 216 547

166 291 299 331 Porro
327 290 545 343 patientia·
568 289 661 330 haec
685 290 822 329 tribus
846 289 1127 341 potissimum
1152 289 1258 328 locis
1280 288 1546 328 declaranda

73 371 151 405 est.
215 364 407 403 Primum
431 364 473 403 in
500 363 755 403 morborum
790 363 1110 412 cruciamentis,
1134 362 1202 402 vel
1232 363 1365 402 etiam
1389 363 1546 402 curati-

75 450 209 477 onum
251 437 419 477 fortiter
454 436 728 490 preferendis.
794 436 909 476 Sunt
952 437 1069 475 enim
1113 435 1249 487 aliqui
1294 435 1337 474 in
1381 435 1545 475 morbis

76 511 208 550 etiam
258 524 345 551 non
395 510 662 563 gravissimis
712 508 841 548 valde
893 508 1050 548 molles
1105 514 1240 560 atque
1293 509 1546 556 effeminati,

72 584 263 636 gemitus
295 598 345 624 ac
376 583 559 636 suspiria
581 583 854 622 continenter
880 583 1073 630 edentes,
1099 588 1147 621 ut
1170 582 1306 621 videri
1331 584 1544 634 quodam-

75 657 208 697 modo
229 657 363 697 velint
394 670 440 696 se
473 669 558 695 non
591 657 682 695 sine
704 669 835 695 causa
864 655 1140 694 decumbere.
1205 654 1272 694 At
1293 655 1371 694 viri
1405 657 1543 694 sancti

72 736 247 771 strenue
267 730 531 782 viiiliterque
555 743 599 769 se
621 735 789 782 gerunt,
813 728 979 768 nullum
1004 728 1164 768 infirmi
1200 729 1335 767 animi
1369 729 1543 780 signum

72 804 265 852 edentes,
304 804 436 843 etiam
484 804 517 843 si
560 804 753 856 asperius
791 803 1010 843 interdum
1052 802 1305 842 morborum
1343 808 1543 854 pungant

72 877 220 918 aculei.
257 877 374 916 Nam
398 877 693 917 RXaverium
718 884 914 917 nostrum
937 876 1191 928 accepimus
1216 888 1315 914 cum
1342 880 1544 915 extremo

73 964 163 990 suae
197 950 298 990 vitae
332 956 530 1003 tempore
564 952 753 1003 graviter
785 955 1031 1003 aegrotaret,
1069 948 1377 1002 pestiferceque
1413 948 1543 987 febris

68 1024 309 1076 jactaretur
331 1024 552 1072 incendiis,
572 1030 695 1064 tanta
717 1025 852 1063 animi
875 1024 1089 1075 aequitate
1107 1024 1196 1062 vim
1217 1022 1356 1062 morbi
1380 1022 1545 1071 tulisse,

75 1103 122 1138 ut
156 1111 210 1138 ne
242 1098 424 1137 verbum
457 1098 636 1150 quidem
671 1098 763 1150 ejus
801 1098 1091 1150 exciperetur,
1127 1102 1203 1136 aut
1240 1096 1295 1135 de
1329 1096 1544 1148 gravitate

75 1170 215 1210 morbi
253 1171 484 1223 querentis,
522 1177 598 1211 aut
640 1171 772 1211 ullam
811 1170 1189 1211 circumstantium
1233 1183 1374 1221 opem,
1415 1175 1462 1209 ut
1501 1170 1543 1208 in

76 1243 238 1283 morbis
261 1243 372 1283 solet
393 1244 678 1296 gravioribus,
703 1242 1007 1296 implorantis.1

162 1316 336 1356 Patrem
379 1322 527 1356 autem
570 1323 767 1356 nostrum
813 1317 1036 1369 Ignatium
1081 1322 1208 1356 tanto
1252 1316 1356 1355 item
1395 1329 1542 1368 supre-

74 1402 195 1428 mum
238 1389 441 1428 morbum
484 1390 783 1430 dissimulasse
826 1390 1010 1437 silentio,
1050 1396 1098 1429 ut
1149 1389 1267 1441 prius
1310 1389 1541 1428 domestici

74 1467 261 1502 mortem
285 1477 417 1515 quam
441 1464 579 1503 morbi
602 1464 815 1503 senserint
837 1463 1126 1516 gravitatem:
1155 1476 1343 1514 cumque
1367 1462 1544 1502 insolita

74 1537 267 1589 quadam
309 1537 625 1590 defatigatione
674 1536 932 1590 langueret,2
974 1543 1021 1577 ut
1063 1550 1163 1576 eum
1217 1536 1542 1589 propemodum

74 1611 253 1663 spiritus
276 1617 319 1651 et
340 1612 430 1651 vita
459 1610 691 1661 deficeret;
725 1617 875 1651 tamen
906 1611 998 1651 sine
1027 1611 1115 1651 ullo
1142 1611 1311 1664 gemitu
1334 1624 1385 1650 ac
1408 1611 1543 1663 signi-

72 1684 276 1724 ficatione
318 1685 491 1733 doloris,
536 1691 665 1725 nocte
707 1686 812 1737 ipsa,
853 1698 985 1737 quam
1029 1684 1263 1725 subsecuta
1305 1698 1422 1724 mors
1464 1690 1542 1733 est,

74 1758 205 1798 etiam
236 1759 413 1811 negotia
436 1759 642 1810 quaedam
664 1758 929 1811 transegisse
953 1757 1149 1810 Collegii.
1213 1757 1344 1797 Adeo
1364 1757 1543 1797 viriliter

73 1836 224 1872 contra
245 1832 334 1871 vim
356 1832 708 1884 gravitatemque
732 1831 872 1871 morbi
895 1831 1203 1870 contendebat.

160 1904 280 1957 Quid
319 1906 362 1944 in
397 1905 695 1945 curationibus
732 1904 1000 1957 perferendis
1038 1904 1363 1944 acerbioribus?
1396 1917 1541 1944 nonne

74 1979 229 2018 eadem
262 1978 451 2017 cernitur
487 1978 530 2016 in
567 1978 728 2017 sanctis
759 1978 860 2017 viris
893 1978 1152 2018 constantia}
1191 1976 1460 2017 fortitudo?3
1493 1985 1540 2018 ut

66 2052 109 2091 in
154 2051 412 2092 Elisabetha
456 2051 707 2104 Iconangiae
751 2051 977 2099 monacha,
1016 2051 1140 2103 cujus
1182 2064 1281 2091 cum
1324 2051 1533 2092 acerbum

73 2125 194 2165 ulcus
246 2139 403 2178 corpus
455 2126 713 2177 pervaderet
765 2126 1026 2174 universum,
1080 2138 1134 2164 ne
1185 2125 1307 2165 vultu
1359 2125 1537 2177 quidem

72 2199 260 2239 tristitiae
288 2206 364 2239 aut
391 2199 664 2251 aegritudinis
692 2200 817 2252 signa
843 2199 1048 2252 prodidit.

160 2271 438 2325 Stephanum
491 2273 624 2312 etiam
666 2273 990 2320 anachoretam,
1035 2286 1134 2312 cum
1179 2272 1300 2313 ulcus
1343 2274 1446 2313 item
1500 2274 1538 2313 ei

72 2345 334 2386 incideretur
365 2360 390 2386 a
422 2345 614 2395 medicis,
642 2346 702 2386 ita
730 2347 819 2386 vim
855 2346 951 2386 ferri
986 2347 1304 2399 contempsisse
1338 2346 1537 2399 legimus,

73 2425 120 2459 ut
143 2432 196 2459 ne
218 2420 478 2472 ingemuerit
500 2420 689 2471 quidem.
755 2420 872 2459 Nam
901 2420 957 2459 de
988 2420 1033 2459 B.
1054 2420 1280 2459 Laurantii
1303 2420 1537 2472 Justiniani

74 2493 229 2533 robore
260 2506 310 2533 ac
343 2493 554 2545 patientia
587 2494 629 2532 in
662 2493 940 2534 admittenda
971 2494 1198 2544 novacula,
1220 2508 1319 2545 quae
1349 2500 1538 2533 strumas

73 2566 281 2614 exsecuit,
306 2580 436 2618 supra
458 2580 483 2606 a
506 2567 632 2606 nobis
655 2573 721 2607 est
744 2566 859 2607 facta
882 2568 1057 2607 mentio.

162 2639 251 2680 Sed
284 2639 386 2678 nolo
418 2639 650 2691 quisquam
683 2646 808 2692 putet
840 2653 913 2680 eos
943 2654 968 2680 a
998 2640 1122 2680 nobis
1156 2639 1238 2680 hoc
1270 2640 1367 2680 loco
1394 2630 1536 2692 repre-

73 2713 218 2761 hendi,
261 2713 335 2765 qui
378 2712 420 2751 in
463 2713 672 2752 maximis
718 2713 941 2754 doloribus
987 2713 1380 2765 cruciamentisque
1422 2726 1535 2752 mor-

73 2787 228 2827 borum
281 2800 369 2826 non
421 2785 555 2825 modo
605 2786 795 2838 gemitus
845 2801 996 2827 verum
1048 2788 1180 2827 etiam
1233 2787 1445 2827 clamores
1493 2793 1538 2827 ct

173 2875 186 2896 ¹
212 2878 253 2908 In
269 2877 325 2908 vit.
346 2876 366 2907 1.
392 2883 416 2907 1.
439 2885 464 2906 c.
486 2882 516 2914 9.
631 2873 644 2892 ²
670 2875 761 2908 Mass.
782 2876 802 2907 1.
825 2884 853 2908 2.
876 2887 900 2909 c.
923 2884 973 2916 24.
1089 2875 1102 2894 ³
1127 2877 1192 2916 Ap.
1216 2876 1435 2917 Sigibarbum.

241 2938 341 2978 JJ2
