1903 3197
156 79 251 137 568
482 78 563 124 De
595 78 786 125 ratione
821 79 1015 126 vivendi
1048 80 1308 128 Societatz'S.

152 207 333 262 quidem
375 209 618 250 rationibus
661 211 881 264 conjectat
931 212 1293 267 Olympiodorus‚
1337 214 1500 256 multos
1540 216 1629 269 Job

152 296 291 323 annos
328 284 469 324 morbi
504 283 683 337 plagam
718 285 959 338 pertulisse.
1034 287 1251 340 Idemque
1292 289 1628 331 ratiocinatione

153 357 348 409 quadam
372 358 504 398 efficit
526 365 696 411 septem
721 359 817 400 illos
844 359 976 401 fuisse
998 375 1138 402 annos
1160 376 1167 402 :
1201 375 1304 403 nam
1337 363 1380 403 in
1402 369 1628 417 postremo

154 432 300 484 capite
323 445 457 472 sacrae
482 433 644 474 Literae
671 433 805 486 juxta
836 434 1132 488 Septuaginta
1154 437 1215 477 sic
1236 436 1428 479 habent:
1462 438 1628 480 “Vixit

152 512 300 546 autem
323 506 410 558 Job
432 513 533 560 post
564 507 744 561 plagam
768 515 945 549 centum
968 511 1252 563 septuaginta
1275 525 1414 552 annos
1433 526 1441 562 3
1474 526 1628 554 omnes

153 586 303 620 autem
337 581 450 631 anni,
476 595 585 634 quos
608 583 733 629 vixit,
757 583 935 623 ducenti
958 590 1002 624 et
1024 584 1319 638 quadraginta
1351 585 1488 626 octo.”
1552 588 1626 627 Ex

150 653 402 695 Athanasio
454 662 603 696 autem
656 657 817 696 scimus
863 658 962 709 Job,
1006 673 1105 699 cum
1153 660 1344 712 primum
1388 675 1414 701 a
1458 661 1627 702 Satana

151 742 383 782 percussus
418 737 494 778 est,
519 731 906 784 septuagenarium
937 732 1030 784 jam
1062 733 1204 774 fuisse.
1269 734 1442 788 Quibus
1471 737 1631 789 positis

152 805 213 844 ita
235 805 530 844 ratiocinatur.
592 805 781 845 Videtur
804 819 990 858 magnus
1018 806 1105 858 Job
1137 814 1308 861 septem
1341 809 1460 862 ipsos
1489 823 1628 851 annos

152 878 297 931 plagae
339 879 626 919 acerbitatem
670 878 848 919 tulisse:
894 894 1080 932 quorum
1124 882 1285 923 idcirco
1320 889 1386 924 est
1421 897 1628 925 numerus

150 953 484 1005 praetermissus,
528 953 632 1006 quia
676 967 733 992 ex
782 967 833 994 ea
881 968 1096 995 annorum
1140 970 1325 1006 summa,
1365 972 1476 1011 quos
1516 960 1633 1000 vixit

148 1026 305 1078 justus,
356 1027 513 1067 merito
566 1028 833 1081 excerpendi
886 1029 1176 1070 videbantur:
1228 1045 1330 1071 cum
1382 1046 1630 1074 aerumnosa

150 1100 241 1141 vita
284 1115 401 1141 mors
443 1103 500 1142 sit
552 1103 699 1155 potius
749 1103 1050 1144 existimanda
1093 1119 1227 1157 quam
1263 1106 1365 1147 vita.
1449 1106 1628 1148 Etenim

151 1175 185 1213 si
243 1181 346 1228 post
403 1177 649 1216 detractam
707 1177 1007 1218 calamitatem
1063 1179 1152 1230 Job
1203 1179 1428 1232 duplicata
1479 1182 1629 1222 omnia

151 1248 339 1298 fuerunt,
383 1250 488 1302 quin
532 1251 635 1290 anni
679 1265 855 1304 quoque
899 1251 1110 1304 duplicati
1164 1253 1262 1302 sint,
1306 1253 1498 1295 dubitari
1540 1269 1627 1296 non

152 1322 295 1363 debet.
369 1323 498 1364 Vixit
546 1325 679 1377 igitur
729 1331 831 1377 post
878 1325 1110 1378 depulsam
1158 1341 1400 1367 aerumnam
1451 1334 1627 1370 centum

152 1397 436 1450 septuaginta
469 1411 636 1447 annos;
671 1412 843 1439 summa
879 1405 1027 1439 autem
1062 1413 1277 1441 annornm
1312 1402 1513 1442 universa
1549 1404 1629 1443 du-

152 1471 267 1510 centi
291 1472 615 1524 quinquaginta
638 1473 843 1525 quinque.
881 1473 919 1512 E
938 1488 1024 1526 qua
1048 1475 1227 1527 quidem
1251 1489 1425 1516 summa
1443 1476 1630 1518 detracti

154 1549 255 1584 sunt
288 1550 472 1598 septem,
497 1552 544 1586 ut
577 1560 783 1586 arcanam
806 1547 1018 1600 temporis
1051 1549 1278 1597 rationem,
1303 1564 1392 1602 quo
1422 1556 1488 1591 est
1514 1550 1631 1592 mala

153 1631 399 1671 perpessus,
443 1619 800 1672 intelligeremus.
865 1619 1014 1673 Quare
1058 1621 1370 1675 Olympiodori
1413 1625 1630 1665 sententia

153 1696 325 1744 septem
358 1693 446 1744 Job
479 1706 619 1733 annos
652 1694 940 1734 acerbitatem
974 1694 1119 1748 plagae
1142 1697 1354 1737 dicendus
1388 1704 1454 1738 est
1485 1704 1633 1751 pertu-

154 1765 281 1806 lisse:
315 1771 440 1807 tanta
464 1766 556 1819 ejus
580 1767 721 1806 morbi
746 1767 1011 1808 diuturnitas
1035 1769 1125 1810 fuit.

241 1847 300 1891 40.
336 1841 553 1894 Perpendi
606 1848 755 1894 potest
798 1843 991 1895 gravitas
1043 1845 1184 1885 morbi
1228 1859 1284 1885 ex
1338 1849 1633 1900 perpetuitate

156 1919 292 1966 atque
343 1916 604 1955 assiduitate
656 1915 852 1965 doloris;
905 1931 1005 1957 cnm
1059 1917 1178 1958 nulla
1230 1925 1295 1960 est
1348 1921 1634 1976 intercapedo

156 1987 382 2039 molestiae,
407 1989 526 2029 nulla
559 1990 720 2030 dantur
752 1990 982 2031 intervalla
1013 1992 1182 2044 quietis.
1249 1993 1313 2034 Ut
1344 1994 1431 2046 Job
1452 1995 1632 2047 quidem

157 2063 213 2102 de
243 2077 288 2102 se
319 2063 412 2116 ipse
434 2064 551 2113 dicit,
579 2078 611 2104 c.
638 2074 690 2115 7:
726 2064 929 2105 “Noctes
952 2065 1192 2106 laboriosas
1215 2069 1466 2108 enumeravi
1499 2068 1634 2121 mihi;

156 2136 191 2175 si
224 2137 456 2185 dormiero,
481 2138 637 2187 dicam,
662 2138 841 2190 quando
871 2140 1166 2192 consurgam?
1199 2146 1243 2180 et
1271 2154 1441 2182 rursum
1472 2156 1632 2196 expec-

155 2210 263 2250 tabo
295 2225 537 2264 vesperam,
567 2217 610 2251 et
645 2212 847 2264 replebor
879 2213 1104 2253 doloribus
1137 2228 1274 2267 usque
1307 2215 1362 2255 ad
1392 2216 1641 2267 tenebras,”⁴

156 2284 200 2323 id
240 2290 316 2333 est,
350 2285 525 2324 assidue
558 2291 601 2324 et
633 2286 917 2325 continenter.
994 2287 1053 2326 Et
1090 2287 1252 2328 idcirco
1283 2289 1637 2331 vicissitudinem

158 2357 267 2397 lucis
289 2371 340 2397 ac
362 2359 642 2398 tenebrarum
666 2364 791 2411 optat
811 2372 819 2407 ;
854 2366 900 2399 ut
922 2359 1064 2400 solent
1087 2361 1161 2413 qui
1190 2362 1381 2414 graviter
1402 2369 1642 2415 aegrotant„

157 2431 192 2470 si
231 2431 342 2472 forte
379 2432 435 2472 sit
477 2432 624 2485 aliqua
667 2433 828 2473 levatio
871 2433 1043 2474 doloris.
1110 2435 1168 2474 Et
1206 2436 1322 2476 idem
1361 2449 1496 2478 mox:
1545 2438 1632 2480 “Si

158 2505 326 2555 dixero,
350 2506 647 2547 consolabitur
669 2521 739 2546 me
762 2507 948 2547 lectulus
970 2521 1105 2557 meus,
1131 2515 1174 2549 et
1201 2509 1427 2551 relevabor
1448 2511 1632 2565 loquens

158 2593 332 2620 mecum
377 2581 419 2620 in
463 2586 601 2621 strato
644 2594 755 2630 meO,
798 2582 982 2622 terrebis
1024 2596 1095 2623 me
1136 2597 1214 2636 per
1254 2585 1426 2625 somnia
1469 2591 1513 2626 et
1552 2600 1634 2640 per

155 2655 345 2695 visiones
387 2655 565 2695 horrore
603 2655 874 2695 concuties:''
919 2658 1043 2709 quasi
1082 2657 1227 2708 dicat,'
1260 2659 1295 2698 si
1337 2659 1393 2699 ad
1437 2660 1630 2712 quietem

155 2728 409 2782 lectumque
439 2743 509 2769 me
539 2729 776 2779 conferam,
801 2730 998 2770 nonnihil
1023 2745 1203 2784 sperans
1231 2733 1286 2772 de
1315 2746 1444 2774 sensu
1468 2734 1630 2775 doloris

151 2817 231 2855 per
253 2804 447 2856 quietem
481 2817 551 2844 me
584 2803 844 2853 ablaturum,
870 2819 970 2845 ecce
1000 2806 1078 2846 tibi
1110 2806 1396 2848 formidolosa
1420 2809 1628 2850 continuo
