1903 3197
293 165 392 220 464
626 158 707 205 De
739 158 928 204 ratione
958 157 1151 204 vivendi
1189 157 1448 204 Socz‘etatz's.

296 291 521 340 excedere,
555 291 612 331 ad
646 290 925 343 Superiorem
959 289 1250 330 remittendus
1281 288 1381 328 est?
1443 288 1603 328 Nonne
1625 288 1761 328 satius
1817 306 1821 310 ·

296 372 411 407 esset
429 379 529 405 eum
551 370 669 404 recta
691 364 747 403 ad
770 365 1038 416 superiorem
1062 362 1287 416 proficisci,
1311 375 1398 401 non
1422 361 1620 401 adhibito
1644 361 1760 401 Con-

297 438 511 480 fessario?
579 438 876 490 Respondeo:
924 438 1146 490 sapienter
1180 451 1206 476 a
1245 435 1572 476 Constitutione
1607 435 1760 483 caveri,

299 520 347 554 ut
379 513 452 566 qui
486 513 668 552 modum
701 512 743 552 in
773 513 1013 552 subeundis
1040 511 1311 564 poenitentiis
1334 515 1515 562 putatur
1536 509 1765 558 excedere,

297 593 374 628 aut
406 586 461 626 de
493 600 582 639 quo
614 585 849 635 dubitatur,
873 586 929 625 ad
964 586 1243 638 Superiorem
1278 584 1536 630 remittatur,
1576 588 1628 631 10,
1663 583 1765 634 quia

300 675 399 703 cum
436 661 638 700 subditus
671 660 737 708 sit,
769 673 924 712 resque
953 661 1008 699 sit
1041 658 1286 711 Superioris
1316 663 1359 697 et
1392 657 1447 697 ad
1485 657 1766 709 Superiorem

301 741 482 788 spectet,
515 748 693 774 necesse
724 740 801 782 est,
829 740 877 774 ut
909 733 1156 786 Superioris
1177 731 1244 772 vel
1277 731 1479 771 voluntas
1513 730 1770 782 exquiratur

299 808 369 849 vel
421 807 681 856 consilium;
747 807 962 855 voluntas,
1014 807 1087 845 ubi
1140 805 1422 857 exploratum
1475 809 1542 843 est
1593 802 1766 842 transiri

302 883 517 931 modum;
568 879 810 927 consilium,
854 879 927 918 ubi
969 879 1106 918 oritur
1147 877 1375 917 dubitatio.
1453 877 1609 928 Inique
1651 877 1767 915 enim

302 956 407 995 facit
439 955 485 1003 is,
519 954 593 1005 qui
625 959 760 1005 paret,
794 953 827 991 si
860 965 959 991 cum
993 965 1095 990 suus
1127 951 1221 1003 ipse
1253 963 1339 989 non
1372 951 1438 998 sit,
1471 950 1653 988 nimium
1687 950 1767 988 sibi

300 1028 529 1078 indulgeat
561 1027 604 1066 in
636 1026 924 1078 suscipiendis
957 1024 1238 1077 poenitentiis,
1274 1036 1360 1063 non
1393 1028 1630 1075 expectato
1664 1022 1768 1074 ejus,

302 1101 377 1153 qui
420 1105 592 1153 praeest,
630 1105 738 1139 nutu
777 1114 827 1139 ac
863 1099 1101 1146 voluntate,
1140 1104 1184 1137 et
1221 1098 1289 1137 cui
1328 1097 1420 1149 jam
1462 1110 1509 1136 se
1550 1096 1673 1136 dedit
1715 1097 1770 1135 ab

302 1174 427 1213 initio
465 1179 619 1213 totum.
684 1179 740 1213 20.
765 1173 882 1225 Quia
918 1186 1017 1211 cum
1052 1171 1260 1224 Superior
1294 1170 1452 1211 Christi
1486 1170 1599 1210 vires
1635 1175 1770 1222 gerat,

303 1254 353 1288 ut
389 1248 549 1287 dicitur
582 1248 626 1286 in
665 1244 1095 1295 Constitutionibus,1
1130 1243 1477 1284 existimandum
1515 1249 1591 1292 est,
1625 1243 1771 1282 Deum

305 1335 406 1361 curn
445 1320 519 1360 illo
558 1320 699 1372 magis
733 1333 867 1372 quam
906 1333 1005 1360 cum
1044 1318 1323 1359 Confessario
1362 1330 1627 1364 concurrere,
1660 1322 1703 1356 et
1737 1317 1774 1355 ei

304 1395 445 1447 magis
484 1407 618 1446 quam
656 1394 792 1441 alteri,
823 1393 930 1445 quid
967 1392 1180 1445 expediat
1216 1392 1508 1444 potissimum,
1543 1389 1773 1430 declarare.

306 1468 416 1508 Ideo
454 1468 497 1506 in
535 1467 691 1507 iisdem
736 1466 1138 1507 Constitutionibus
1181 1465 1340 1505 dicitur
1377 1464 1586 1517 Superior
1616 1463 1775 1503 divinae

306 1555 402 1582 esse
433 1540 675 1580 voluntatis
708 1538 952 1592 interpres.2

395 1614 491 1653 Nec
513 1620 663 1653 tamen
696 1614 839 1653 otiosa
871 1618 1005 1665 atque
1037 1611 1176 1651 inanis
1209 1610 1408 1663 putanda
1438 1615 1503 1649 est
1530 1623 1624 1649 esse
1646 1622 1779 1661 opera

309 1687 587 1735 Confessarii,
631 1686 732 1726 licet
774 1699 909 1739 penes
952 1699 1052 1725 eum
1094 1685 1331 1724 auctoritas
1375 1682 1596 1722 statuendi
1638 1682 1779 1734 poeni-

306 1761 457 1802 tentiae
491 1760 623 1808 modi,
648 1765 692 1800 et
723 1760 829 1812 quid
857 1759 1028 1810 judicat
1053 1757 1350 1811 praecipiendi,
1375 1770 1462 1796 non
1495 1755 1776 1808 relinquatur.

308 1834 427 1887 Quia
460 1834 618 1874 saltem
654 1833 748 1885 ejus
779 1832 1007 1885 judicium,
1037 1832 1144 1871 dum
1179 1831 1471 1884 poenitentem
1507 1830 1690 1869 remittit
1724 1830 1778 1869 ad

309 1909 606 1961 Superiorem,
662 1906 919 1959 magnifacit
978 1905 1197 1958 Superior,
1251 1909 1299 1944 ut
1351 1903 1444 1955 ejus
1495 1903 1570 1955 qui
1621 1908 1781 1943 tractat

310 1982 508 2022 animam
550 1981 617 2021 sui
659 1980 838 2029 subditi,
882 1993 932 2019 ac
974 1978 1233 2032 plerumque
1285 1976 1391 2017 illud
1443 1977 1639 2029 sequitur
1689 1977 1782 2028 ipse

313 2055 537 2108 Superior,
561 2067 661 2094 cum
686 2055 742 2094 ad
766 2067 812 2093 se
836 2052 1138 2093 Confessarius
1167 2050 1393 2091 subditum
1420 2051 1563 2103 ipsum
1587 2049 1778 2089 remittit.

313 2130 491 2169 Deinde
524 2142 612 2181 quo
645 2129 791 2181 plures
819 2127 1002 2179 judices,
1026 2140 1078 2166 eo
1109 2125 1246 2165 tutius
1278 2138 1344 2164 res
1377 2124 1531 2175 agitur,
1555 2122 1782 2174 multoque

311 2202 480 2242 facilius
504 2202 683 2243 subdito
700 2201 991 2253 persuadetur
1006 2199 1251 2239 cavendum
1275 2199 1318 2238 id
1342 2197 1459 2250 quod
1483 2202 1548 2236 est
1570 2197 1753 2236 nimium
1774 2208 1782 2244 ;

311 2276 346 2315 si
390 2275 569 2327 quidem
612 2275 657 2314 in
695 2287 770 2313 ose
812 2273 997 2313 duorum
1035 2272 1104 2312 vel
1141 2273 1274 2312 trium
1311 2272 1490 2311 testium
1528 2276 1616 2310 stat
1653 2283 1783 2310 omne

312 2349 506 2389 verbum.
572 2348 675 2387 Huc
705 2347 887 2396 accedit,
912 2346 1031 2399 quod
1061 2360 1161 2386 cum
1185 2344 1488 2387 Confessarius
1510 2344 1566 2384 sit
1588 2344 1785 2383 minister

314 2417 449 2474 atque
491 2421 668 2473 adjutor
711 2420 968 2474 Superioris,
1007 2433 1185 2460 necesse
1228 2425 1294 2459 est
1335 2432 1464 2471 saepc,
1503 2418 1712 2470 quoniam
1750 2418 1784 2456 is

313 2510 488 2549 semper
523 2501 688 2549 praesto
726 2508 821 2535 esse
858 2508 945 2535 non
982 2500 1141 2547 potest,
1175 2499 1222 2533 ut
1259 2493 1301 2532 in
1340 2493 1611 2532 moderanda
1647 2491 1786 2545 poeni-

313 2570 464 2610 tentiae
501 2568 748 2622 Superioris
781 2569 898 2608 vices
935 2574 1071 2620 gerat.
1135 2568 1292 2619 Itaque
1329 2567 1468 2607 tribus
1500 2566 1619 2606 hisce
1656 2565 1785 2605 ratio-

316 2643 446 2683 nibus
483 2644 665 2683 minime
700 2643 843 2682 otiosa
878 2648 944 2682 est
980 2641 1242 2683 Confessarii
1277 2655 1420 2693 opera,
1456 2641 1588 2680 etiam
1625 2640 1660 2679 si
1698 2652 1784 2678 non

312 2717 458 2757 omnis
481 2716 765 2757 moderandae
788 2716 1065 2768 poenitentiae
1094 2720 1291 2768 potestas
1324 2714 1417 2766 ejus
1449 2713 1628 2754 arbitrio
1660 2712 1786 2752 relin-

313 2796 475 2843 quatur
494 2805 503 2842 ;
537 2797 580 2832 et
603 2791 706 2843 quia
735 2789 827 2842 ejus
856 2789 1071 2841 judicium
1095 2789 1304 2842 Superior
1327 2788 1520 2840 exquirit
1542 2801 1593 2828 ac
1615 2786 1785 2838 magni-

680 2879 986 2920 1P.9.c.4.§9.
1181 2877 1406 2918 2P.7.c.2.
