1903 3197
683 175 762 220 De
793 175 1048 221 Examina
1501 190 1523 220 2
1535 187 1558 233 7
1567 187 1591 234 5

122 314 243 357 sunt,
267 308 357 348 sive
389 307 592 355 animam,
620 306 710 346 sive
732 319 888 359 corpus
912 307 1143 359 attingant.
1185 306 1274 348 Sed
1297 307 1588 360 spiritualium

131 384 326 423 maxime
368 381 572 421 habenda
612 381 769 432 cuique
810 380 922 420 ratio
965 387 1040 428 est,
1078 394 1156 433 pro
1198 394 1276 420 suo
1319 394 1496 420 munere
1538 394 1589 421 ac

126 456 422 509 professione:
464 460 512 494 ut
543 453 834 501 concionator,
873 454 908 493 si
941 467 1051 505 quos
1083 454 1171 493 suis
1203 454 1488 494 concionibus
1527 453 1584 494 ad

127 530 275 570 Deum
316 528 550 580 adjunxit;
593 529 756 575 doctor,
799 527 834 566 si
877 540 975 579 quae
1019 526 1102 566 Dei
1152 533 1255 566 sunt
1295 526 1445 567 docuit
1486 540 1586 567 cum

124 602 397 643 audientium
448 607 542 640 tum
594 600 920 653 approbatione,
972 605 1068 639 tum
1119 599 1288 649 fructu;
1341 605 1384 639 et
1436 600 1509 651 qui
1563 614 1589 640 a

120 675 468 716 confessionibus
505 680 581 722 est,
617 675 651 714 si
689 688 821 726 quam
864 673 1062 727 plurimis
1099 687 1223 713 aures
1261 673 1383 713 dedit
1421 686 1583 725 magno

119 762 272 789 eorum
320 748 446 788 bono.
511 748 726 798 Novitius,
759 748 794 788 si
827 761 884 787 ex
925 747 1060 787 animi
1101 747 1321 787 sententia
1361 747 1580 788 matutina

108 821 181 861 ³illi
211 821 422 874 processit
450 822 601 871 oratio,
628 822 662 861 si
685 822 913 861 victoriam
943 822 999 861 de
1019 821 1126 861 vitio
1149 820 1297 874 aliquo
1330 821 1580 873 reportavit,

119 895 155 935 si
198 895 306 934 iram
346 894 460 944 vicit,
503 895 763 947 patientiam
805 896 848 934 in
890 895 1018 935 rebus
1060 895 1224 947 asperis
1265 894 1417 942 tenuit,
1467 895 1582 947 gulae

118 968 394 1022 voluptatem
426 970 657 1021 superavit,
681 974 724 1008 et
755 969 799 1008 id
830 982 969 1021 genus
1002 969 1109 1008 alias
1146 968 1409 1021 cupiditates
1440 967 1582 1021 fregit.

118 1041 340 1081 Beneficia
377 1043 541 1095 quippe
584 1042 666 1082 Dei
710 1048 811 1082 sunt
851 1041 945 1082 haec
988 1043 1148 1091 omnia,
1181 1047 1224 1081 et
1257 1042 1355 1081 Deo
1398 1047 1581 1094 accepta

119 1113 353 1154 referenda.
391 1114 657 1167 Quanquam
672 1115 905 1155 verisimile
919 1120 985 1155 est
1000 1115 1044 1155 P.
1062 1115 1296 1167 Ignatium,
1313 1115 1386 1167 qui
1403 1128 1580 1155 omnem

115 1193 368 1240 temporum
403 1187 702 1228 definitionem
736 1189 923 1238 sustulit,
948 1203 1027 1229 nec
1062 1189 1266 1229 limitavit
1299 1188 1412 1228 hanc
1445 1189 1580 1241 grati—

114 1274 240 1301 arum
281 1261 512 1310 actionem,
545 1275 632 1301 non
675 1262 809 1301 modo
851 1263 906 1301 ad
944 1263 1071 1302 unius
1108 1262 1193 1302 diei
1230 1261 1443 1301 beneficia
1480 1275 1579 1302 eam

113 1333 269 1374 referre
290 1333 491 1383 voluisse,
514 1348 665 1374 verum
688 1336 820 1375 etiam
844 1336 900 1375 ad
924 1337 1123 1376 universa
1144 1350 1152 1386 ;
1186 1336 1428 1388 praesertim
1462 1337 1577 1388 quia,

112 1413 161 1448 ut
201 1408 345 1460 priore
387 1409 670 1461 responsione
721 1409 927 1458 diximus,
971 1423 1058 1449 non
1105 1409 1239 1449 modo
1291 1410 1576 1462 praesentium

109 1493 261 1522 verum
300 1482 433 1522 etiam
470 1483 791 1535 praeteritorum
828 1489 1078 1536 temporum
1115 1483 1330 1524 beneficia
1366 1497 1576 1536 magnam

110 1555 199 1595 vim
236 1554 412 1605 habent,
451 1556 507 1596 ad
551 1557 823 1608 arguendum
866 1557 1086 1609 ingratum
1123 1557 1320 1598 animum
1363 1564 1573 1608 nostrum,

104 1629 185 1681 -qui
218 1634 320 1681 post
351 1634 418 1669 tot
452 1629 676 1678 beneficia,
712 1630 857 1670 Deum
880 1636 1029 1671 tamen
1062 1644 1150 1671 non
1183 1631 1407 1672 dubitaret
1438 1631 1576 1673 offen-

110 1702 223 1742 dere.
269 1701 449 1755 “Super
474 1702 541 1742 his
567 1703 773 1743 omnibus
802 1704 1050 1744 benedicito
1081 1704 1337 1754 Dominum,
1371 1705 1444 1757 qui
1475 1704 1578 1747 fecit

109 1781 165 1824 te,
209 1781 254 1815 et
295 1776 584 1816 inebriantem
626 1783 670 1816 te
711 1778 767 1817 ab
809 1778 1013 1818 omnibus
1056 1778 1183 1818 bonis
1225 1777 1372 1818 suis.’''1
1453 1779 1576 1820 Nota

110 1848 355 1889 Creationis
378 1855 551 1889 tantum
575 1850 787 1900 meminit,
810 1865 909 1891 cum
932 1851 1038 1891 dicit
1059 1865 1066 1892 :
1100 1855 1120 1870 “
1140 1850 1226 1903 Qui
1260 1851 1361 1891 fecit
1383 1850 1462 1901 te‚’‘
1485 1865 1574 1893 non

108 1921 293 1963 aliorum
331 1923 605 1972 nominatim,
639 1925 742 1976 quia
779 1924 833 1964 ad
867 1924 985 1964 illam
1019 1924 1185 1977 reliqua
1217 1931 1572 1978 consequuntur3

107 2009 160 2035 ac
182 2002 414 2048 propterea
437 1997 652 2037 subdidit:
679 2000 753 2037 “et
777 1998 1065 2038 inebriantem
1084 2003 1127 2037 te
1145 1998 1201 2037 ab
1219 1998 1423 2038 omnibus
1445 1998 1573 2039 bonis

105 2070 193 2109 suis
213 2083 221 2118 ;
239 2069 258 2084 ”
281 2070 398 2110 bona
421 2070 538 2110 enim
562 2072 711 2110 omnia
733 2084 833 2110 curn
856 2072 984 2121 dicat,
1009 2071 1177 2111 nullum
1200 2072 1367 2112 bonum
1391 2073 1569 2125 excipit.

107 2143 333 2196 Praecipua
369 2150 518 2184 autem
560 2145 782 2194 beneficia,
816 2151 864 2185 ut
904 2145 1147 2185 vocationis
1184 2145 1240 2185 ad
1279 2145 1572 2199 Religionem,

106 2217 456 2270 Redemptionis,
499 2218 755 2267 Creationis,
790 2224 834 2258 et
872 2219 915 2258 id
952 2232 1091 2272 genus
1123 2219 1218 2268 alia,
1258 2218 1490 2260 recolenda
1527 2222 1571 2261 in

103 2290 255 2343 primis
297 2297 407 2331 sunt.
490 2290 692 2343 Quorum
733 2291 1045 2332 beneficiorum
1089 2291 1332 2333 recordatio
1373 2306 1570 2334 amorem

105 2363 225 2404 haud
263 2364 395 2405 dubie
439 2365 483 2404 in
527 2365 675 2404 Deum
718 2365 896 2415 excitat,
940 2379 1064 2406 amor
1104 2372 1253 2428 autem
1295 2366 1491 2406 studium
1529 2373 1574 2408 et

103 2436 379 2490 diligentiam
421 2437 659 2491 repellendi
702 2453 728 2479 a
769 2439 895 2479 nobis
939 2439 1153 2492 quidquid
1201 2439 1351 2480 oculos
1394 2440 1570 2482 Divinae

102 2508 217 2549 illius
260 2510 508 2563 Majestatis
551 2512 765 2560 offendit;
804 2513 847 2552 in
880 2526 968 2565 quo
999 2527 1101 2553 vera
1144 2514 1418 2554 contritionis
1456 2515 1566 2557 ratio

99 2584 245 2636 posita
286 2589 362 2634 est,
416 2599 496 2625 nec
538 2586 654 2625 enim
700 2585 789 2626 ulla
829 2592 896 2626 est
938 2586 1031 2626 sine
1074 2600 1224 2627 amore
1265 2588 1478 2638 contritio,
1522 2594 1568 2629 et

100 2656 227 2697 dolor
251 2657 355 2710 ipse,
380 2658 454 2709 qui
487 2658 573 2698 Dei
604 2658 695 2699 laesi
724 2660 868 2712 gratia
897 2661 1140 2713 suscipitur,
1163 2675 1277 2701 verae
1307 2676 1357 2702 ac
1386 2662 1564 2702 sincerae

101 2729 324 2771 charitatis
356 2737 422 2771 est
453 2730 594 2772 foetus.

187 2803 240 2843 In
269 2804 462 2844 secundo
493 2818 596 2846 vero
629 2806 862 2848 Examinis
896 2808 1105 2857 membro,
1130 2808 1212 2848 tria
1241 2807 1561 2850 dubitationem

731 2895 742 2914 ¹
768 2896 857 2930 Ecel.
879 2904 930 2937 32.
957 2904 959 2906 '

273 2945 295 2977 S
328 2947 352 2977 2
