1903 3197
361 204 376 234 1
395 205 410 235 1
423 194 450 236 6
671 190 751 236 De
784 191 975 238 ratione
1013 192 1207 239 vivendi
1241 194 1503 240 Socz'elatz's.

352 322 504 374 inquit,
524 324 586 362 “a
616 323 779 363 sanctis
808 323 1040 377 Apostolis
1070 338 1148 378 per
1174 325 1419 366 doctrinam
1450 325 1638 378 Spiritus
1670 326 1822 367 Sancti

354 395 523 448 majora
551 403 653 437 sunt
679 398 883 439 ordinata
908 399 1087 451 jejunia,
1112 406 1159 440 ut
1188 414 1266 453 per
1294 414 1530 440 commune
1552 401 1820 441 consortium

355 468 506 510 Crucis
540 469 714 520 Christi,
739 472 873 512 etiam
908 486 986 512 nos
1019 473 1184 526 aliquid
1216 474 1259 513 in
1291 487 1354 523 eo,
1383 474 1502 526 quod
1533 480 1711 526 propter
1743 487 1822 514 nos

351 544 499 595 gessit,
524 545 790 596 ageremus.”

439 616 629 658 Sanctus
678 620 810 659 etiam
861 621 1061 672 Ignatius
1110 620 1415 674 Philippenses
1465 635 1542 674 per
1589 621 1817 674 epistolam

351 697 503 731 monet
545 706 600 732 ne
637 693 1022 747 quadragesimam
1062 695 1318 749 negligant:
1364 696 1656 736 imitationem
1692 696 1818 746 enim,

350 766 503 818 inquit,
558 767 642 806 Dei
702 769 897 808 continet
961 771 1316 810 conversationis.
1413 771 1472 810 Et
1528 770 1820 822 Augustinus,

350 841 541 880 “Passus
564 841 665 890 est,”
689 842 840 894 inquit,
867 844 1128 892 “Dominus,
1155 844 1274 896 quod
1306 844 1450 884 nullus
1473 845 1670 896 ambigit,
1694 850 1819 884 sexta

352 913 566 964 Sabbati3
612 922 882 969 quapropter
921 923 963 957 et
1002 918 1096 970 ipsa
1140 924 1269 958 sexta
1311 925 1427 958 recte
1472 918 1640 970 jejunio
1686 918 1821 970 depu—

349 987 525 1028 tatur.’'1
590 989 786 1041 Ideoque
821 996 864 1029 et
902 990 996 1029 aliis
1025 991 1128 1030 viris
1158 992 1318 1031 sanctis
1352 991 1550 1032 solemne
1583 992 1664 1032 fuit
1694 998 1821 1032 sexta

351 1075 540 1114 quaeque
572 1062 677 1102 feria
707 1062 915 1114 jejunare,
951 1069 999 1103 ut
1035 1064 1080 1103 B.
1121 1064 1369 1114 Dominico,
1407 1065 1452 1105 B.
1490 1064 1732 1112 Antonino,
1781 1071 1825 1105 et

351 1134 446 1175 aliis
478 1134 704 1187 pluribu53
739 1142 781 1176 et
810 1136 1007 1177 Societas
1040 1137 1152 1178 hanc
1185 1138 1325 1191 ipsam
1360 1139 1512 1178 feriam
1543 1138 1821 1187 abstinentia,

347 1208 441 1260 jam
483 1213 578 1248 tum
621 1210 677 1249 ab
725 1223 803 1249 suo
850 1216 959 1260 ortu,
1009 1211 1243 1252 dicandam
1286 1213 1468 1265 putavit,
1514 1212 1633 1264 quod
1673 1217 1824 1252 sancte

354 1287 560 1322 servatur.

444 1357 505 1396 Hi
529 1357 722 1410 quinque
744 1357 853 1398 fines
876 1360 931 1398 ad
959 1358 1204 1411 profectum
1228 1359 1404 1412 spiritus
1427 1360 1660 1413 pertinent,
1680 1365 1723 1399 et
1744 1358 1826 1398 hos

354 1431 550 1471 maxime
589 1431 861 1472 Constitutio
903 1439 1084 1485 spectat.
1162 1434 1250 1474 Sed
1290 1433 1346 1473 de
1391 1434 1668 1473 Poenitentiis
1710 1432 1825 1472 ultro

354 1505 568 1557 susceptis
607 1512 650 1546 et
681 1520 706 1546 a
741 1506 981 1559 Praeposito
1020 1507 1310 1560 deposcendis
1349 1509 1466 1547 satis.
1542 1508 1672 1547 Nunc
1706 1506 1824 1558 quod

355 1583 580 1630 postremo
618 1579 714 1620 loco
746 1582 1021 1633 propositum
1055 1587 1157 1632 erat,
1190 1582 1245 1621 de
1279 1582 1495 1634 impositis
1528 1588 1570 1622 et
1604 1580 1814 1634 irrogatis.

589 1832 616 1888 ξ
648 1843 920 1883 2.—QUOAD
955 1843 1306 1874 POENITENTIAS
1340 1843 1612 1875 IMPOSITAS.

446 1942 656 1995 Sequitur
685 1942 818 1994 igitur
848 1942 1143 1982 Constitutio:
1179 1942 1276 1982 “Et
1299 1956 1408 1994 quas
1437 1949 1616 1995 propter
1637 1943 1826 1983 eundem

357 2017 491 2057 finem
517 2016 774 2070 Superiores
797 2017 834 2055 ei
858 2021 1066 2069 poterunt
1090 2016 1351 2068 imponere.’'
1404 2016 1492 2056 Ubi
1515 2016 1603 2055 duo
1625 2016 1828 2056 videntur

358 2091 558 2144 agenda:
610 2090 802 2143 primum
840 2089 895 2129 de
938 2090 987 2129 iis
1025 2090 1099 2142 qui
1147 2090 1407 2142 imponunt3
1460 2088 1619 2129 deinde
1671 2089 1726 2129 de
1778 2090 1829 2130 iis

359 2165 434 2217 qui
467 2164 611 2204 ferunt
643 2163 881 2215 impositas.

450 2237 583 2290 Quod
635 2236 691 2276 ad
743 2250 817 2276 eos
870 2237 943 2289 qui
996 2236 1230 2289 imponunt
1272 2241 1442 2289 spectat
1490 2236 1828 2277 Constitutionis

360 2310 494 2350 verba
529 2309 617 2349 duo
650 2310 873 2350 indicant:
912 2316 964 2359 10,
998 2309 1176 2362 quidem
1214 2309 1346 2349 finem
1382 2324 1470 2362 quo
1504 2309 1603 2349 duci
1638 2309 1829 2350 debeant

359 2384 417 2424 ad
456 2383 748 2436 imponendas
785 2384 1082 2436 poenitentias,
1118 2397 1217 2424 cum
1253 2383 1358 2423 dicit
1396 2386 1475 2423 “et
1509 2397 1618 2435 quas
1649 2388 1829 2436 propter

361 2457 550 2498 eundem
583 2457 716 2497 finem
739 2456 786 2508 ;”
840 2464 898 2507 20,
932 2463 1080 2498 autem
1113 2463 1380 2511 potestatem
1424 2456 1692 2509 imponendi,
1727 2470 1827 2496 curn

359 2531 537 2583 subjicit
562 2535 809 2584 “poterunt
840 2532 1100 2585 imponere.⁷'
1165 2531 1313 2584 Quare
1334 2531 1422 2570 duo
1452 2530 1547 2570 haec
1569 2544 1668 2570 cum
1690 2530 1829 2571 brevi-

357 2610 452 2645 tate
483 2605 743 2655 tractanda;
798 2606 894 2658 quis
937 2606 992 2646 sit
1036 2606 1287 2658 propositus
1331 2604 1429 2643 finis
1474 2604 1696 2657 Superiori
1728 2617 1828 2644 cum

358 2679 645 2733 poenitentias
688 2680 906 2732 imponit;
949 2679 1120 2728 *deinde
1167 2679 1392 2732 quomodo
1433 2677 1528 2718 haec
1579 2677 1830 2718 adhibenda

359 2759 568 2806 potestas,
593 2767 681 2794 non
705 2753 820 2793 enim
843 2760 1019 2803 temere,
1045 2759 1088 2794 et
1119 2759 1167 2793 ut
1197 2752 1441 2793 collibitum
1469 2757 1535 2792 est
1564 2751 1828 2800 adhibenda,

358 2827 434 2867 sed
463 2827 704 2881 prudenter
732 2833 776 2868 et
797 2828 1081 2868 considerate.
1146 2826 1281 2879 Quod
1312 2826 1491 2879 quidem
1521 2824 1738 2878 significat
1759 2824 1828 2865 hic

980 2924 993 2944 1
1019 2926 1125 2967 Epist.
1147 2924 1198 2958 86.
