<?xml version="1.0" encoding="UTF-8"?>
<!DOCTYPE html PUBLIC "-//W3C//DTD XHTML 1.0 Transitional//EN"
    "http://www.w3.org/TR/xhtml1/DTD/xhtml1-transitional.dtd">
<html xmlns="http://www.w3.org/1999/xhtml" xml:lang="en" lang="en">
 <head>
  <title>
</title>
<meta http-equiv="Content-Type" content="text/html;charset=utf-8" />
  <meta name='ocr-system' content='tesseract 3.04.00' />
  <meta name='ocr-capabilities' content='ocr_page ocr_carea ocr_par ocr_line ocrx_word'/>
</head>
<body>
  <div class='ocr_page' id='page_1' title='image "./nicolaiorlandini00orla/nicolaiorlandini00orla_0502.png"; bbox 0 0 1903 3197; ppageno 0'>
   <div class='ocr_carea' id='block_1_1' title="bbox 281 176 1429 233">
    <p class='ocr_par' dir='ltr' id='par_1_1' title="bbox 281 176 1429 233">
     <span class='ocr_line' id='line_1_1' title="bbox 281 176 1429 233; baseline 0.002 -12"><span class='ocrx_word' id='word_1_1' title='bbox 281 177 375 233; x_wconf 86' lang='lat'>482</span> <span class='ocrx_word' id='word_1_2' title='bbox 608 176 689 222; x_wconf 81' lang='lat' dir='ltr'>De</span> <span class='ocrx_word' id='word_1_3' title='bbox 721 176 909 222; x_wconf 72' lang='lat' dir='ltr'>ratione</span> <span class='ocrx_word' id='word_1_4' title='bbox 943 176 1136 223; x_wconf 75' lang='lat' dir='ltr'>vivendi</span> <span class='ocrx_word' id='word_1_5' title='bbox 1169 177 1429 224; x_wconf 74' lang='lat' dir='ltr'>Socz&#39;etatz&#39;s.</span> 
     </span>
    </p>
   </div>
   <div class='ocr_carea' id='block_1_2' title="bbox 274 309 1746 2860">
    <p class='ocr_par' dir='ltr' id='par_1_2' title="bbox 276 309 1745 876">
     <span class='ocr_line' id='line_1_2' title="bbox 279 309 1740 361; baseline 0.003 -15"><span class='ocrx_word' id='word_1_6' title='bbox 279 319 545 360; x_wconf 84' lang='lat' dir='ltr'>prorsusque</span> <span class='ocrx_word' id='word_1_7' title='bbox 580 313 656 348; x_wconf 92' lang='lat' dir='ltr'>aut</span> <span class='ocrx_word' id='word_1_8' title='bbox 693 309 948 359; x_wconf 84' lang='lat' dir='ltr'>continebis,</span> <span class='ocrx_word' id='word_1_9' title='bbox 985 316 1061 350; x_wconf 93' lang='lat' dir='ltr'>aut</span> <span class='ocrx_word' id='word_1_10' title='bbox 1097 315 1213 350; x_wconf 89' lang='lat' dir='ltr'>certe</span> <span class='ocrx_word' id='word_1_11' title='bbox 1250 322 1326 361; x_wconf 92' lang='lat' dir='ltr'>per</span> <span class='ocrx_word' id='word_1_12' title='bbox 1362 309 1577 361; x_wconf 87' lang='lat' dir='ltr'>gemitum</span> <span class='ocrx_word' id='word_1_13' title='bbox 1613 323 1740 350; x_wconf 87' lang='lat' dir='ltr'>sensu</span> 
     </span>
     <span class='ocr_line' id='line_1_3' title="bbox 280 379 1744 436; baseline 0.002 -17"><span class='ocrx_word' id='word_1_14' title='bbox 280 379 511 421; x_wconf 86' lang='lat' dir='ltr'>humiliore</span> <span class='ocrx_word' id='word_1_15' title='bbox 540 380 690 421; x_wconf 89' lang='lat' dir='ltr'>eris.”1</span> <span class='ocrx_word' id='word_1_16' title='bbox 752 381 883 434; x_wconf 76' lang='lat' dir='ltr'>Quod</span> <span class='ocrx_word' id='word_1_17' title='bbox 916 383 1172 436; x_wconf 83' lang='lat' dir='ltr'>exemplum</span> <span class='ocrx_word' id='word_1_18' title='bbox 1204 382 1400 435; x_wconf 81' lang='lat' dir='ltr'>praebere</span> <span class='ocrx_word' id='word_1_19' title='bbox 1431 382 1556 422; x_wconf 93' lang='lat' dir='ltr'>nobis</span> <span class='ocrx_word' id='word_1_20' title='bbox 1588 383 1744 423; x_wconf 91' lang='lat' dir='ltr'>Domi-</span> 
     </span>
     <span class='ocr_line' id='line_1_4' title="bbox 279 453 1743 507; baseline 0.002 -14"><span class='ocrx_word' id='word_1_21' title='bbox 279 467 385 494; x_wconf 90' lang='lat' dir='ltr'>num</span> <span class='ocrx_word' id='word_1_22' title='bbox 407 453 596 494; x_wconf 89' lang='lat' dir='ltr'>voluisse</span> <span class='ocrx_word' id='word_1_23' title='bbox 626 454 669 495; x_wconf 94' lang='lat' dir='ltr'>S.</span> <span class='ocrx_word' id='word_1_24' title='bbox 689 455 944 496; x_wconf 85' lang='lat' dir='ltr'>Diadochus</span> <span class='ocrx_word' id='word_1_25' title='bbox 974 457 1073 496; x_wconf 92' lang='lat' dir='ltr'>ideo</span> <span class='ocrx_word' id='word_1_26' title='bbox 1102 462 1262 504; x_wconf 90' lang='lat' dir='ltr'>censet,</span> <span class='ocrx_word' id='word_1_27' title='bbox 1289 460 1337 494; x_wconf 93' lang='lat' dir='ltr'>ut</span> <span class='ocrx_word' id='word_1_28' title='bbox 1365 455 1743 507; x_wconf 79' lang='lat' dir='ltr'>quemadmodum</span> 
     </span>
     <span class='ocr_line' id='line_1_5' title="bbox 277 527 1745 578; baseline 0.002 -12"><span class='ocrx_word' id='word_1_29' title='bbox 277 527 322 566; x_wconf 91' lang='lat' dir='ltr'>in</span> <span class='ocrx_word' id='word_1_30' title='bbox 360 541 482 568; x_wconf 90' lang='lat' dir='ltr'>sacro</span> <span class='ocrx_word' id='word_1_31' title='bbox 524 529 760 569; x_wconf 81' lang='lat' dir='ltr'>certamine</span> <span class='ocrx_word' id='word_1_32' title='bbox 798 530 945 569; x_wconf 90' lang='lat' dir='ltr'>animo</span> <span class='ocrx_word' id='word_1_33' title='bbox 987 530 1131 570; x_wconf 85' lang='lat' dir='ltr'>affecti</span> <span class='ocrx_word' id='word_1_34' title='bbox 1169 542 1264 569; x_wconf 88' lang='lat' dir='ltr'>esse</span> <span class='ocrx_word' id='word_1_35' title='bbox 1300 528 1549 578; x_wconf 77' lang='lat' dir='ltr'>debeamus,</span> <span class='ocrx_word' id='word_1_36' title='bbox 1588 529 1745 569; x_wconf 90' lang='lat' dir='ltr'>intelli-</span> 
     </span>
     <span class='ocr_line' id='line_1_6' title="bbox 277 602 1743 656; baseline 0.001 -15"><span class='ocrx_word' id='word_1_37' title='bbox 277 614 507 654; x_wconf 82' lang='lat' dir='ltr'>geremus;</span> <span class='ocrx_word' id='word_1_38' title='bbox 538 603 802 655; x_wconf 78' lang='lat' dir='ltr'>doceretque</span> <span class='ocrx_word' id='word_1_39' title='bbox 831 617 917 643; x_wconf 91' lang='lat' dir='ltr'>non</span> <span class='ocrx_word' id='word_1_40' title='bbox 941 610 1141 656; x_wconf 81' lang='lat' dir='ltr'>oportere</span> <span class='ocrx_word' id='word_1_41' title='bbox 1164 617 1238 643; x_wconf 92' lang='lat' dir='ltr'>eos</span> <span class='ocrx_word' id='word_1_42' title='bbox 1266 602 1472 654; x_wconf 88' lang='lat' dir='ltr'>jucundis</span> <span class='ocrx_word' id='word_1_43' title='bbox 1505 603 1743 655; x_wconf 90' lang='lat' dir='ltr'>potationi-</span> 
     </span>
     <span class='ocr_line' id='line_1_7' title="bbox 278 675 1743 730; baseline 0.001 -15"><span class='ocrx_word' id='word_1_44' title='bbox 278 675 359 715; x_wconf 93' lang='lat' dir='ltr'>bus</span> <span class='ocrx_word' id='word_1_45' title='bbox 394 676 468 725; x_wconf 90' lang='lat' dir='ltr'>uti,</span> <span class='ocrx_word' id='word_1_46' title='bbox 503 677 577 729; x_wconf 92' lang='lat' dir='ltr'>qui</span> <span class='ocrx_word' id='word_1_47' title='bbox 613 677 819 717; x_wconf 84' lang='lat' dir='ltr'>adversus</span> <span class='ocrx_word' id='word_1_48' title='bbox 853 683 1082 730; x_wconf 91' lang='lat' dir='ltr'>peccatum</span> <span class='ocrx_word' id='word_1_49' title='bbox 1117 675 1358 717; x_wconf 83' lang='lat' dir='ltr'>dimicant.2</span> <span class='ocrx_word' id='word_1_50' title='bbox 1434 676 1494 716; x_wconf 89' lang='lat' dir='ltr'>Et</span> <span class='ocrx_word' id='word_1_51' title='bbox 1530 676 1743 728; x_wconf 86' lang='lat' dir='ltr'>Chrysos-</span> 
     </span>
     <span class='ocr_line' id='line_1_8' title="bbox 276 749 1741 799; baseline 0 -9"><span class='ocrx_word' id='word_1_52' title='bbox 276 755 424 790; x_wconf 89' lang='lat' dir='ltr'>tomus</span> <span class='ocrx_word' id='word_1_53' title='bbox 460 751 504 790; x_wconf 90' lang='lat' dir='ltr'>in</span> <span class='ocrx_word' id='word_1_54' title='bbox 544 751 720 790; x_wconf 88' lang='lat' dir='ltr'>Matth:</span> <span class='ocrx_word' id='word_1_55' title='bbox 764 751 871 790; x_wconf 90' lang='lat' dir='ltr'>“Tu</span> <span class='ocrx_word' id='word_1_56' title='bbox 903 751 1004 790; x_wconf 86' lang='lat' dir='ltr'>vina</span> <span class='ocrx_word' id='word_1_57' title='bbox 1045 751 1158 790; x_wconf 82' lang='lat' dir='ltr'>bibis</span> <span class='ocrx_word' id='word_1_58' title='bbox 1200 750 1399 799; x_wconf 87' lang='lat' dir='ltr'>fraterna,</span> <span class='ocrx_word' id='word_1_59' title='bbox 1432 749 1607 791; x_wconf 90' lang='lat' dir='ltr'>Christo</span> <span class='ocrx_word' id='word_1_60' title='bbox 1638 764 1741 790; x_wconf 89' lang='lat' dir='ltr'>vero</span> 
     </span>
     <span class='ocr_line' id='line_1_9' title="bbox 276 822 1238 876; baseline -0.001 -13"><span class='ocrx_word' id='word_1_61' title='bbox 276 836 356 863; x_wconf 90' lang='lat' dir='ltr'>nec</span> <span class='ocrx_word' id='word_1_62' title='bbox 387 824 567 864; x_wconf 77' lang='lat' dir='ltr'>calicem</span> <span class='ocrx_word' id='word_1_63' title='bbox 602 824 770 876; x_wconf 79' lang='lat' dir='ltr'>frigidae</span> <span class='ocrx_word' id='word_1_64' title='bbox 804 824 967 863; x_wconf 79' lang='lat' dir='ltr'>sitienti</span> <span class='ocrx_word' id='word_1_65' title='bbox 1000 822 1238 863; x_wconf 84' lang='lat' dir='ltr'>dedisti!’&#39;3</span> 
     </span>
    </p>

    <p class='ocr_par' dir='ltr' id='par_1_3' title="bbox 274 896 1745 1906">
     <span class='ocr_line' id='line_1_10' title="bbox 364 896 1740 949; baseline 0 -12"><span class='ocrx_word' id='word_1_66' title='bbox 364 897 588 948; x_wconf 88' lang='lat' dir='ltr'>Objicies;</span> <span class='ocrx_word' id='word_1_67' title='bbox 622 896 739 949; x_wconf 75' lang='lat' dir='ltr'>Quid</span> <span class='ocrx_word' id='word_1_68' title='bbox 778 897 811 936; x_wconf 92' lang='lat' dir='ltr'>si</span> <span class='ocrx_word' id='word_1_69' title='bbox 850 896 1013 936; x_wconf 88' lang='lat' dir='ltr'>laboris</span> <span class='ocrx_word' id='word_1_70' title='bbox 1045 903 1121 936; x_wconf 90' lang='lat' dir='ltr'>aut</span> <span class='ocrx_word' id='word_1_71' title='bbox 1153 902 1285 936; x_wconf 82' lang='lat' dir='ltr'>aestus</span> <span class='ocrx_word' id='word_1_72' title='bbox 1323 897 1582 948; x_wconf 79' lang='lat' dir='ltr'>magnitudo</span> <span class='ocrx_word' id='word_1_73' title='bbox 1614 902 1740 937; x_wconf 90' lang='lat' dir='ltr'>tanta</span> 
     </span>
     <span class='ocr_line' id='line_1_11' title="bbox 275 970 1737 1023; baseline 0.001 -13"><span class='ocrx_word' id='word_1_74' title='bbox 275 972 344 1021; x_wconf 92' lang='lat' dir='ltr'>sit,</span> <span class='ocrx_word' id='word_1_75' title='bbox 377 977 436 1019; x_wconf 90' lang='lat' dir='ltr'>ut,</span> <span class='ocrx_word' id='word_1_76' title='bbox 469 971 549 1010; x_wconf 90' lang='lat' dir='ltr'>nisi</span> <span class='ocrx_word' id='word_1_77' title='bbox 586 971 680 1010; x_wconf 91' lang='lat' dir='ltr'>sitis</span> <span class='ocrx_word' id='word_1_78' title='bbox 717 971 1013 1023; x_wconf 76' lang='lat' dir='ltr'>extinguatur,</span> <span class='ocrx_word' id='word_1_79' title='bbox 1046 970 1253 1010; x_wconf 88' lang='lat' dir='ltr'>valetudo</span> <span class='ocrx_word' id='word_1_80' title='bbox 1295 971 1588 1023; x_wconf 83' lang='lat' dir='ltr'>periclitetur3</span> <span class='ocrx_word' id='word_1_81' title='bbox 1632 985 1737 1012; x_wconf 90' lang='lat' dir='ltr'>num</span> 
     </span>
     <span class='ocr_line' id='line_1_12' title="bbox 276 1043 1740 1097; baseline 0.001 -14"><span class='ocrx_word' id='word_1_82' title='bbox 276 1044 627 1084; x_wconf 81' lang='lat' dir='ltr'>extraordinario</span> <span class='ocrx_word' id='word_1_83' title='bbox 664 1045 797 1084; x_wconf 90' lang='lat' dir='ltr'>etiam</span> <span class='ocrx_word' id='word_1_84' title='bbox 834 1050 929 1084; x_wconf 90' lang='lat' dir='ltr'>tum</span> <span class='ocrx_word' id='word_1_85' title='bbox 968 1049 1075 1097; x_wconf 89' lang='lat' dir='ltr'>potu</span> <span class='ocrx_word' id='word_1_86' title='bbox 1119 1043 1430 1083; x_wconf 85' lang='lat' dir='ltr'>abstinendum</span> <span class='ocrx_word' id='word_1_87' title='bbox 1474 1044 1572 1084; x_wconf 89' lang='lat' dir='ltr'>est?</span> <span class='ocrx_word' id='word_1_88' title='bbox 1654 1045 1740 1084; x_wconf 90' lang='lat' dir='ltr'>Re-</span> 
     </span>
     <span class='ocr_line' id='line_1_13' title="bbox 275 1116 1742 1169; baseline 0 -12"><span class='ocrx_word' id='word_1_89' title='bbox 275 1116 486 1169; x_wconf 85' lang='lat' dir='ltr'>spondeo,</span> <span class='ocrx_word' id='word_1_90' title='bbox 524 1118 884 1157; x_wconf 61' lang='lat' dir='ltr'>extraordinariae</span> <span class='ocrx_word' id='word_1_91' title='bbox 934 1118 1050 1157; x_wconf 88' lang='lat' dir='ltr'>enim</span> <span class='ocrx_word' id='word_1_92' title='bbox 1100 1117 1349 1157; x_wconf 78' lang='lat' dir='ltr'>necessitati</span> <span class='ocrx_word' id='word_1_93' title='bbox 1393 1118 1742 1158; x_wconf 79' lang='lat' dir='ltr'>extraordinario</span> 
     </span>
     <span class='ocr_line' id='line_1_14' title="bbox 275 1190 1740 1244; baseline 0.001 -14"><span class='ocrx_word' id='word_1_94' title='bbox 275 1191 409 1231; x_wconf 89' lang='lat' dir='ltr'>etiam</span> <span class='ocrx_word' id='word_1_95' title='bbox 442 1197 549 1244; x_wconf 91' lang='lat' dir='ltr'>potu</span> <span class='ocrx_word' id='word_1_96' title='bbox 582 1192 921 1233; x_wconf 88' lang='lat' dir='ltr'>succurrendum</span> <span class='ocrx_word' id='word_1_97' title='bbox 954 1198 1030 1240; x_wconf 88' lang='lat' dir='ltr'>est,</span> <span class='ocrx_word' id='word_1_98' title='bbox 1065 1191 1141 1231; x_wconf 88' lang='lat' dir='ltr'>sed</span> <span class='ocrx_word' id='word_1_99' title='bbox 1175 1204 1261 1231; x_wconf 92' lang='lat' dir='ltr'>non</span> <span class='ocrx_word' id='word_1_100' title='bbox 1296 1190 1542 1243; x_wconf 87' lang='lat' dir='ltr'>Superioris</span> <span class='ocrx_word' id='word_1_101' title='bbox 1574 1191 1740 1244; x_wconf 89' lang='lat' dir='ltr'>injussu</span> 
     </span>
     <span class='ocr_line' id='line_1_15' title="bbox 274 1264 1743 1318; baseline 0.001 -14"><span class='ocrx_word' id='word_1_102' title='bbox 274 1265 310 1304; x_wconf 90' lang='lat' dir='ltr'>si</span> <span class='ocrx_word' id='word_1_103' title='bbox 345 1265 438 1317; x_wconf 88' lang='lat' dir='ltr'>ejus</span> <span class='ocrx_word' id='word_1_104' title='bbox 472 1265 599 1318; x_wconf 90' lang='lat' dir='ltr'>copia</span> <span class='ocrx_word' id='word_1_105' title='bbox 633 1264 749 1306; x_wconf 89' lang='lat' dir='ltr'>facta</span> <span class='ocrx_word' id='word_1_106' title='bbox 783 1266 868 1305; x_wconf 87' lang='lat' dir='ltr'>sit:</span> <span class='ocrx_word' id='word_1_107' title='bbox 899 1279 1001 1305; x_wconf 88' lang='lat' dir='ltr'>nam</span> <span class='ocrx_word' id='word_1_108' title='bbox 1036 1270 1080 1305; x_wconf 92' lang='lat' dir='ltr'>et</span> <span class='ocrx_word' id='word_1_109' title='bbox 1113 1265 1213 1304; x_wconf 89' lang='lat' dir='ltr'>ideo</span> <span class='ocrx_word' id='word_1_110' title='bbox 1244 1264 1334 1304; x_wconf 90' lang='lat' dir='ltr'>lata</span> <span class='ocrx_word' id='word_1_111' title='bbox 1366 1264 1440 1304; x_wconf 82' lang='lat' dir='ltr'>lex</span> <span class='ocrx_word' id='word_1_112' title='bbox 1474 1271 1549 1314; x_wconf 86' lang='lat' dir='ltr'>est,</span> <span class='ocrx_word' id='word_1_113' title='bbox 1575 1279 1662 1305; x_wconf 90' lang='lat' dir='ltr'>non</span> <span class='ocrx_word' id='word_1_114' title='bbox 1694 1270 1743 1305; x_wconf 90' lang='lat' dir='ltr'>ut</span> 
     </span>
     <span class='ocr_line' id='line_1_16' title="bbox 275 1339 1744 1392; baseline 0.001 -14"><span class='ocrx_word' id='word_1_115' title='bbox 275 1352 502 1391; x_wconf 86' lang='lat' dir='ltr'>nunquam</span> <span class='ocrx_word' id='word_1_116' title='bbox 555 1339 625 1379; x_wconf 92' lang='lat' dir='ltr'>siti</span> <span class='ocrx_word' id='word_1_117' title='bbox 679 1339 930 1387; x_wconf 77' lang='lat' dir='ltr'>satisfaciat,</span> <span class='ocrx_word' id='word_1_118' title='bbox 974 1340 1050 1379; x_wconf 90' lang='lat' dir='ltr'>sed</span> <span class='ocrx_word' id='word_1_119' title='bbox 1100 1344 1148 1379; x_wconf 94' lang='lat' dir='ltr'>ut</span> <span class='ocrx_word' id='word_1_120' title='bbox 1199 1339 1494 1379; x_wconf 86' lang='lat' dir='ltr'>satisfaciendi</span> <span class='ocrx_word' id='word_1_121' title='bbox 1546 1345 1744 1392; x_wconf 86' lang='lat' dir='ltr'>potestas</span> 
     </span>
     <span class='ocr_line' id='line_1_17' title="bbox 275 1411 1741 1465; baseline 0 -13"><span class='ocrx_word' id='word_1_122' title='bbox 275 1411 524 1465; x_wconf 84' lang='lat' dir='ltr'>Superioris</span> <span class='ocrx_word' id='word_1_123' title='bbox 560 1412 740 1452; x_wconf 91' lang='lat' dir='ltr'>arbitrio</span> <span class='ocrx_word' id='word_1_124' title='bbox 778 1412 1058 1465; x_wconf 80' lang='lat' dir='ltr'>relinquatur.</span> <span class='ocrx_word' id='word_1_125' title='bbox 1146 1412 1205 1452; x_wconf 88' lang='lat' dir='ltr'>Et</span> <span class='ocrx_word' id='word_1_126' title='bbox 1241 1411 1402 1451; x_wconf 91' lang='lat' dir='ltr'>alicubi</span> <span class='ocrx_word' id='word_1_127' title='bbox 1441 1412 1483 1451; x_wconf 91' lang='lat' dir='ltr'>in</span> <span class='ocrx_word' id='word_1_128' title='bbox 1524 1412 1741 1464; x_wconf 85' lang='lat' dir='ltr'>Hispania</span> 
     </span>
     <span class='ocr_line' id='line_1_18' title="bbox 275 1485 1743 1526; baseline -0.001 0"><span class='ocrx_word' id='word_1_129' title='bbox 275 1486 531 1526; x_wconf 86' lang='lat' dir='ltr'>conceditur</span> <span class='ocrx_word' id='word_1_130' title='bbox 553 1500 609 1525; x_wconf 77' lang='lat' dir='ltr'>cx</span> <span class='ocrx_word' id='word_1_131' title='bbox 638 1486 908 1526; x_wconf 90' lang='lat' dir='ltr'>medicorum</span> <span class='ocrx_word' id='word_1_132' title='bbox 939 1485 1121 1526; x_wconf 90' lang='lat' dir='ltr'>consilio</span> <span class='ocrx_word' id='word_1_133' title='bbox 1142 1485 1262 1525; x_wconf 87' lang='lat' dir='ltr'>velut</span> <span class='ocrx_word' id='word_1_134' title='bbox 1291 1485 1480 1525; x_wconf 88' lang='lat' dir='ltr'>salutare</span> <span class='ocrx_word' id='word_1_135' title='bbox 1502 1485 1743 1525; x_wconf 84' lang='lat' dir='ltr'>valetudini</span> 
     </span>
     <span class='ocr_line' id='line_1_19' title="bbox 274 1559 1742 1613; baseline 0 -13"><span class='ocrx_word' id='word_1_136' title='bbox 274 1559 423 1600; x_wconf 89' lang='lat' dir='ltr'>bibere</span> <span class='ocrx_word' id='word_1_137' title='bbox 457 1560 701 1612; x_wconf 63' lang='lat' dir='ltr'>praesertim</span> <span class='ocrx_word' id='word_1_138' title='bbox 739 1560 881 1600; x_wconf 78' lang='lat' dir='ltr'>aestati</span> <span class='ocrx_word' id='word_1_139' title='bbox 919 1566 1020 1613; x_wconf 91' lang='lat' dir='ltr'>post</span> <span class='ocrx_word' id='word_1_140' title='bbox 1056 1566 1195 1600; x_wconf 90' lang='lat' dir='ltr'>certas</span> <span class='ocrx_word' id='word_1_141' title='bbox 1232 1559 1361 1599; x_wconf 90' lang='lat' dir='ltr'>horas</span> <span class='ocrx_word' id='word_1_142' title='bbox 1397 1573 1423 1599; x_wconf 90' lang='lat' dir='ltr'>a</span> <span class='ocrx_word' id='word_1_143' title='bbox 1456 1560 1641 1612; x_wconf 91' lang='lat' dir='ltr'>prandio</span> <span class='ocrx_word' id='word_1_144' title='bbox 1674 1560 1742 1600; x_wconf 90' lang='lat' dir='ltr'>vel</span> 
     </span>
     <span class='ocr_line' id='line_1_20' title="bbox 275 1633 1744 1686; baseline 0.001 -14"><span class='ocrx_word' id='word_1_145' title='bbox 275 1647 303 1673; x_wconf 89' lang='lat' dir='ltr'>a</span> <span class='ocrx_word' id='word_1_146' title='bbox 334 1647 470 1673; x_wconf 86' lang='lat' dir='ltr'>coena.</span> <span class='ocrx_word' id='word_1_147' title='bbox 536 1634 692 1673; x_wconf 85' lang='lat' dir='ltr'>Bibere</span> <span class='ocrx_word' id='word_1_148' title='bbox 725 1639 873 1673; x_wconf 90' lang='lat' dir='ltr'>autem</span> <span class='ocrx_word' id='word_1_149' title='bbox 906 1647 984 1686; x_wconf 89' lang='lat' dir='ltr'>per</span> <span class='ocrx_word' id='word_1_150' title='bbox 1016 1647 1149 1673; x_wconf 87' lang='lat' dir='ltr'>unam</span> <span class='ocrx_word' id='word_1_151' title='bbox 1184 1638 1260 1672; x_wconf 91' lang='lat' dir='ltr'>aut</span> <span class='ocrx_word' id='word_1_152' title='bbox 1293 1633 1477 1673; x_wconf 90' lang='lat' dir='ltr'>alteram</span> <span class='ocrx_word' id='word_1_153' title='bbox 1507 1634 1744 1675; x_wconf 77' lang='lat' dir='ltr'>dumtaxat</span> 
     </span>
     <span class='ocr_line' id='line_1_21' title="bbox 276 1706 1744 1760; baseline 0.001 -14"><span class='ocrx_word' id='word_1_154' title='bbox 276 1706 443 1755; x_wconf 87' lang='lat' dir='ltr'>horam,</span> <span class='ocrx_word' id='word_1_155' title='bbox 468 1706 574 1746; x_wconf 89' lang='lat' dir='ltr'>dum</span> <span class='ocrx_word' id='word_1_156' title='bbox 603 1708 830 1747; x_wconf 90' lang='lat' dir='ltr'>concoctio</span> <span class='ocrx_word' id='word_1_157' title='bbox 858 1707 1113 1756; x_wconf 85' lang='lat' dir='ltr'>effervescit,</span> <span class='ocrx_word' id='word_1_158' title='bbox 1137 1706 1180 1746; x_wconf 91' lang='lat' dir='ltr'>id</span> <span class='ocrx_word' id='word_1_159' title='bbox 1208 1719 1294 1745; x_wconf 92' lang='lat' dir='ltr'>non</span> <span class='ocrx_word' id='word_1_160' title='bbox 1321 1707 1413 1745; x_wconf 92' lang='lat' dir='ltr'>sine</span> <span class='ocrx_word' id='word_1_161' title='bbox 1443 1706 1571 1759; x_wconf 90' lang='lat' dir='ltr'>culpa</span> <span class='ocrx_word' id='word_1_162' title='bbox 1598 1708 1744 1760; x_wconf 86' lang='lat' dir='ltr'>aliqua</span> 
     </span>
     <span class='ocr_line' id='line_1_22' title="bbox 276 1779 1745 1832; baseline 0 -12"><span class='ocrx_word' id='word_1_163' title='bbox 276 1779 437 1820; x_wconf 87' lang='lat' dir='ltr'>veniali</span> <span class='ocrx_word' id='word_1_164' title='bbox 471 1779 562 1819; x_wconf 88' lang='lat' dir='ltr'>fieri</span> <span class='ocrx_word' id='word_1_165' title='bbox 598 1780 758 1819; x_wconf 91' lang='lat' dir='ltr'>docent</span> <span class='ocrx_word' id='word_1_166' title='bbox 792 1779 1005 1827; x_wconf 86' lang='lat' dir='ltr'>doctores,</span> <span class='ocrx_word' id='word_1_167' title='bbox 1034 1793 1122 1831; x_wconf 91' lang='lat' dir='ltr'>quo</span> <span class='ocrx_word' id='word_1_168' title='bbox 1156 1780 1289 1819; x_wconf 89' lang='lat' dir='ltr'>etiam</span> <span class='ocrx_word' id='word_1_169' title='bbox 1325 1780 1465 1832; x_wconf 78' lang='lat' dir='ltr'>magis</span> <span class='ocrx_word' id='word_1_170' title='bbox 1499 1786 1564 1820; x_wconf 91' lang='lat' dir='ltr'>est</span> <span class='ocrx_word' id='word_1_171' title='bbox 1598 1794 1745 1821; x_wconf 87' lang='lat' dir='ltr'>neces-</span> 
     </span>
     <span class='ocr_line' id='line_1_23' title="bbox 279 1853 1150 1906; baseline -0.001 -13"><span class='ocrx_word' id='word_1_172' title='bbox 279 1853 390 1893; x_wconf 88' lang='lat' dir='ltr'>saria</span> <span class='ocrx_word' id='word_1_173' title='bbox 421 1853 551 1893; x_wconf 85' lang='lat' dir='ltr'>venia</span> <span class='ocrx_word' id='word_1_174' title='bbox 582 1859 626 1894; x_wconf 92' lang='lat' dir='ltr'>et</span> <span class='ocrx_word' id='word_1_175' title='bbox 660 1853 906 1906; x_wconf 85' lang='lat' dir='ltr'>Superioris</span> <span class='ocrx_word' id='word_1_176' title='bbox 939 1866 1150 1892; x_wconf 88' lang='lat' dir='ltr'>assensus.</span> 
     </span>
    </p>

    <p class='ocr_par' dir='ltr' id='par_1_4' title="bbox 279 1926 1746 2712">
     <span class='ocr_line' id='line_1_24' title="bbox 369 1926 1745 1978; baseline 0.001 -12"><span class='ocrx_word' id='word_1_177' title='bbox 369 1927 628 1967; x_wconf 89' lang='lat' dir='ltr'>Cavendum</span> <span class='ocrx_word' id='word_1_178' title='bbox 664 1933 811 1967; x_wconf 86' lang='lat' dir='ltr'>autem</span> <span class='ocrx_word' id='word_1_179' title='bbox 850 1928 982 1967; x_wconf 89' lang='lat' dir='ltr'>etiam</span> <span class='ocrx_word' id='word_1_180' title='bbox 1017 1932 1150 1978; x_wconf 91' lang='lat' dir='ltr'>atque</span> <span class='ocrx_word' id='word_1_181' title='bbox 1184 1926 1317 1966; x_wconf 88' lang='lat' dir='ltr'>etiam</span> <span class='ocrx_word' id='word_1_182' title='bbox 1356 1932 1433 1975; x_wconf 89' lang='lat' dir='ltr'>est,</span> <span class='ocrx_word' id='word_1_183' title='bbox 1468 1940 1523 1966; x_wconf 89' lang='lat' dir='ltr'>ne</span> <span class='ocrx_word' id='word_1_184' title='bbox 1559 1927 1745 1967; x_wconf 89' lang='lat' dir='ltr'>necessi-</span> 
     </span>
     <span class='ocr_line' id='line_1_25' title="bbox 280 1999 1746 2053; baseline 0 -13"><span class='ocrx_word' id='word_1_185' title='bbox 280 2001 384 2041; x_wconf 87' lang='lat' dir='ltr'>tatis</span> <span class='ocrx_word' id='word_1_186' title='bbox 421 2001 565 2053; x_wconf 89' lang='lat' dir='ltr'>specie</span> <span class='ocrx_word' id='word_1_187' title='bbox 603 2000 726 2040; x_wconf 87' lang='lat' dir='ltr'>fallat</span> <span class='ocrx_word' id='word_1_188' title='bbox 763 2014 843 2040; x_wconf 87' lang='lat' dir='ltr'>nos</span> <span class='ocrx_word' id='word_1_189' title='bbox 880 2000 974 2052; x_wconf 90' lang='lat' dir='ltr'>ipsa</span> <span class='ocrx_word' id='word_1_190' title='bbox 1009 1999 1222 2052; x_wconf 82' lang='lat' dir='ltr'>voluptas.</span> <span class='ocrx_word' id='word_1_191' title='bbox 1307 1999 1437 2052; x_wconf 78' lang='lat' dir='ltr'>Saepe</span> <span class='ocrx_word' id='word_1_192' title='bbox 1479 2001 1595 2040; x_wconf 89' lang='lat' dir='ltr'>enim</span> <span class='ocrx_word' id='word_1_193' title='bbox 1638 1999 1746 2040; x_wconf 87' lang='lat' dir='ltr'>falsa</span> 
     </span>
     <span class='ocr_line' id='line_1_26' title="bbox 280 2074 1745 2127; baseline -0.001 -13"><span class='ocrx_word' id='word_1_194' title='bbox 280 2075 374 2114; x_wconf 90' lang='lat' dir='ltr'>sitis</span> <span class='ocrx_word' id='word_1_195' title='bbox 398 2079 464 2114; x_wconf 92' lang='lat' dir='ltr'>est</span> <span class='ocrx_word' id='word_1_196' title='bbox 487 2087 584 2126; x_wconf 81' lang='lat' dir='ltr'>quae</span> <span class='ocrx_word' id='word_1_197' title='bbox 609 2088 687 2114; x_wconf 91' lang='lat' dir='ltr'>nos</span> <span class='ocrx_word' id='word_1_198' title='bbox 710 2080 846 2127; x_wconf 78' lang='lat' dir='ltr'>urget,</span> <span class='ocrx_word' id='word_1_199' title='bbox 871 2087 958 2113; x_wconf 91' lang='lat' dir='ltr'>non</span> <span class='ocrx_word' id='word_1_200' title='bbox 980 2087 1081 2113; x_wconf 87' lang='lat' dir='ltr'>vera</span> <span class='ocrx_word' id='word_1_201' title='bbox 1102 2088 1111 2123; x_wconf 85' lang='lat'>;</span> <span class='ocrx_word' id='word_1_202' title='bbox 1144 2086 1276 2125; x_wconf 87' lang='lat' dir='ltr'>quam</span> <span class='ocrx_word' id='word_1_203' title='bbox 1301 2074 1334 2112; x_wconf 93' lang='lat' dir='ltr'>si</span> <span class='ocrx_word' id='word_1_204' title='bbox 1358 2074 1567 2113; x_wconf 90' lang='lat' dir='ltr'>continuo</span> <span class='ocrx_word' id='word_1_205' title='bbox 1593 2074 1745 2113; x_wconf 85' lang='lat' dir='ltr'>sedare</span> 
     </span>
     <span class='ocr_line' id='line_1_27' title="bbox 279 2146 1745 2199; baseline -0.001 -12"><span class='ocrx_word' id='word_1_206' title='bbox 279 2148 398 2195; x_wconf 89' lang='lat' dir='ltr'>velis,</span> <span class='ocrx_word' id='word_1_207' title='bbox 422 2147 627 2187; x_wconf 89' lang='lat' dir='ltr'>humores</span> <span class='ocrx_word' id='word_1_208' title='bbox 650 2160 997 2199; x_wconf 87' lang='lat' dir='ltr'>supervacaneos</span> <span class='ocrx_word' id='word_1_209' title='bbox 1020 2159 1181 2198; x_wconf 79' lang='lat' dir='ltr'>augeas</span> <span class='ocrx_word' id='word_1_210' title='bbox 1204 2160 1302 2186; x_wconf 90' lang='lat' dir='ltr'>cum</span> <span class='ocrx_word' id='word_1_211' title='bbox 1326 2147 1608 2186; x_wconf 89' lang='lat' dir='ltr'>incommodo</span> <span class='ocrx_word' id='word_1_212' title='bbox 1630 2146 1745 2186; x_wconf 89' lang='lat' dir='ltr'>vale-</span> 
     </span>
     <span class='ocr_line' id='line_1_28' title="bbox 280 2219 1745 2272; baseline 0.001 -13"><span class='ocrx_word' id='word_1_213' title='bbox 280 2220 456 2259; x_wconf 91' lang='lat' dir='ltr'>tudinis.</span> <span class='ocrx_word' id='word_1_214' title='bbox 521 2219 776 2272; x_wconf 78' lang='lat' dir='ltr'>Distinguet</span> <span class='ocrx_word' id='word_1_215' title='bbox 806 2225 955 2259; x_wconf 89' lang='lat' dir='ltr'>autem</span> <span class='ocrx_word' id='word_1_216' title='bbox 984 2219 1102 2258; x_wconf 89' lang='lat' dir='ltr'>sitim</span> <span class='ocrx_word' id='word_1_217' title='bbox 1133 2219 1287 2259; x_wconf 86' lang='lat' dir='ltr'>falsam</span> <span class='ocrx_word' id='word_1_218' title='bbox 1317 2233 1343 2259; x_wconf 92' lang='lat' dir='ltr'>a</span> <span class='ocrx_word' id='word_1_219' title='bbox 1371 2233 1473 2259; x_wconf 86' lang='lat' dir='ltr'>vera</span> <span class='ocrx_word' id='word_1_220' title='bbox 1496 2220 1630 2272; x_wconf 89' lang='lat' dir='ltr'>ipsius</span> <span class='ocrx_word' id='word_1_221' title='bbox 1652 2220 1745 2260; x_wconf 82' lang='lat' dir='ltr'>sitis</span> 
     </span>
     <span class='ocr_line' id='line_1_29' title="bbox 282 2291 1745 2345; baseline 0 -13"><span class='ocrx_word' id='word_1_222' title='bbox 282 2293 551 2345; x_wconf 88' lang='lat' dir='ltr'>pertinacia:</span> <span class='ocrx_word' id='word_1_223' title='bbox 595 2306 696 2331; x_wconf 87' lang='lat' dir='ltr'>nam</span> <span class='ocrx_word' id='word_1_224' title='bbox 730 2292 764 2331; x_wconf 91' lang='lat' dir='ltr'>si</span> <span class='ocrx_word' id='word_1_225' title='bbox 797 2297 940 2331; x_wconf 91' lang='lat' dir='ltr'>totum</span> <span class='ocrx_word' id='word_1_226' title='bbox 975 2291 1090 2331; x_wconf 81' lang='lat' dir='ltr'>diem</span> <span class='ocrx_word' id='word_1_227' title='bbox 1128 2291 1308 2331; x_wconf 81' lang='lat' dir='ltr'>afflictet</span> <span class='ocrx_word' id='word_1_228' title='bbox 1344 2292 1580 2342; x_wconf 88' lang='lat' dir='ltr'>hominem,</span> <span class='ocrx_word' id='word_1_229' title='bbox 1619 2306 1745 2345; x_wconf 82' lang='lat' dir='ltr'>argu·</span> 
     </span>
     <span class='ocr_line' id='line_1_30' title="bbox 284 2364 1741 2418; baseline 0 -12"><span class='ocrx_word' id='word_1_230' title='bbox 284 2371 434 2406; x_wconf 86' lang='lat' dir='ltr'>mento</span> <span class='ocrx_word' id='word_1_231' title='bbox 472 2371 538 2405; x_wconf 89' lang='lat' dir='ltr'>est</span> <span class='ocrx_word' id='word_1_232' title='bbox 575 2378 721 2405; x_wconf 87' lang='lat' dir='ltr'>veram</span> <span class='ocrx_word' id='word_1_233' title='bbox 760 2365 890 2404; x_wconf 86' lang='lat' dir='ltr'>fuisse</span> <span class='ocrx_word' id='word_1_234' title='bbox 927 2364 1044 2404; x_wconf 89' lang='lat' dir='ltr'>sitim</span> <span class='ocrx_word' id='word_1_235' title='bbox 1082 2370 1125 2404; x_wconf 86' lang='lat' dir='ltr'>et</span> <span class='ocrx_word' id='word_1_236' title='bbox 1162 2365 1403 2404; x_wconf 86' lang='lat' dir='ltr'>necessario</span> <span class='ocrx_word' id='word_1_237' title='bbox 1441 2365 1741 2418; x_wconf 82' lang='lat' dir='ltr'>mitigandam.</span> 
     </span>
     <span class='ocr_line' id='line_1_31' title="bbox 285 2437 1745 2490; baseline -0.001 -11"><span class='ocrx_word' id='word_1_238' title='bbox 285 2439 364 2480; x_wconf 90' lang='lat' dir='ltr'>Sin</span> <span class='ocrx_word' id='word_1_239' title='bbox 399 2445 547 2478; x_wconf 89' lang='lat' dir='ltr'>autem</span> <span class='ocrx_word' id='word_1_240' title='bbox 582 2438 711 2477; x_wconf 90' lang='lat' dir='ltr'>nullis</span> <span class='ocrx_word' id='word_1_241' title='bbox 745 2438 952 2477; x_wconf 88' lang='lat' dir='ltr'>adhibitis</span> <span class='ocrx_word' id='word_1_242' title='bbox 986 2437 1240 2490; x_wconf 90' lang='lat' dir='ltr'>potionibus</span> <span class='ocrx_word' id='word_1_243' title='bbox 1272 2451 1351 2478; x_wconf 90' lang='lat' dir='ltr'>sua</span> <span class='ocrx_word' id='word_1_244' title='bbox 1384 2444 1542 2490; x_wconf 89' lang='lat' dir='ltr'>sponte</span> <span class='ocrx_word' id='word_1_245' title='bbox 1579 2439 1745 2488; x_wconf 90' lang='lat' dir='ltr'>abierit,</span> 
     </span>
     <span class='ocr_line' id='line_1_32' title="bbox 284 2510 1745 2565; baseline -0.001 -12"><span class='ocrx_word' id='word_1_246' title='bbox 284 2512 513 2565; x_wconf 89' lang='lat' dir='ltr'>interjecto</span> <span class='ocrx_word' id='word_1_247' title='bbox 550 2511 754 2551; x_wconf 88' lang='lat' dir='ltr'>horarum</span> <span class='ocrx_word' id='word_1_248' title='bbox 792 2511 961 2563; x_wconf 92' lang='lat' dir='ltr'>aliquot</span> <span class='ocrx_word' id='word_1_249' title='bbox 1003 2510 1243 2561; x_wconf 88' lang='lat' dir='ltr'>intervallo,</span> <span class='ocrx_word' id='word_1_250' title='bbox 1286 2511 1391 2551; x_wconf 90' lang='lat' dir='ltr'>satis</span> <span class='ocrx_word' id='word_1_251' title='bbox 1433 2517 1617 2564; x_wconf 89' lang='lat' dir='ltr'>apparet</span> <span class='ocrx_word' id='word_1_252' title='bbox 1658 2525 1745 2552; x_wconf 91' lang='lat' dir='ltr'>non</span> 
     </span>
     <span class='ocr_line' id='line_1_33' title="bbox 282 2584 1745 2638; baseline -0.001 -11"><span class='ocrx_word' id='word_1_253' title='bbox 282 2600 431 2627; x_wconf 84' lang='lat' dir='ltr'>veram</span> <span class='ocrx_word' id='word_1_254' title='bbox 456 2586 532 2625; x_wconf 90' lang='lat' dir='ltr'>sed</span> <span class='ocrx_word' id='word_1_255' title='bbox 556 2585 704 2625; x_wconf 88' lang='lat' dir='ltr'>fictam</span> <span class='ocrx_word' id='word_1_256' title='bbox 727 2598 776 2624; x_wconf 90' lang='lat' dir='ltr'>ac</span> <span class='ocrx_word' id='word_1_257' title='bbox 799 2584 998 2624; x_wconf 89' lang='lat' dir='ltr'>fallacem</span> <span class='ocrx_word' id='word_1_258' title='bbox 1024 2585 1154 2625; x_wconf 84' lang='lat' dir='ltr'>fuisse</span> <span class='ocrx_word' id='word_1_259' title='bbox 1176 2585 1304 2625; x_wconf 91' lang='lat' dir='ltr'>sitim.</span> <span class='ocrx_word' id='word_1_260' title='bbox 1351 2586 1546 2638; x_wconf 88' lang='lat' dir='ltr'>Ideoque</span> <span class='ocrx_word' id='word_1_261' title='bbox 1568 2585 1745 2625; x_wconf 82' lang='lat' dir='ltr'>ferenda</span> 
     </span>
     <span class='ocr_line' id='line_1_34' title="bbox 285 2658 1589 2712; baseline -0.001 -12"><span class='ocrx_word' id='word_1_262' title='bbox 285 2665 351 2700; x_wconf 88' lang='lat' dir='ltr'>est</span> <span class='ocrx_word' id='word_1_263' title='bbox 372 2659 577 2700; x_wconf 87' lang='lat' dir='ltr'>horarum</span> <span class='ocrx_word' id='word_1_264' title='bbox 601 2658 769 2710; x_wconf 88' lang='lat' dir='ltr'>aliquot</span> <span class='ocrx_word' id='word_1_265' title='bbox 793 2671 924 2708; x_wconf 86' lang='lat' dir='ltr'>mora,</span> <span class='ocrx_word' id='word_1_266' title='bbox 948 2663 995 2698; x_wconf 92' lang='lat' dir='ltr'>ut</span> <span class='ocrx_word' id='word_1_267' title='bbox 1015 2672 1117 2698; x_wconf 91' lang='lat' dir='ltr'>vera</span> <span class='ocrx_word' id='word_1_268' title='bbox 1138 2672 1164 2698; x_wconf 93' lang='lat' dir='ltr'>a</span> <span class='ocrx_word' id='word_1_269' title='bbox 1186 2658 1296 2699; x_wconf 87' lang='lat' dir='ltr'>falsa</span> <span class='ocrx_word' id='word_1_270' title='bbox 1318 2658 1589 2712; x_wconf 85' lang='lat' dir='ltr'>dijudicetur.</span> 
     </span>
    </p>

    <p class='ocr_par' dir='ltr' id='par_1_5' title="bbox 281 2731 1745 2860">
     <span class='ocr_line' id='line_1_35' title="bbox 372 2731 1745 2785; baseline -0.001 -12"><span class='ocrx_word' id='word_1_271' title='bbox 372 2734 582 2773; x_wconf 86' lang='lat' dir='ltr'>Diximus</span> <span class='ocrx_word' id='word_1_272' title='bbox 612 2732 666 2772; x_wconf 93' lang='lat' dir='ltr'>de</span> <span class='ocrx_word' id='word_1_273' title='bbox 696 2731 1045 2772; x_wconf 83' lang='lat' dir='ltr'>extraordinario</span> <span class='ocrx_word' id='word_1_274' title='bbox 1072 2738 1193 2785; x_wconf 85' lang='lat' dir='ltr'>potu,</span> <span class='ocrx_word' id='word_1_275' title='bbox 1216 2733 1379 2785; x_wconf 89' lang='lat' dir='ltr'>quique</span> <span class='ocrx_word' id='word_1_276' title='bbox 1406 2733 1592 2773; x_wconf 84' lang='lat' dir='ltr'>sumitur</span> <span class='ocrx_word' id='word_1_277' title='bbox 1620 2737 1745 2772; x_wconf 81' lang='lat' dir='ltr'>extra</span> 
     </span>
     <span class='ocr_line' id='line_1_36' title="bbox 281 2805 1745 2860; baseline -0.003 -12"><span class='ocrx_word' id='word_1_278' title='bbox 281 2811 484 2860; x_wconf 87' lang='lat' dir='ltr'>tempora</span> <span class='ocrx_word' id='word_1_279' title='bbox 521 2812 759 2846; x_wconf 87' lang='lat' dir='ltr'>consueta:</span> <span class='ocrx_word' id='word_1_280' title='bbox 796 2805 993 2858; x_wconf 88' lang='lat' dir='ltr'>sequitur</span> <span class='ocrx_word' id='word_1_281' title='bbox 1029 2810 1078 2845; x_wconf 90' lang='lat' dir='ltr'>ut</span> <span class='ocrx_word' id='word_1_282' title='bbox 1114 2806 1169 2846; x_wconf 93' lang='lat' dir='ltr'>de</span> <span class='ocrx_word' id='word_1_283' title='bbox 1205 2805 1302 2846; x_wconf 93' lang='lat' dir='ltr'>cibo</span> <span class='ocrx_word' id='word_1_284' title='bbox 1339 2819 1515 2858; x_wconf 91' lang='lat' dir='ltr'>quoque</span> <span class='ocrx_word' id='word_1_285' title='bbox 1549 2811 1745 2846; x_wconf 85' lang='lat' dir='ltr'>extraor-</span> 
     </span>
    </p>
   </div>
   <div class='ocr_carea' id='block_1_3' title="bbox 542 2892 1483 2934">
    <p class='ocr_par' dir='ltr' id='par_1_6' title="bbox 542 2892 1483 2934">
     <span class='ocr_line' id='line_1_37' title="bbox 542 2892 1483 2934; baseline 0 -8"><span class='ocrx_word' id='word_1_286' title='bbox 542 2893 554 2913; x_wconf 85' lang='lat'>²</span> <span class='ocrx_word' id='word_1_287' title='bbox 580 2894 636 2927; x_wconf 85' lang='lat' dir='ltr'>Gr.</span> <span class='ocrx_word' id='word_1_288' title='bbox 662 2903 710 2934; x_wconf 88' lang='lat'>14.</span> <span class='ocrx_word' id='word_1_289' title='bbox 933 2892 946 2911; x_wconf 76' lang='lat'>2</span> <span class='ocrx_word' id='word_1_290' title='bbox 970 2893 1007 2925; x_wconf 88' lang='lat' dir='ltr'>C.</span> <span class='ocrx_word' id='word_1_291' title='bbox 1028 2901 1080 2933; x_wconf 88' lang='lat'>91.</span> <span class='ocrx_word' id='word_1_292' title='bbox 1305 2892 1318 2912; x_wconf 81' lang='lat'><strong>³</strong></span> <span class='ocrx_word' id='word_1_293' title='bbox 1342 2893 1410 2926; x_wconf 92' lang='lat' dir='ltr'>Ho.</span> <span class='ocrx_word' id='word_1_294' title='bbox 1430 2902 1483 2934; x_wconf 91' lang='lat'>49.</span> 
     </span>
    </p>
   </div>
  </div>
 </body>
</html>
