<?xml version="1.0" encoding="UTF-8"?>
<!DOCTYPE html PUBLIC "-//W3C//DTD XHTML 1.0 Transitional//EN"
    "http://www.w3.org/TR/xhtml1/DTD/xhtml1-transitional.dtd">
<html xmlns="http://www.w3.org/1999/xhtml" xml:lang="en" lang="en">
 <head>
  <title>
</title>
<meta http-equiv="Content-Type" content="text/html;charset=utf-8" />
  <meta name='ocr-system' content='tesseract 3.04.00' />
  <meta name='ocr-capabilities' content='ocr_page ocr_carea ocr_par ocr_line ocrx_word'/>
</head>
<body>
  <div class='ocr_page' id='page_1' title='image "./nicolaiorlandini00orla/nicolaiorlandini00orla_0591.png"; bbox 0 0 1903 3197; ppageno 0'>
   <div class='ocr_carea' id='block_1_1' title="bbox 392 114 1641 179">
    <p class='ocr_par' dir='ltr' id='par_1_1' title="bbox 392 114 1641 179">
     <span class='ocr_line' id='line_1_1' title="bbox 392 114 1641 179; baseline -0.004 -15"><span class='ocrx_word' id='word_1_1' title='bbox 392 117 646 164; x_wconf 73' lang='lat' dir='ltr'><em>Patientia</em></span> <span class='ocrx_word' id='word_1_2' title='bbox 680 116 886 178; x_wconf 72' lang='lat' dir='ltr'>exemplo</span> <span class='ocrx_word' id='word_1_3' title='bbox 924 116 974 163; x_wconf 81' lang='lat' dir='ltr'>S.</span> <span class='ocrx_word' id='word_1_4' title='bbox 991 115 1093 179; x_wconf 76' lang='lat' dir='ltr'>seb</span> <span class='ocrx_word' id='word_1_5' title='bbox 1127 114 1424 162; x_wconf 75' lang='lat' dir='ltr'>assumenda.</span> <span class='ocrx_word' id='word_1_6' title='bbox 1551 126 1641 174; x_wconf 89' lang='lat'>571</span> 
     </span>
    </p>
   </div>
   <div class='ocr_carea' id='block_1_2' title="bbox 177 246 1652 2513">
    <p class='ocr_par' dir='ltr' id='par_1_2' title="bbox 177 246 1650 880">
     <span class='ocr_line' id='line_1_2' title="bbox 178 246 1649 306; baseline -0.004 -14"><span class='ocrx_word' id='word_1_7' title='bbox 178 257 314 306; x_wconf 84' lang='lat' dir='ltr'>perat,</span> <span class='ocrx_word' id='word_1_8' title='bbox 355 263 454 302; x_wconf 77' lang='lat' dir='ltr'>quae</span> <span class='ocrx_word' id='word_1_9' title='bbox 503 249 695 302; x_wconf 88' lang='lat' dir='ltr'>corporis</span> <span class='ocrx_word' id='word_1_10' title='bbox 742 253 856 289; x_wconf 87' lang='lat' dir='ltr'>esset</span> <span class='ocrx_word' id='word_1_11' title='bbox 907 248 1242 301; x_wconf 83' lang='lat' dir='ltr'>operimentum,</span> <span class='ocrx_word' id='word_1_12' title='bbox 1285 247 1399 288; x_wconf 90' lang='lat' dir='ltr'>hanc</span> <span class='ocrx_word' id='word_1_13' title='bbox 1445 246 1649 287; x_wconf 88' lang='lat' dir='ltr'>diabolus</span> 
     </span>
     <span class='ocr_line' id='line_1_3' title="bbox 177 319 1649 378; baseline -0.003 -13"><span class='ocrx_word' id='word_1_14' title='bbox 177 325 335 378; x_wconf 85' lang='lat' dir='ltr'>putida</span> <span class='ocrx_word' id='word_1_15' title='bbox 356 330 400 364; x_wconf 93' lang='lat' dir='ltr'>et</span> <span class='ocrx_word' id='word_1_16' title='bbox 422 322 697 364; x_wconf 83' lang='lat' dir='ltr'>intoleranda</span> <span class='ocrx_word' id='word_1_17' title='bbox 725 322 797 362; x_wconf 92' lang='lat' dir='ltr'>lue</span> <span class='ocrx_word' id='word_1_18' title='bbox 819 335 1135 375; x_wconf 82' lang='lat' dir='ltr'>usquequaque</span> <span class='ocrx_word' id='word_1_19' title='bbox 1157 320 1438 374; x_wconf 87' lang='lat' dir='ltr'>concerpsit.&#39;&#39;</span> <span class='ocrx_word' id='word_1_20' title='bbox 1500 319 1649 373; x_wconf 78' lang='lat' dir='ltr'>Quare</span> 
     </span>
     <span class='ocr_line' id='line_1_4' title="bbox 179 393 1648 451; baseline -0.004 -12"><span class='ocrx_word' id='word_1_21' title='bbox 179 411 279 439; x_wconf 91' lang='lat' dir='ltr'>cum</span> <span class='ocrx_word' id='word_1_22' title='bbox 313 398 400 451; x_wconf 90' lang='lat' dir='ltr'>Job</span> <span class='ocrx_word' id='word_1_23' title='bbox 437 403 568 446; x_wconf 89' lang='lat' dir='ltr'>totus,</span> <span class='ocrx_word' id='word_1_24' title='bbox 604 401 795 450; x_wconf 87' lang='lat' dir='ltr'>quantus</span> <span class='ocrx_word' id='word_1_25' title='bbox 837 401 942 445; x_wconf 83' lang='lat' dir='ltr'>erat,</span> <span class='ocrx_word' id='word_1_26' title='bbox 982 396 1103 436; x_wconf 91' lang='lat' dir='ltr'>ulcus</span> <span class='ocrx_word' id='word_1_27' title='bbox 1145 401 1271 445; x_wconf 89' lang='lat' dir='ltr'>esset,</span> <span class='ocrx_word' id='word_1_28' title='bbox 1305 394 1423 448; x_wconf 87' lang='lat' dir='ltr'>quali</span> <span class='ocrx_word' id='word_1_29' title='bbox 1466 393 1648 434; x_wconf 86' lang='lat' dir='ltr'>tandem</span> 
     </span>
     <span class='ocr_line' id='line_1_5' title="bbox 178 468 1650 524; baseline -0.005 -10"><span class='ocrx_word' id='word_1_30' title='bbox 178 478 301 514; x_wconf 86' lang='lat' dir='ltr'>veste</span> <span class='ocrx_word' id='word_1_31' title='bbox 335 472 501 513; x_wconf 83' lang='lat' dir='ltr'>amiciri</span> <span class='ocrx_word' id='word_1_32' title='bbox 538 475 723 524; x_wconf 86' lang='lat' dir='ltr'>poterat,</span> <span class='ocrx_word' id='word_1_33' title='bbox 746 483 845 522; x_wconf 72' lang='lat' dir='ltr'>quae</span> <span class='ocrx_word' id='word_1_34' title='bbox 880 482 968 509; x_wconf 91' lang='lat' dir='ltr'>non</span> <span class='ocrx_word' id='word_1_35' title='bbox 1002 469 1164 522; x_wconf 84' lang='lat' dir='ltr'>pariter</span> <span class='ocrx_word' id='word_1_36' title='bbox 1197 482 1297 508; x_wconf 91' lang='lat' dir='ltr'>cum</span> <span class='ocrx_word' id='word_1_37' title='bbox 1334 468 1447 521; x_wconf 91' lang='lat' dir='ltr'>pelle</span> <span class='ocrx_word' id='word_1_38' title='bbox 1480 473 1650 521; x_wconf 89' lang='lat' dir='ltr'>putres-</span> 
     </span>
     <span class='ocr_line' id='line_1_6' title="bbox 179 541 1648 594; baseline -0.005 -7"><span class='ocrx_word' id='word_1_39' title='bbox 179 547 327 588; x_wconf 86' lang='lat' dir='ltr'>ceret?</span> <span class='ocrx_word' id='word_1_40' title='bbox 361 546 508 586; x_wconf 85' lang='lat' dir='ltr'>Tanta</span> <span class='ocrx_word' id='word_1_41' title='bbox 531 545 648 585; x_wconf 90' lang='lat' dir='ltr'>enim</span> <span class='ocrx_word' id='word_1_42' title='bbox 666 544 809 584; x_wconf 88' lang='lat' dir='ltr'>sanies</span> <span class='ocrx_word' id='word_1_43' title='bbox 828 548 932 592; x_wconf 88' lang='lat' dir='ltr'>erat,</span> <span class='ocrx_word' id='word_1_44' title='bbox 950 547 998 582; x_wconf 90' lang='lat' dir='ltr'>ut</span> <span class='ocrx_word' id='word_1_45' title='bbox 1021 541 1304 594; x_wconf 80' lang='lat' dir='ltr'>liquefaceret</span> <span class='ocrx_word' id='word_1_46' title='bbox 1325 541 1478 594; x_wconf 81' lang='lat' dir='ltr'>glebas</span> <span class='ocrx_word' id='word_1_47' title='bbox 1500 547 1626 581; x_wconf 80' lang='lat' dir='ltr'>terrae</span> <span class='ocrx_word' id='word_1_48' title='bbox 1638 553 1648 590; x_wconf 81' lang='lat'>3</span> 
     </span>
     <span class='ocr_line' id='line_1_7' title="bbox 180 613 1650 672; baseline -0.006 -11"><span class='ocrx_word' id='word_1_49' title='bbox 180 626 228 661; x_wconf 92' lang='lat' dir='ltr'>ut</span> <span class='ocrx_word' id='word_1_50' title='bbox 269 619 376 660; x_wconf 88' lang='lat' dir='ltr'>dicit</span> <span class='ocrx_word' id='word_1_51' title='bbox 417 619 522 672; x_wconf 86' lang='lat' dir='ltr'>ipse,</span> <span class='ocrx_word' id='word_1_52' title='bbox 566 632 600 658; x_wconf 90' lang='lat' dir='ltr'>c.</span> <span class='ocrx_word' id='word_1_53' title='bbox 633 627 670 669; x_wconf 90' lang='lat'>7.</span> <span class='ocrx_word' id='word_1_54' title='bbox 703 616 838 669; x_wconf 84' lang='lat' dir='ltr'>juxta</span> <span class='ocrx_word' id='word_1_55' title='bbox 879 615 1118 656; x_wconf 81' lang='lat' dir='ltr'>editionem</span> <span class='ocrx_word' id='word_1_56' title='bbox 1163 614 1466 667; x_wconf 80' lang='lat' dir='ltr'>Septuaginta.</span> <span class='ocrx_word' id='word_1_57' title='bbox 1533 613 1650 653; x_wconf 92' lang='lat' dir='ltr'>Illud</span> 
     </span>
     <span class='ocr_line' id='line_1_8' title="bbox 180 687 1649 743; baseline -0.005 -10"><span class='ocrx_word' id='word_1_58' title='bbox 180 693 324 733; x_wconf 91' lang='lat' dir='ltr'>enim:</span> <span class='ocrx_word' id='word_1_59' title='bbox 349 692 447 732; x_wconf 90' lang='lat' dir='ltr'>“Et</span> <span class='ocrx_word' id='word_1_60' title='bbox 468 690 669 732; x_wconf 88' lang='lat' dir='ltr'>sordibus</span> <span class='ocrx_word' id='word_1_61' title='bbox 701 689 891 743; x_wconf 88' lang='lat' dir='ltr'>pulveris</span> <span class='ocrx_word' id='word_1_62' title='bbox 923 689 1034 730; x_wconf 90' lang='lat' dir='ltr'>cutis</span> <span class='ocrx_word' id='word_1_63' title='bbox 1067 701 1166 729; x_wconf 88' lang='lat' dir='ltr'>mea</span> <span class='ocrx_word' id='word_1_64' title='bbox 1197 687 1322 736; x_wconf 86' lang='lat' dir='ltr'>aruit,</span> <span class='ocrx_word' id='word_1_65' title='bbox 1348 692 1392 727; x_wconf 91' lang='lat' dir='ltr'>et</span> <span class='ocrx_word' id='word_1_66' title='bbox 1423 691 1649 727; x_wconf 80' lang='lat' dir='ltr'>contracta</span> 
     </span>
     <span class='ocr_line' id='line_1_9' title="bbox 180 759 1649 815; baseline -0.004 -10"><span class='ocrx_word' id='word_1_67' title='bbox 180 764 280 815; x_wconf 89' lang='lat' dir='ltr'>est‚&#39;’</span> <span class='ocrx_word' id='word_1_68' title='bbox 323 770 546 805; x_wconf 89' lang='lat' dir='ltr'>verterunt</span> <span class='ocrx_word' id='word_1_69' title='bbox 589 763 679 814; x_wconf 86' lang='lat' dir='ltr'>illi;</span> <span class='ocrx_word' id='word_1_70' title='bbox 733 762 1024 815; x_wconf 86' lang='lat' dir='ltr'>“Liquefacio</span> <span class='ocrx_word' id='word_1_71' title='bbox 1064 761 1217 814; x_wconf 81' lang='lat' dir='ltr'>glebas</span> <span class='ocrx_word' id='word_1_72' title='bbox 1258 767 1383 802; x_wconf 80' lang='lat' dir='ltr'>terrae</span> <span class='ocrx_word' id='word_1_73' title='bbox 1427 759 1483 800; x_wconf 88' lang='lat' dir='ltr'>de</span> <span class='ocrx_word' id='word_1_74' title='bbox 1529 759 1649 800; x_wconf 86' lang='lat' dir='ltr'>sanie</span> 
     </span>
     <span class='ocr_line' id='line_1_10' title="bbox 180 837 373 880; baseline 0 -2"><span class='ocrx_word' id='word_1_75' title='bbox 180 837 373 880; x_wconf 89' lang='lat' dir='ltr'>radens.’&#39;</span> 
     </span>
    </p>

    <p class='ocr_par' dir='ltr' id='par_1_3' title="bbox 178 908 1650 1541">
     <span class='ocr_line' id='line_1_11' title="bbox 266 908 1649 963; baseline -0.004 -11"><span class='ocrx_word' id='word_1_76' title='bbox 266 911 529 963; x_wconf 87' lang='lat' dir='ltr'>Eademque</span> <span class='ocrx_word' id='word_1_77' title='bbox 550 910 606 951; x_wconf 91' lang='lat' dir='ltr'>de</span> <span class='ocrx_word' id='word_1_78' title='bbox 634 923 767 950; x_wconf 86' lang='lat' dir='ltr'>causa</span> <span class='ocrx_word' id='word_1_79' title='bbox 795 909 962 963; x_wconf 89' lang='lat' dir='ltr'>alligari</span> <span class='ocrx_word' id='word_1_80' title='bbox 984 908 1162 950; x_wconf 89' lang='lat' dir='ltr'>vulnera</span> <span class='ocrx_word' id='word_1_81' title='bbox 1184 908 1289 961; x_wconf 88' lang='lat' dir='ltr'>ejus,</span> <span class='ocrx_word' id='word_1_82' title='bbox 1307 921 1406 960; x_wconf 76' lang='lat' dir='ltr'>quae</span> <span class='ocrx_word' id='word_1_83' title='bbox 1436 912 1649 960; x_wconf 88' lang='lat' dir='ltr'>perpetua</span> 
     </span>
     <span class='ocr_line' id='line_1_12' title="bbox 180 981 1650 1036; baseline -0.003 -11"><span class='ocrx_word' id='word_1_84' title='bbox 180 985 302 1026; x_wconf 88' lang='lat' dir='ltr'>sanie</span> <span class='ocrx_word' id='word_1_85' title='bbox 345 984 552 1033; x_wconf 83' lang='lat' dir='ltr'>fluebant,</span> <span class='ocrx_word' id='word_1_86' title='bbox 596 996 877 1036; x_wconf 87' lang='lat' dir='ltr'>nequaquam</span> <span class='ocrx_word' id='word_1_87' title='bbox 924 988 1162 1036; x_wconf 85' lang='lat' dir='ltr'>poterant:</span> <span class='ocrx_word' id='word_1_88' title='bbox 1215 995 1350 1022; x_wconf 91' lang='lat' dir='ltr'>unum</span> <span class='ocrx_word' id='word_1_89' title='bbox 1397 981 1514 1022; x_wconf 88' lang='lat' dir='ltr'>enim</span> <span class='ocrx_word' id='word_1_90' title='bbox 1557 985 1650 1020; x_wconf 87' lang='lat' dir='ltr'>erat</span> 
     </span>
     <span class='ocr_line' id='line_1_13' title="bbox 178 1053 1648 1112; baseline -0.004 -13"><span class='ocrx_word' id='word_1_91' title='bbox 178 1072 256 1112; x_wconf 89' lang='lat' dir='ltr'>per</span> <span class='ocrx_word' id='word_1_92' title='bbox 292 1064 437 1099; x_wconf 89' lang='lat' dir='ltr'>totum</span> <span class='ocrx_word' id='word_1_93' title='bbox 472 1071 629 1111; x_wconf 91' lang='lat' dir='ltr'>corpus</span> <span class='ocrx_word' id='word_1_94' title='bbox 663 1057 886 1110; x_wconf 84' lang='lat' dir='ltr'>pertinens</span> <span class='ocrx_word' id='word_1_95' title='bbox 915 1056 1083 1106; x_wconf 85' lang='lat' dir='ltr'>vulnus,</span> <span class='ocrx_word' id='word_1_96' title='bbox 1113 1069 1249 1096; x_wconf 89' lang='lat' dir='ltr'>unum</span> <span class='ocrx_word' id='word_1_97' title='bbox 1285 1060 1330 1096; x_wconf 91' lang='lat' dir='ltr'>et</span> <span class='ocrx_word' id='word_1_98' title='bbox 1362 1055 1479 1096; x_wconf 89' lang='lat' dir='ltr'>idem</span> <span class='ocrx_word' id='word_1_99' title='bbox 1514 1053 1648 1094; x_wconf 90' lang='lat' dir='ltr'>ulcus.</span> 
     </span>
     <span class='ocr_line' id='line_1_14' title="bbox 181 1127 1648 1185; baseline -0.004 -12"><span class='ocrx_word' id='word_1_100' title='bbox 181 1131 354 1185; x_wconf 79' lang='lat' dir='ltr'>Quibus</span> <span class='ocrx_word' id='word_1_101' title='bbox 387 1132 518 1184; x_wconf 88' lang='lat' dir='ltr'>igitur</span> <span class='ocrx_word' id='word_1_102' title='bbox 549 1131 694 1171; x_wconf 87' lang='lat' dir='ltr'>fasciis</span> <span class='ocrx_word' id='word_1_103' title='bbox 726 1130 987 1183; x_wconf 80' lang='lat' dir='ltr'>alligaretur,</span> <span class='ocrx_word' id='word_1_104' title='bbox 1010 1143 1109 1183; x_wconf 80' lang='lat' dir='ltr'>quae</span> <span class='ocrx_word' id='word_1_105' title='bbox 1141 1135 1356 1183; x_wconf 89' lang='lat' dir='ltr'>perpetuo</span> <span class='ocrx_word' id='word_1_106' title='bbox 1389 1127 1648 1182; x_wconf 71' lang='lat' dir='ltr'>putrefactae</span> 
     </span>
     <span class='ocr_line' id='line_1_15' title="bbox 181 1202 1648 1255; baseline -0.005 -8"><span class='ocrx_word' id='word_1_107' title='bbox 181 1219 377 1247; x_wconf 88' lang='lat' dir='ltr'>marcore</span> <span class='ocrx_word' id='word_1_108' title='bbox 410 1211 556 1246; x_wconf 85' lang='lat' dir='ltr'>essent</span> <span class='ocrx_word' id='word_1_109' title='bbox 590 1204 832 1245; x_wconf 87' lang='lat' dir='ltr'>identidem</span> <span class='ocrx_word' id='word_1_110' title='bbox 867 1202 1226 1245; x_wconf 76' lang='lat' dir='ltr'>commutandae?</span> <span class='ocrx_word' id='word_1_111' title='bbox 1259 1216 1358 1255; x_wconf 83' lang='lat' dir='ltr'>quae</span> <span class='ocrx_word' id='word_1_112' title='bbox 1393 1215 1480 1242; x_wconf 91' lang='lat' dir='ltr'>non</span> <span class='ocrx_word' id='word_1_113' title='bbox 1511 1213 1648 1241; x_wconf 87' lang='lat' dir='ltr'>unum</span> 
     </span>
     <span class='ocr_line' id='line_1_16' title="bbox 179 1275 1647 1328; baseline -0.005 -7"><span class='ocrx_word' id='word_1_114' title='bbox 179 1286 256 1321; x_wconf 87' lang='lat' dir='ltr'>aut</span> <span class='ocrx_word' id='word_1_115' title='bbox 297 1280 483 1320; x_wconf 83' lang='lat' dir='ltr'>alterum</span> <span class='ocrx_word' id='word_1_116' title='bbox 527 1278 789 1328; x_wconf 89' lang='lat' dir='ltr'>membrum,</span> <span class='ocrx_word' id='word_1_117' title='bbox 827 1278 903 1318; x_wconf 91' lang='lat' dir='ltr'>sed</span> <span class='ocrx_word' id='word_1_118' title='bbox 945 1277 1075 1317; x_wconf 92' lang='lat' dir='ltr'>simul</span> <span class='ocrx_word' id='word_1_119' title='bbox 1116 1277 1276 1326; x_wconf 87' lang='lat' dir='ltr'>omnia,</span> <span class='ocrx_word' id='word_1_120' title='bbox 1311 1281 1355 1316; x_wconf 88' lang='lat' dir='ltr'>et</span> <span class='ocrx_word' id='word_1_121' title='bbox 1396 1275 1647 1315; x_wconf 86' lang='lat' dir='ltr'>universum</span> 
     </span>
     <span class='ocr_line' id='line_1_17' title="bbox 178 1349 1648 1406; baseline -0.003 -13"><span class='ocrx_word' id='word_1_122' title='bbox 178 1367 336 1406; x_wconf 89' lang='lat' dir='ltr'>corpus</span> <span class='ocrx_word' id='word_1_123' title='bbox 371 1352 672 1393; x_wconf 83' lang='lat' dir='ltr'>devincirent?</span> <span class='ocrx_word' id='word_1_124' title='bbox 719 1365 819 1405; x_wconf 81' lang='lat' dir='ltr'>quae</span> <span class='ocrx_word' id='word_1_125' title='bbox 855 1358 1003 1392; x_wconf 87' lang='lat' dir='ltr'>autem</span> <span class='ocrx_word' id='word_1_126' title='bbox 1037 1351 1373 1398; x_wconf 87' lang='lat' dir='ltr'>medicamenta,</span> <span class='ocrx_word' id='word_1_127' title='bbox 1404 1349 1485 1389; x_wconf 88' lang='lat' dir='ltr'>nisi</span> <span class='ocrx_word' id='word_1_128' title='bbox 1524 1354 1648 1398; x_wconf 84' lang='lat' dir='ltr'>testa,</span> 
     </span>
     <span class='ocr_line' id='line_1_18' title="bbox 178 1422 1649 1478; baseline -0.003 -12"><span class='ocrx_word' id='word_1_129' title='bbox 178 1427 294 1467; x_wconf 88' lang='lat' dir='ltr'>idest</span> <span class='ocrx_word' id='word_1_130' title='bbox 329 1431 444 1466; x_wconf 84' lang='lat' dir='ltr'>terra</span> <span class='ocrx_word' id='word_1_131' title='bbox 483 1431 620 1475; x_wconf 88' lang='lat' dir='ltr'>cocta,</span> <span class='ocrx_word' id='word_1_132' title='bbox 653 1430 787 1477; x_wconf 84' lang='lat' dir='ltr'>atque</span> <span class='ocrx_word' id='word_1_133' title='bbox 828 1425 929 1478; x_wconf 83' lang='lat' dir='ltr'>igne</span> <span class='ocrx_word' id='word_1_134' title='bbox 966 1424 1135 1474; x_wconf 86' lang='lat' dir='ltr'>durata,</span> <span class='ocrx_word' id='word_1_135' title='bbox 1167 1437 1255 1476; x_wconf 88' lang='lat' dir='ltr'>qua</span> <span class='ocrx_word' id='word_1_136' title='bbox 1297 1422 1465 1463; x_wconf 88' lang='lat' dir='ltr'>saniem</span> <span class='ocrx_word' id='word_1_137' title='bbox 1508 1422 1649 1474; x_wconf 90' lang='lat' dir='ltr'>ipsam</span> 
     </span>
     <span class='ocr_line' id='line_1_19' title="bbox 178 1499 393 1541; baseline -0.009 0"><span class='ocrx_word' id='word_1_138' title='bbox 178 1499 393 1541; x_wconf 87' lang='lat' dir='ltr'>radebat?</span> 
     </span>
    </p>

    <p class='ocr_par' dir='ltr' id='par_1_4' title="bbox 178 1568 1652 2513">
     <span class='ocr_line' id='line_1_20' title="bbox 267 1568 1649 1625; baseline -0.004 -12"><span class='ocrx_word' id='word_1_139' title='bbox 267 1572 478 1614; x_wconf 87' lang='lat' dir='ltr'>Lectulus</span> <span class='ocrx_word' id='word_1_140' title='bbox 511 1585 641 1625; x_wconf 88' lang='lat' dir='ltr'>porro</span> <span class='ocrx_word' id='word_1_141' title='bbox 676 1571 817 1625; x_wconf 88' lang='lat' dir='ltr'>qualis</span> <span class='ocrx_word' id='word_1_142' title='bbox 852 1570 963 1611; x_wconf 89' lang='lat' dir='ltr'>fuit?</span> <span class='ocrx_word' id='word_1_143' title='bbox 995 1575 1113 1611; x_wconf 90' lang='lat' dir='ltr'>certe</span> <span class='ocrx_word' id='word_1_144' title='bbox 1146 1583 1233 1611; x_wconf 92' lang='lat' dir='ltr'>non</span> <span class='ocrx_word' id='word_1_145' title='bbox 1267 1568 1399 1618; x_wconf 89' lang='lat' dir='ltr'>aliud,</span> <span class='ocrx_word' id='word_1_146' title='bbox 1426 1568 1507 1608; x_wconf 87' lang='lat' dir='ltr'>nisi</span> <span class='ocrx_word' id='word_1_147' title='bbox 1541 1573 1649 1607; x_wconf 90' lang='lat' dir='ltr'>ster-</span> 
     </span>
     <span class='ocr_line' id='line_1_21' title="bbox 179 1640 1650 1700; baseline -0.005 -13"><span class='ocrx_word' id='word_1_148' title='bbox 179 1647 421 1700; x_wconf 88' lang='lat' dir='ltr'>quilinium.</span> <span class='ocrx_word' id='word_1_149' title='bbox 504 1645 578 1686; x_wconf 84' lang='lat' dir='ltr'>Sic</span> <span class='ocrx_word' id='word_1_150' title='bbox 629 1645 746 1685; x_wconf 88' lang='lat' dir='ltr'>enim</span> <span class='ocrx_word' id='word_1_151' title='bbox 799 1644 860 1684; x_wconf 89' lang='lat' dir='ltr'>ait</span> <span class='ocrx_word' id='word_1_152' title='bbox 908 1644 1159 1697; x_wconf 85' lang='lat' dir='ltr'>Scriptura:</span> <span class='ocrx_word' id='word_1_153' title='bbox 1203 1642 1419 1684; x_wconf 85' lang='lat' dir='ltr'>“Saniem</span> <span class='ocrx_word' id='word_1_154' title='bbox 1467 1640 1650 1681; x_wconf 88' lang='lat' dir='ltr'>radebat</span> 
     </span>
     <span class='ocr_line' id='line_1_22' title="bbox 179 1715 1649 1771; baseline -0.005 -11"><span class='ocrx_word' id='word_1_155' title='bbox 179 1721 337 1761; x_wconf 88' lang='lat' dir='ltr'>sedens</span> <span class='ocrx_word' id='word_1_156' title='bbox 374 1720 417 1759; x_wconf 91' lang='lat' dir='ltr'>in</span> <span class='ocrx_word' id='word_1_157' title='bbox 455 1717 762 1771; x_wconf 87' lang='lat' dir='ltr'>sterquilinio.’&#39;</span> <span class='ocrx_word' id='word_1_158' title='bbox 823 1717 895 1757; x_wconf 91' lang='lat' dir='ltr'>De</span> <span class='ocrx_word' id='word_1_159' title='bbox 923 1731 1012 1770; x_wconf 91' lang='lat' dir='ltr'>qua</span> <span class='ocrx_word' id='word_1_160' title='bbox 1047 1716 1240 1757; x_wconf 89' lang='lat' dir='ltr'>sessione</span> <span class='ocrx_word' id='word_1_161' title='bbox 1278 1715 1649 1768; x_wconf 86' lang='lat' dir='ltr'>Chrysostomus:</span> 
     </span>
     <span class='ocr_line' id='line_1_23' title="bbox 181 1787 1650 1834; baseline -0.005 0"><span class='ocrx_word' id='word_1_162' title='bbox 181 1794 348 1834; x_wconf 87' lang='lat' dir='ltr'>“Nova</span> <span class='ocrx_word' id='word_1_163' title='bbox 385 1806 466 1833; x_wconf 89' lang='lat' dir='ltr'>nec</span> <span class='ocrx_word' id='word_1_164' title='bbox 498 1793 648 1833; x_wconf 88' lang='lat' dir='ltr'>audita</span> <span class='ocrx_word' id='word_1_165' title='bbox 680 1792 814 1832; x_wconf 93' lang='lat' dir='ltr'>sessio</span> <span class='ocrx_word' id='word_1_166' title='bbox 847 1790 921 1831; x_wconf 87' lang='lat' dir='ltr'>illa</span> <span class='ocrx_word' id='word_1_167' title='bbox 952 1790 1059 1831; x_wconf 87' lang='lat' dir='ltr'>fuit:</span> <span class='ocrx_word' id='word_1_168' title='bbox 1096 1803 1227 1831; x_wconf 91' lang='lat' dir='ltr'>nemo</span> <span class='ocrx_word' id='word_1_169' title='bbox 1259 1790 1375 1829; x_wconf 89' lang='lat' dir='ltr'>enim</span> <span class='ocrx_word' id='word_1_170' title='bbox 1408 1794 1474 1829; x_wconf 90' lang='lat' dir='ltr'>est</span> <span class='ocrx_word' id='word_1_171' title='bbox 1505 1787 1650 1827; x_wconf 88' lang='lat' dir='ltr'>adhuc</span> 
     </span>
     <span class='ocr_line' id='line_1_24' title="bbox 179 1861 1650 1919; baseline -0.005 -11"><span class='ocrx_word' id='word_1_172' title='bbox 179 1869 393 1917; x_wconf 86' lang='lat' dir='ltr'>inventus,</span> <span class='ocrx_word' id='word_1_173' title='bbox 419 1867 492 1919; x_wconf 89' lang='lat' dir='ltr'>qui</span> <span class='ocrx_word' id='word_1_174' title='bbox 516 1866 665 1919; x_wconf 84' lang='lat' dir='ltr'>inopia</span> <span class='ocrx_word' id='word_1_175' title='bbox 687 1871 866 1906; x_wconf 89' lang='lat' dir='ltr'>coactus</span> <span class='ocrx_word' id='word_1_176' title='bbox 898 1865 941 1904; x_wconf 83' lang='lat' dir='ltr'>in</span> <span class='ocrx_word' id='word_1_177' title='bbox 963 1870 1153 1904; x_wconf 89' lang='lat' dir='ltr'>stercore</span> <span class='ocrx_word' id='word_1_178' title='bbox 1174 1862 1446 1904; x_wconf 89' lang='lat' dir='ltr'>domicilium</span> <span class='ocrx_word' id='word_1_179' title='bbox 1468 1861 1650 1915; x_wconf 88' lang='lat' dir='ltr'>perinde</span> 
     </span>
     <span class='ocr_line' id='line_1_25' title="bbox 178 1936 1649 1993; baseline -0.005 -11"><span class='ocrx_word' id='word_1_180' title='bbox 178 1942 381 1982; x_wconf 88' lang='lat' dir='ltr'>habuerit</span> <span class='ocrx_word' id='word_1_181' title='bbox 413 1954 586 1993; x_wconf 88' lang='lat' dir='ltr'>semper</span> <span class='ocrx_word' id='word_1_182' title='bbox 617 1940 698 1980; x_wconf 88' lang='lat' dir='ltr'>sub</span> <span class='ocrx_word' id='word_1_183' title='bbox 721 1939 806 1989; x_wconf 90' lang='lat' dir='ltr'>dio,</span> <span class='ocrx_word' id='word_1_184' title='bbox 834 1945 883 1980; x_wconf 88' lang='lat' dir='ltr'>ut</span> <span class='ocrx_word' id='word_1_185' title='bbox 914 1937 986 1978; x_wconf 91' lang='lat' dir='ltr'>ille</span> <span class='ocrx_word' id='word_1_186' title='bbox 1016 1936 1207 1978; x_wconf 87' lang='lat' dir='ltr'>habuit.&#39;’</span> <span class='ocrx_word' id='word_1_187' title='bbox 1271 1937 1486 1989; x_wconf 89' lang='lat' dir='ltr'>Idemque</span> <span class='ocrx_word' id='word_1_188' title='bbox 1517 1948 1649 1988; x_wconf 87' lang='lat' dir='ltr'>supra</span> 
     </span>
     <span class='ocr_line' id='line_1_26' title="bbox 179 2011 1650 2068; baseline -0.004 -12"><span class='ocrx_word' id='word_1_189' title='bbox 179 2017 223 2056; x_wconf 90' lang='lat' dir='ltr'>in</span> <span class='ocrx_word' id='word_1_190' title='bbox 259 2015 355 2055; x_wconf 82' lang='lat' dir='ltr'>haec</span> <span class='ocrx_word' id='word_1_191' title='bbox 392 2016 488 2068; x_wconf 88' lang='lat' dir='ltr'>ipsa</span> <span class='ocrx_word' id='word_1_192' title='bbox 525 2014 765 2067; x_wconf 79' lang='lat' dir='ltr'>Scripturae</span> <span class='ocrx_word' id='word_1_193' title='bbox 796 2013 930 2054; x_wconf 90' lang='lat' dir='ltr'>verba</span> <span class='ocrx_word' id='word_1_194' title='bbox 966 2012 1027 2052; x_wconf 89' lang='lat' dir='ltr'>sic</span> <span class='ocrx_word' id='word_1_195' title='bbox 1063 2013 1149 2052; x_wconf 88' lang='lat' dir='ltr'>ait:</span> <span class='ocrx_word' id='word_1_196' title='bbox 1183 2011 1309 2053; x_wconf 87' lang='lat' dir='ltr'>“Sed</span> <span class='ocrx_word' id='word_1_197' title='bbox 1351 2024 1427 2051; x_wconf 90' lang='lat' dir='ltr'>cur</span> <span class='ocrx_word' id='word_1_198' title='bbox 1464 2011 1506 2050; x_wconf 88' lang='lat' dir='ltr'>in</span> <span class='ocrx_word' id='word_1_199' title='bbox 1543 2015 1650 2051; x_wconf 89' lang='lat' dir='ltr'>ster-</span> 
     </span>
     <span class='ocr_line' id='line_1_27' title="bbox 179 2085 1649 2142; baseline -0.004 -12"><span class='ocrx_word' id='word_1_200' title='bbox 179 2089 363 2142; x_wconf 89' lang='lat' dir='ltr'>quilinio</span> <span class='ocrx_word' id='word_1_201' title='bbox 405 2088 618 2129; x_wconf 84' lang='lat' dir='ltr'>sedebat?</span> <span class='ocrx_word' id='word_1_202' title='bbox 666 2094 725 2137; x_wconf 87' lang='lat' dir='ltr'>ut,</span> <span class='ocrx_word' id='word_1_203' title='bbox 762 2101 863 2140; x_wconf 83' lang='lat' dir='ltr'>quae</span> <span class='ocrx_word' id='word_1_204' title='bbox 905 2100 929 2126; x_wconf 90' lang='lat' dir='ltr'>e</span> <span class='ocrx_word' id='word_1_205' title='bbox 969 2099 1150 2139; x_wconf 91' lang='lat' dir='ltr'>corpore</span> <span class='ocrx_word' id='word_1_206' title='bbox 1192 2085 1467 2134; x_wconf 89' lang='lat' dir='ltr'>decidebant,</span> <span class='ocrx_word' id='word_1_207' title='bbox 1505 2097 1649 2124; x_wconf 84' lang='lat' dir='ltr'>arenae</span> 
     </span>
     <span class='ocr_line' id='line_1_28' title="bbox 179 2157 1651 2217; baseline -0.005 -12"><span class='ocrx_word' id='word_1_208' title='bbox 179 2169 515 2217; x_wconf 85' lang='lat' dir='ltr'>contegerentur</span> <span class='ocrx_word' id='word_1_209' title='bbox 537 2161 726 2203; x_wconf 85' lang='lat' dir='ltr'>acervo.&#39;’</span> <span class='ocrx_word' id='word_1_210' title='bbox 790 2162 850 2201; x_wconf 87' lang='lat' dir='ltr'>Et</span> <span class='ocrx_word' id='word_1_211' title='bbox 882 2160 997 2200; x_wconf 90' lang='lat' dir='ltr'>hom.</span> <span class='ocrx_word' id='word_1_212' title='bbox 1021 2171 1059 2212; x_wconf 80' lang='grc'>9.</span> <span class='ocrx_word' id='word_1_213' title='bbox 1082 2159 1138 2200; x_wconf 88' lang='lat' dir='ltr'>ad</span> <span class='ocrx_word' id='word_1_214' title='bbox 1161 2158 1374 2213; x_wconf 90' lang='lat' dir='ltr'>populum</span> <span class='ocrx_word' id='word_1_215' title='bbox 1407 2157 1651 2198; x_wconf 89' lang='lat' dir='ltr'>Antioche-</span> 
     </span>
     <span class='ocr_line' id='line_1_29' title="bbox 179 2230 1650 2290; baseline -0.005 -11"><span class='ocrx_word' id='word_1_216' title='bbox 179 2252 306 2279; x_wconf 90' lang='lat' dir='ltr'>num:</span> <span class='ocrx_word' id='word_1_217' title='bbox 331 2244 350 2259; x_wconf 78' lang='lat'>‘¹</span> <span class='ocrx_word' id='word_1_218' title='bbox 370 2238 504 2278; x_wconf 90' lang='lat' dir='ltr'>Hunc</span> <span class='ocrx_word' id='word_1_219' title='bbox 526 2237 658 2290; x_wconf 89' lang='lat' dir='ltr'>igitur</span> <span class='ocrx_word' id='word_1_220' title='bbox 675 2235 890 2277; x_wconf 90' lang='lat' dir='ltr'>athletam</span> <span class='ocrx_word' id='word_1_221' title='bbox 907 2235 1062 2275; x_wconf 90' lang='lat' dir='ltr'>vestris</span> <span class='ocrx_word' id='word_1_222' title='bbox 1085 2233 1242 2274; x_wconf 87' lang='lat' dir='ltr'>animis</span> <span class='ocrx_word' id='word_1_223' title='bbox 1260 2232 1504 2282; x_wconf 88' lang='lat' dir='ltr'>informate,</span> <span class='ocrx_word' id='word_1_224' title='bbox 1523 2230 1650 2272; x_wconf 89' lang='lat' dir='ltr'>illud-</span> 
     </span>
     <span class='ocr_line' id='line_1_30' title="bbox 178 2307 1650 2367; baseline -0.006 -13"><span class='ocrx_word' id='word_1_225' title='bbox 178 2327 263 2367; x_wconf 90' lang='lat' dir='ltr'>que</span> <span class='ocrx_word' id='word_1_226' title='bbox 299 2313 495 2354; x_wconf 90' lang='lat' dir='ltr'>sordium</span> <span class='ocrx_word' id='word_1_227' title='bbox 532 2311 805 2352; x_wconf 81' lang='lat' dir='ltr'>domicilium</span> <span class='ocrx_word' id='word_1_228' title='bbox 848 2315 950 2350; x_wconf 90' lang='lat' dir='ltr'>ante</span> <span class='ocrx_word' id='word_1_229' title='bbox 988 2309 1138 2349; x_wconf 89' lang='lat' dir='ltr'>oculos</span> <span class='ocrx_word' id='word_1_230' title='bbox 1180 2307 1342 2361; x_wconf 89' lang='lat' dir='ltr'>ponite,</span> <span class='ocrx_word' id='word_1_231' title='bbox 1374 2312 1508 2359; x_wconf 91' lang='lat' dir='ltr'>atque</span> <span class='ocrx_word' id='word_1_232' title='bbox 1549 2318 1650 2347; x_wconf 90' lang='lat' dir='ltr'>eum</span> 
     </span>
     <span class='ocr_line' id='line_1_31' title="bbox 178 2380 1652 2433; baseline -0.006 -5"><span class='ocrx_word' id='word_1_233' title='bbox 178 2389 222 2428; x_wconf 89' lang='lat' dir='ltr'>in</span> <span class='ocrx_word' id='word_1_234' title='bbox 253 2387 407 2427; x_wconf 88' lang='lat' dir='ltr'>mediis</span> <span class='ocrx_word' id='word_1_235' title='bbox 443 2386 708 2427; x_wconf 89' lang='lat' dir='ltr'>stercoribus</span> <span class='ocrx_word' id='word_1_236' title='bbox 737 2384 1002 2425; x_wconf 85' lang='lat' dir='ltr'>residentem</span> <span class='ocrx_word' id='word_1_237' title='bbox 1036 2381 1303 2423; x_wconf 83' lang='lat' dir='ltr'>intuemini.’&#39;</span> <span class='ocrx_word' id='word_1_238' title='bbox 1365 2380 1486 2421; x_wconf 85' lang='lat' dir='ltr'>Talis</span> <span class='ocrx_word' id='word_1_239' title='bbox 1521 2380 1652 2433; x_wconf 90' lang='lat' dir='ltr'>igitur</span> 
     </span>
     <span class='ocr_line' id='line_1_32' title="bbox 178 2455 1649 2513; baseline -0.005 -11"><span class='ocrx_word' id='word_1_240' title='bbox 178 2466 271 2501; x_wconf 87' lang='lat' dir='ltr'>erat</span> <span class='ocrx_word' id='word_1_241' title='bbox 293 2460 435 2501; x_wconf 91' lang='lat' dir='ltr'>cultus</span> <span class='ocrx_word' id='word_1_242' title='bbox 458 2460 665 2513; x_wconf 89' lang='lat' dir='ltr'>corporis,</span> <span class='ocrx_word' id='word_1_243' title='bbox 683 2458 783 2500; x_wconf 87' lang='lat' dir='ltr'>talis</span> <span class='ocrx_word' id='word_1_244' title='bbox 806 2458 962 2512; x_wconf 78' lang='lat' dir='ltr'>aegroti</span> <span class='ocrx_word' id='word_1_245' title='bbox 979 2457 1173 2498; x_wconf 87' lang='lat' dir='ltr'>vestitus.</span> <span class='ocrx_word' id='word_1_246' title='bbox 1207 2456 1387 2496; x_wconf 90' lang='lat' dir='ltr'>Victum</span> <span class='ocrx_word' id='word_1_247' title='bbox 1410 2455 1649 2495; x_wconf 85' lang='lat' dir='ltr'>videamus.</span> 
     </span>
    </p>
   </div>
   <div class='ocr_carea' id='block_1_3' title="bbox 798 2599 1026 2626">
    <p class='ocr_par' dir='ltr' id='par_1_5' title="bbox 798 2599 1026 2626">
     <span class='ocr_line' id='line_1_33' title="bbox 798 2599 1026 2626; baseline 0 0"><span class='ocrx_word' id='word_1_248' title='bbox 798 2601 854 2626; x_wconf 89' lang='lat' dir='ltr'>DE</span> <span class='ocrx_word' id='word_1_249' title='bbox 892 2599 1026 2626; x_wconf 88' lang='lat' dir='ltr'>VICTU.</span> 
     </span>
    </p>
   </div>
   <div class='ocr_carea' id='block_1_4' title="bbox 179 2672 1650 2877">
    <p class='ocr_par' dir='ltr' id='par_1_6' title="bbox 179 2672 1650 2877">
     <span class='ocr_line' id='line_1_34' title="bbox 266 2672 1648 2726; baseline -0.005 -9"><span class='ocrx_word' id='word_1_250' title='bbox 266 2677 311 2717; x_wconf 89' lang='lat' dir='ltr'>Is</span> <span class='ocrx_word' id='word_1_251' title='bbox 333 2676 470 2717; x_wconf 86' lang='lat' dir='ltr'>tribus</span> <span class='ocrx_word' id='word_1_252' title='bbox 503 2676 609 2716; x_wconf 91' lang='lat' dir='ltr'>item</span> <span class='ocrx_word' id='word_1_253' title='bbox 642 2675 770 2716; x_wconf 87' lang='lat' dir='ltr'>rebus</span> <span class='ocrx_word' id='word_1_254' title='bbox 800 2674 1095 2715; x_wconf 89' lang='lat' dir='ltr'>circumscribi</span> <span class='ocrx_word' id='word_1_255' title='bbox 1126 2678 1302 2726; x_wconf 89' lang='lat' dir='ltr'>potest:</span> <span class='ocrx_word' id='word_1_256' title='bbox 1334 2672 1461 2721; x_wconf 88' lang='lat' dir='ltr'>fame,</span> <span class='ocrx_word' id='word_1_257' title='bbox 1485 2683 1648 2721; x_wconf 87' lang='lat' dir='ltr'>mensa,</span> 
     </span>
     <span class='ocr_line' id='line_1_35' title="bbox 179 2743 1649 2801; baseline -0.005 -11"><span class='ocrx_word' id='word_1_258' title='bbox 179 2750 396 2791; x_wconf 88' lang='lat' dir='ltr'>ministris.</span> <span class='ocrx_word' id='word_1_259' title='bbox 461 2750 621 2789; x_wconf 87' lang='lat' dir='ltr'>Fames</span> <span class='ocrx_word' id='word_1_260' title='bbox 651 2748 725 2788; x_wconf 84' lang='lat' dir='ltr'>illa</span> <span class='ocrx_word' id='word_1_261' title='bbox 757 2748 937 2801; x_wconf 89' lang='lat' dir='ltr'>quidem</span> <span class='ocrx_word' id='word_1_262' title='bbox 969 2754 1063 2788; x_wconf 88' lang='lat' dir='ltr'>erat</span> <span class='ocrx_word' id='word_1_263' title='bbox 1100 2747 1280 2799; x_wconf 89' lang='lat' dir='ltr'>ingens:</span> <span class='ocrx_word' id='word_1_264' title='bbox 1317 2745 1394 2786; x_wconf 86' lang='lat' dir='ltr'>sed</span> <span class='ocrx_word' id='word_1_265' title='bbox 1430 2758 1518 2797; x_wconf 90' lang='lat' dir='ltr'>quo</span> <span class='ocrx_word' id='word_1_266' title='bbox 1553 2743 1649 2784; x_wconf 78' lang='lat' dir='ltr'>haec</span> 
     </span>
     <span class='ocr_line' id='line_1_36' title="bbox 180 2819 1650 2877; baseline -0.005 -12"><span class='ocrx_word' id='word_1_267' title='bbox 180 2823 323 2877; x_wconf 88' lang='lat' dir='ltr'>major</span> <span class='ocrx_word' id='word_1_268' title='bbox 354 2829 398 2864; x_wconf 90' lang='lat' dir='ltr'>et</span> <span class='ocrx_word' id='word_1_269' title='bbox 430 2822 759 2872; x_wconf 85' lang='lat' dir='ltr'>intolerabilior,</span> <span class='ocrx_word' id='word_1_270' title='bbox 784 2835 837 2863; x_wconf 94' lang='lat' dir='ltr'>eo</span> <span class='ocrx_word' id='word_1_271' title='bbox 862 2827 1132 2863; x_wconf 90' lang='lat' dir='ltr'>tormentum</span> <span class='ocrx_word' id='word_1_272' title='bbox 1163 2819 1373 2868; x_wconf 86' lang='lat' dir='ltr'>acerbius,</span> <span class='ocrx_word' id='word_1_273' title='bbox 1402 2831 1489 2859; x_wconf 91' lang='lat' dir='ltr'>non</span> <span class='ocrx_word' id='word_1_274' title='bbox 1520 2831 1650 2872; x_wconf 89' lang='lat' dir='ltr'>posse</span> 
     </span>
    </p>
   </div>
  </div>
 </body>
</html>
