1903 3197
295 154 394 200 444
619 138 699 184 De
731 135 922 183 ratione
956 135 1148 182 vivendi
1180 134 1440 182 Socz'etatz's.

295 273 444 325 vigore
481 271 737 320 lentescens,
772 270 920 310 virtuti
958 270 1147 322 spiritus,
1183 282 1283 309 cum
1321 265 1557 307 necessitas
1598 256 1762 319 poscet,

297 345 599 387 obsecundare
652 358 739 384 non
790 342 987 397 poterit.''
1072 343 1184 383 Haec
1231 355 1289 381 ex
1336 338 1576 381 Cassiano}
1662 338 1764 391 Quo

296 433 506 473 responso
539 418 776 459 declaravit
807 417 1053 471 Apostolus
1088 416 1379 457 necessariam
1417 414 1637 454 interdum
1669 426 1766 453 esse

297 494 637 535 delectationem
669 493 862 545 aliquam
896 492 1029 532 etiam
1061 505 1139 544 per
1171 490 1341 540 lusum;
1377 502 1430 528 ne
1463 501 1585 528 mens
1618 493 1768 527 nostra

298 569 482 609 nimium
517 567 585 608 vel
627 580 827 607 curarum
871 567 1046 606 tristitia
1088 579 1139 605 ac
1180 564 1424 612 severitate,
1458 562 1527 602 vel
1571 567 1766 602 contem-

298 643 504 697 plationis
534 641 778 682 intentione
802 640 974 680 defessa
1001 640 1144 679 minus
1166 639 1221 679 ad
1253 651 1353 678 suas
1376 643 1481 690 apta
1509 635 1768 684 functiones,

299 732 464 771 suaque
497 730 679 757 munera
712 715 960 768 reperiatur.

385 792 537 832 Tertio
570 790 756 842 intelligi
789 794 936 842 potest
966 787 1131 827 utilitas
1163 787 1253 826 ludi
1296 801 1352 826 ex
1396 787 1491 839 ipso
1523 798 1602 824 usu
1634 789 1768 836 atque

299 867 606 920 experimento
637 863 905 916 quotidiano.
971 862 1088 900 Nam
1118 874 1217 900 cum
1248 861 1330 900 tria
1362 860 1458 909 sint,
1481 872 1579 912 quae
1613 858 1770 898 diebus

300 941 473 993 quietus
507 939 674 987 dentur,
705 936 795 975 ludi
826 935 1091 987 jucunditas,
1122 933 1254 986 paulo
1291 933 1511 973 uberiores
1548 931 1700 985 epulae,
1724 937 1768 971 et

299 1012 602 1055 collocutionis
653 1016 819 1050 mutuae
871 1014 1069 1062 potestas
1111 1007 1328 1060 amplior,
1381 1005 1500 1045 nulla
1541 1019 1585 1045 re
1628 1005 1770 1057 magis

300 1088 522 1128 defessum
565 1084 837 1139 gravioribus
875 1083 1030 1123 studiis
1068 1083 1264 1122 animum
1309 1094 1366 1120 ex
1409 1080 1630 1120 laboribus
1667 1092 1770 1119 con-

300 1162 523 1214 quiescere
558 1174 607 1200 ac
643 1158 829 1199 relaxari
868 1158 1093 1206 sentimus,
1123 1169 1255 1208 quam
1293 1155 1479 1195 honesta
1515 1154 1771 1193 remissione

301 1235 515 1284 ludorum,
552 1233 687 1273 modo
725 1233 927 1284 congruis
965 1237 1228 1283 temporum,
1261 1243 1340 1269 nec
1377 1229 1527 1269 statim
1559 1242 1585 1268 a
1619 1241 1771 1267 mensa

301 1309 508 1357 ludatur;
552 1321 653 1347 nam
693 1313 736 1346 et
774 1305 928 1345 melior
965 1305 1135 1344 duabus
1174 1303 1256 1343 illis
1294 1303 1423 1342 rebus
1461 1308 1527 1342 est
1564 1301 1691 1341 ludus
1729 1306 1773 1340 et

302 1383 615 1424 delectabilior.
679 1380 837 1421 Melior
865 1379 1044 1432 quidem
1081 1385 1132 1418 10.
1157 1378 1260 1430 quia
1290 1376 1528 1417 salubrior:
1561 1375 1771 1428 quoniam

303 1473 380 1512 per
431 1471 530 1498 eum
577 1470 733 1508 corpus
786 1454 982 1494 maxime
1025 1458 1264 1501 exercetur,
1309 1451 1550 1505 praesertim
1593 1450 1628 1489 si
1680 1449 1771 1489 ludi

302 1547 441 1586 genus
475 1530 691 1584 ejusmodi
731 1530 798 1578 sit,
829 1534 877 1568 ut
910 1528 1118 1567 membris
1156 1527 1360 1567 omnibus
1399 1531 1568 1565 motum
1606 1524 1771 1564 afferat.

305 1607 387 1647 Est
430 1606 543 1645 enim
593 1606 729 1644 instar
770 1602 1093 1651 ambulationis,
1137 1615 1223 1654 qua
1275 1614 1433 1652 corpus
1479 1612 1620 1647 omne,
1665 1598 1770 1637 dum

304 1680 507 1728 ludimus,
545 1683 803 1725 exercetur-3
855 1682 897 1715 et
935 1690 1053 1728 saepe
1096 1674 1236 1726 major
1272 1687 1322 1713 ac
1360 1672 1603 1712 diuturnior
1639 1685 1772 1723 quam

305 1753 579 1793 ambulatio:
625 1752 726 1804 quia
769 1750 996 1790 ludentem
1035 1748 1288 1800 jucunditas
1330 1746 1454 1796 fallit,
1488 1745 1775 1798 ejusdemque

306 1834 460 1868 natura
508 1827 604 1875 loci,
647 1831 694 1865 ut
737 1824 1054 1877 progressionis
1098 1828 1268 1861 motum
1311 1834 1398 1861 non
1442 1819 1773 1860 animadvertat.

307 1909 362 1942 20.
395 1901 511 1954 Quia
534 1901 693 1940 tutior:
727 1912 828 1938 nam
862 1898 905 1937 in
939 1902 1092 1937 mutua
1115 1895 1405 1936 collocutione
1427 1908 1545 1947 saepe
1577 1894 1775 1934 incidunt

305 1976 438 2016 verba
463 1976 606 2015 minus
631 1973 918 2020 considerata,
943 1978 985 2011 et
1008 1985 1106 2023 quae
1134 1970 1293 2022 saepius
1323 1969 1567 2022 poenitendi
1598 1980 1774 2008 causam

307 2051 570 2103 relinquunt,
608 2062 742 2101 quam
786 2046 1045 2087 delectandi.
1121 2045 1242 2084 Inter
1282 2043 1433 2096 epulas
1475 2049 1622 2082 autem
1664 2056 1776 2094 prae-

308 2126 456 2166 sertim
495 2124 702 2176 largiores
741 2120 916 2161 difficile
955 2125 1020 2159 est
1052 2119 1355 2172 temperantiae
1393 2117 1576 2157 modurn
1614 2123 1772 2164 tenere,

308 2206 355 2240 ut
378 2199 471 2251 ejus
502 2198 664 2237 limitas
694 2210 780 2236 non
812 2195 1012 2235 excedas.
1076 2193 1142 2233 At
1165 2194 1206 2232 in
1240 2193 1353 2232 ludis
1384 2191 1579 2231 honestis
1612 2191 1776 2231 scilicet

308 2273 519 2325 religiosis
562 2273 623 2310 ita
666 2283 789 2309 mens
832 2269 1022 2308 hominis
1067 2274 1314 2319 occupatur,
1349 2273 1396 2306 ut
1431 2280 1509 2306 nec
1551 2266 1774 2318 cogitandi

309 2361 388 2387 nec
420 2345 629 2398 loquendi
662 2344 779 2384 aliud
815 2343 894 2382 nisi
930 2342 1047 2394 quod
1081 2341 1136 2381 ad
1170 2341 1323 2380 ludum
1355 2340 1554 2392 pertInet,
1583 2339 1774 2392 spatium

308 2422 479 2462 habeat.

396 2493 713 2535 Delectabilior
747 2498 894 2532 autem
928 2497 993 2530 est
1026 2490 1116 2530 ludi
1149 2489 1375 2538 relaxatio,
1410 2502 1542 2541 quam
1575 2501 1675 2540 quae
1707 2486 1776 2527 vel

309 2568 602 2622 colloquendo
645 2567 902 2607 familiarius
939 2565 1007 2605 vel
1054 2565 1227 2604 uberius
1270 2563 1489 2617 epulando
1532 2563 1776 2615 suscipitur,

309 2644 502 2697 quinque
543 2643 722 2683 omnino
765 2642 819 2681 dc
862 2641 1012 2680 causis.
1082 2645 1132 2679 10.
1171 2639 1287 2691 Quia
1323 2638 1421 2691 plus
1452 2637 1586 2676 habet
1618 2636 1776 2676 virium

311 2719 440 2758 ludus
470 2719 512 2758 in
536 2717 764 2757 avocando
794 2715 943 2755 animo
973 2715 1028 2754 ab
1059 2713 1300 2753 intentione
1329 2724 1528 2752 curarum
1559 2724 1608 2751 ac
1640 2708 1777 2750 studi-

311 2807 447 2842 orum,
478 2806 611 2845 quam
640 2791 710 2832 vel
743 2790 977 2830 collocutio
1006 2788 1073 2828 vel
1106 2789 1254 2828 cibus:
1286 2792 1497 2840 prceterea
1529 2784 1648 2838 quod
1680 2783 1779 2837 plus

887 2876 898 2895 ³
926 2878 1009 2909 Coll.
1032 2886 1082 2917 24.
1104 2887 1130 2908 c.
1153 2885 1202 2908 21.
