1903 3197
522 151 591 198 In
625 149 843 213 ngulas
877 148 1141 195 Modestiae.
1470 150 1568 207 623

93 287 309 337 invaserit,
334 300 380 327 os
402 284 598 326 clausum
621 283 808 332 contine,
831 289 875 323 et
896 283 975 323 abs
998 289 1042 323 te
1068 280 1242 334 fugiet.’'
1305 281 1561 322 Dorotheus

97 364 185 406 Ser.
204 373 283 412 24:
306 360 457 401 “Cum
480 358 649 406 oscitaS,
664 370 770 397 cave
784 370 832 397 os
851 362 977 397 tuum
1002 356 1223 409 quispiam
1246 355 1396 396 videat
1415 370 1424 406 ;
1446 369 1567 396 com-

92 437 309 492 primente
331 442 476 475 autern
500 440 544 474 te
565 432 767 486 spiritum
790 437 928 480 tuum,
953 430 1069 471 illico
1091 429 1391 484 pertransiet.'’
1437 420 1573 471 Idem·

95 511 226 566 plane
256 511 385 551 docet
419 510 734 554 Bonaventura,
768 504 893 558 Spec.
926 505 1016 545 Dis.
1046 519 1083 558 p.
1120 516 1154 556 3.
1178 519 1210 546 e.
1242 515 1276 556 7.
1308 505 1434 545 Isaac
1468 504 1565 557 Syr.

97 600 130 627 c.
162 594 248 638 45:
291 584 440 625 “Cum
474 582 644 631 oscitas,
670 580 791 634 operi
823 593 871 620 os
903 586 1041 628 tuum,
1067 593 1122 619 ne
1158 579 1373 619 videaris:
1406 580 1569 619 retines

98 661 216 703 enim
261 659 558 712 aspirationes,
601 655 827 704 transiens,
871 654 906 694 si
957 652 1121 707 potes.''
1206 653 1377 693 Idcirco
1419 658 1570 693 autem

97 734 379 777 oscitationes
420 738 464 773 et
500 729 877 785 pandiculationes
907 728 1113 769 vitandas
1154 727 1361 769 Clemens
1404 732 1572 776 monet,

98 809 201 863 quia
233 814 334 848 sunt
366 806 580 847 instabilis
610 805 771 845 animae
803 801 1011 844 fastidia.1

190 883 294 923 Huc
321 881 465 922 referri
492 885 639 934 potest
664 879 798 920 etiam
826 878 1115 919 sternutatio:
1148 882 1196 917 ut
1222 890 1297 917 ore
1323 875 1572 929 composito

99 957 433 1004 transmittatur,
458 956 492 995 si
524 956 592 995 cui
626 954 829 1003 evenerit,
853 966 941 993 non
966 952 1147 992 diducto
1177 958 1313 1005 atque
1334 950 1499 1001 hiante,
1524 955 1574 990 ut

98 1023 298 1085 praecipit
331 1041 364 1071 2.
397 1030 420 1070 l.
454 1029 625 1082 Paedag.
662 1027 879 1069 Clemens.
944 1027 1033 1068 Ubi
1078 1032 1228 1066 monet
1267 1027 1310 1065 in
1352 1030 1574 1066 sternuta-

100 1106 295 1147 tionibus
328 1119 415 1145 non
453 1110 654 1157 oportere
689 1116 799 1143 sono
836 1101 1065 1155 proximos
1102 1102 1226 1150 ciere,
1250 1100 1324 1153 qui
1363 1100 1418 1140 de
1455 1099 1575 1140 mala

101 1180 362 1222 educatione
407 1178 708 1219 testimonium
761 1176 912 1217 ferant.
993 1175 1375 1216 “Sternutationis
1423 1179 1574 1214 autem

104 1255 347 1308 strepitum,
371 1254 445 1306 qui
479 1252 724 1300 conturbat,
757 1251 1043 1304 respiratione
1081 1249 1236 1290 leniter
1268 1262 1466 1303 repressa
1498 1254 1575 1288 aut

104 1334 274 1369 retenta
303 1327 588 1368 auferendum
619 1340 723 1366 esse.
789 1325 975 1379 Signum
999 1325 1163 1378 quippe
1194 1325 1438 1377 arrogantis
1467 1337 1576 1372 esse,

103 1404 138 1444 si
170 1403 267 1444 soni
298 1402 464 1456 aliquid
498 1400 722 1442 addatur.”

194 1484 249 1518 20.
286 1478 337 1517 In
373 1477 565 1517 ridendo.
632 1476 770 1516 Isaias
801 1474 918 1515 Abb.
944 1474 1016 1515 Or.
1044 1485 1077 1525 3.
1103 1474 1159 1514 ad
1194 1473 1367 1513 Fratres
1398 1473 1496 1525 Jun.
1521 1472 1578 1512 de

101 1552 276 1606 juniore
307 1552 438 1592 dicit:
473 1551 681 1591 “Dentes
713 1550 756 1589 in
789 1549 874 1589 risu
908 1562 1134 1601 nunquam
1164 1547 1367 1601 aperiat,”
1392 1562 1431 1600 p.
1469 1546 1578 1597 168;

106 1632 150 1667 et
183 1641 280 1680 pag.
321 1627 430 1667 166:
483 1625 591 1665 “Ne
624 1624 842 1678 aperueris
874 1638 922 1664 os
955 1630 1080 1663 tuum
1115 1628 1163 1662 ut
1194 1622 1336 1662 rideas
1368 1621 1579 1670 omnino;

109 1706 175 1742 est
211 1701 328 1741 enim
366 1701 410 1741 id
454 1700 588 1740 animi
635 1699 880 1739 solutioris:
923 1699 1062 1738 effuso
1104 1703 1252 1738 autem
1291 1697 1377 1736 risu
1419 1694 1578 1748 corripi

106 1775 281 1829 signum
315 1780 381 1815 est
413 1774 775 1827 intemperantiae,
807 1779 856 1813 ut
885 1772 1071 1812 Basilius
1103 1773 1175 1821 ait,
1205 1778 1249 1811 et
1278 1770 1397 1824 quod
1430 1776 1578 1810 motus

107 1849 242 1890 animi
266 1863 352 1889 non
376 1849 462 1889 sint
485 1846 703 1901 rep1·essi.‘'
756 1848 808 1888 In
830 1846 979 1887 Ascet.
1003 1860 1035 1887 c.
1059 1856 1118 1898 17.
1143 1845 1406 1894 Dorotheus,
1436 1844 1575 1885 Serm.

110 1935 191 1975 24:
230 1923 315 1964 “Si
338 1930 516 1963 coactus
544 1922 672 1963 fueris
706 1923 857 1971 ridere,
886 1923 995 1962 risus
1027 1927 1127 1961 tuus
1160 1926 1305 1961 careat
1334 1914 1576 1960 dentibus.''

110 1998 228 2052 Quia
250 2005 298 2039 ut
321 1999 437 2039 idem
460 1998 576 2046 dicit,
602 1997 691 2038 Ser.
718 2008 799 2038 20:
834 1997 1069 2037 “Dedecet
1092 1995 1356 2036 monachum
1379 2009 1429 2035 os
1450 2000 1578 2048 patu-

109 2074 200 2114 lum
234 2087 428 2127 unquam
466 2072 664 2113 habere.’'

200 2150 260 2190 Et
305 2149 430 2189 Isaac
475 2148 568 2202 Syr.
607 2162 640 2188 c.
678 2156 762 2199 45:
810 2146 897 2188 “Si
940 2152 1117 2187 coactus
1159 2145 1288 2186 fueris
1330 2144 1480 2193 ridere,
1524 2156 1580 2184 ne

110 2230 354 2278 appareant
377 2224 533 2264 dentes
555 2221 654 2262 tui.''
696 2221 800 2275 Ugo
819 2235 827 2262 :
850 2221 1049 2261 “Ridere
1071 2220 1202 2261 debet
1224 2220 1317 2260 sine
1338 2218 1581 2273 aperitione

113 2296 348 2340 dentium.‘'

201 2374 524 2422 Bonaventura,
557 2371 682 2426 Spec.
719 2371 835 2412 Disc.
870 2385 909 2424 p.
946 2381 979 2422 3.
1014 2384 1046 2410 c.
1081 2380 1134 2422 7:
1172 2369 1311 2410 “Non
1348 2368 1450 2409 licet
1487 2366 1583 2408 reli-

114 2448 285 2499 giosum
327 2448 466 2487 virum
509 2445 732 2487 dissolutis
781 2445 907 2486 labiis
949 2445 1082 2484 risum
1125 2443 1325 2498 proferre.
1389 2441 1579 2482 Foedum

112 2527 181 2561 est
203 2521 319 2560 enirn
348 2521 502 2561 dentes
531 2534 650 2574 saepe
679 2519 897 2560 marcidos
925 2533 975 2559 ac
998 2525 1134 2559 tetros
1160 2518 1203 2558 in
1225 2518 1312 2557 risu
1334 2516 1579 2565 ostendere,

113 2595 355 2648 praesertim
398 2595 432 2634 si
474 2594 571 2647 quis
616 2594 726 2634 dens
776 2593 894 2634 absit
935 2599 1063 2633 extra
1104 2593 1301 2633 ordinem
1352 2603 1493 2639 suum,
1535 2594 1582 2629 et

115 2669 277 2710 vallum
310 2675 532 2722 appareat,
556 2674 601 2708 et
623 2682 810 2709 caverna
839 2668 1057 2721 quaedam,
1081 2681 1133 2707 eo
1156 2666 1315 2707 foedior
1335 2664 1416 2705 erit
1438 2660 1583 2704 risus.’'

204 2743 336 2783 Risus
378 2750 525 2783 autem
567 2756 624 2783 an
667 2742 918 2795 religiosum
960 2742 1115 2782 deceat
1157 2741 1222 2794 (ut
1272 2739 1356 2780 hoc
1407 2737 1584 2778 interim

114 2816 478 2871 perstringamus)
530 2822 574 2858 et
625 2816 779 2870 qualiS,
830 2815 1123 2857 consulendus
1173 2819 1240 2855 est
1300 2811 1489 2854 Basilius
1541 2811 1586 2852 in

652 2905 665 2926 ¹
691 2907 729 2940 L.
751 2915 782 2940 2.
803 2907 936 2949 Paedag.
956 2917 984 2939 c.
1004 2914 1034 2947 9.
