1903 3197
699 194 779 240 De
815 194 859 241 C
855 196 1058 242 astz'tate.
1521 211 1546 255 3
1557 210 1578 240 2
1591 208 1614 254 7

150 323 328 377 ‘flagella
358 323 545 364 clamat:
578 323 765 364 ‘Infelix
798 338 879 377 ego
911 325 1057 376 homo,
1085 327 1181 379 quis
1218 341 1288 367 me
1325 327 1527 367 liberabit
1558 327 1615 367 de

151 410 333 450 corpore
355 398 506 437 mortis
528 397 657 449 hujus
670 396 718 448 ;’1
735 404 782 438 tu
801 405 845 438 te
867 405 1042 451 reputas
1066 413 1265 439 securum
1289 414 1383 440 esse
1401 398 1614 440 debere?’'

153 470 249 510 Nec
289 471 446 510 mirum
481 471 599 523 quod
637 471 940 524 Hieronymus
973 472 1033 512 ita
1065 473 1236 521 sentiat,
1259 473 1332 524 qui
1365 472 1448 513 hoc
1480 473 1613 513 etiam

150 544 403 597 agitabatur
443 544 631 592 stimulo,
668 550 716 584 ut
757 545 814 585 ad
856 545 1043 585 eandem
1087 545 1377 585 Eustochium
1421 547 1612 586 scribens

150 615 206 656 de
251 630 297 657 se
348 618 444 669 ipso
497 616 665 658 fatetur.
749 619 965 658 Praeterea
1009 618 1287 670 Augustinus
1339 631 1426 658 non
1479 619 1614 658 semel

151 690 368 743 significat
418 691 461 729 in
515 690 652 731 Paulo
699 691 831 732 fuisse
882 697 1029 732 motus
1080 691 1458 744 concupiscentiae,
1502 705 1613 743 quos

149 770 299 804 tamen
342 764 504 804 Divina
548 765 689 817 gratia
731 766 987 806 refrenabat.
1050 766 1227 815 Verum,
1261 771 1305 805 et
1345 765 1430 804 hoc
1471 764 1614 804 obiter

149 836 316 876 dictum
363 837 431 886 sit,
474 837 545 877 alii
591 838 718 879 aliter
767 839 889 879 Pauli
950 839 1095 879 locum
1142 839 1509 892 interpretantur;
1562 851 1614 878 ac

150 908 493 962 Chrysostomus
544 912 734 964 quidem,
778 913 1096 963 Theodoretus,
1140 918 1184 953 et
1229 912 1301 953 alii
1347 925 1434 952 non
1485 912 1613 964 pauci

146 983 271 1024 aiunt
298 982 415 1025 hunc
441 986 484 1024 in
515 986 650 1026 Paulo
673 987 899 1027 stimulum
929 987 1060 1027 fuisse
1082 987 1363 1027 afflictionem
1387 986 1612 1038 quandam

145 1070 207 1097 ex
247 1059 624 1110 persecutionibus
665 1061 764 1101 suis.
860 1060 983 1102 Sicut
1029 1061 1147 1101 idem
1189 1060 1437 1113 Apostolus
1478 1060 1614 1100 tribu-

145 1129 356 1171 lationem
393 1132 532 1172 carnis
568 1133 825 1174 afflictiones
861 1140 905 1174 et
938 1134 1253 1175 sollicitudines
1282 1131 1441 1173 vocat.2
1494 1132 1613 1173 Con·

147 1205 279 1244 traria
309 1210 457 1245 tamen
488 1207 715 1256 sententia,
738 1213 962 1248 tantorum
995 1208 1173 1248 Patrum
1204 1208 1466 1247 auctoritate
1494 1207 1612 1257 nixa,

147 1278 457 1330 probabilitate
509 1293 596 1320 non
655 1288 782 1330 caret,
836 1288 885 1321 ut
935 1281 1232 1334 intelligamus
1286 1294 1341 1320 ne
1396 1280 1613 1333 perfectos

145 1351 325 1403 quidem
356 1352 470 1392 viros
505 1354 561 1393 ab
594 1353 675 1394 hac
718 1369 867 1408 pugna
904 1356 1072 1405 eximi;
1117 1356 1206 1394 imo
1248 1355 1299 1393 iis
1336 1367 1454 1406 saepe
1484 1353 1613 1394 vehe-

146 1425 407 1465 mentiorem
440 1427 740 1480 acrioremque
773 1429 978 1481 permitti,
1013 1430 1074 1468 uti
1115 1429 1265 1469 Sancti
1306 1429 1455 1468 Patres
1487 1428 1613 1468 nobis

145 1498 427 1540 tradiderunt.
503 1500 640 1553 Cujus
688 1502 797 1542 ratio
849 1502 953 1555 ipsis
1007 1502 1207 1542 Patribus
1257 1501 1422 1554 triplex
1469 1502 1612 1542 afferri

147 1577 306 1624 potest.

234 1646 380 1686 Prima
420 1648 531 1687 ratio
573 1654 639 1688 est
680 1649 782 1700 quia
823 1649 901 1688 viri
944 1648 1124 1701 perfecti
1167 1648 1380 1701 majorem
1433 1662 1611 1688 causam

146 1719 329 1759 tumoris
366 1720 531 1760 habent
559 1727 602 1761 et
636 1722 848 1771 elationis,
875 1735 974 1761 cum
1009 1722 1291 1762 multitudine
1319 1736 1370 1762 ac
1401 1722 1613 1762 varietate

145 1792 357 1832 virtutum
419 1793 651 1834 excellant.
745 1795 853 1835 Ideo
915 1795 1086 1843 Paulus,
1139 1796 1173 1834 si
1226 1809 1283 1834 ex
1349 1795 1612 1847 Hieronymi

146 1866 364 1906 sententia
405 1867 544 1906 carnis
596 1882 686 1907 suae
733 1869 954 1908 sentiebat
995 1868 1181 1917 aculeos,
1226 1869 1341 1908 hunc
1384 1868 1613 1908 stimulum

147 1939 301 1978 datum
335 1939 416 1979 sibi
452 1954 546 1980 esse
582 1941 700 1990 dicit,
737 1955 791 1981 ne
828 1943 1089 1994 magnitudo
1121 1942 1436 1982 revelationum
1469 1928 1613 1995 ipsum

147 2011 299 2052 efferat
327 2018 371 2052 et
404 2013 619 2065 extollat3
653 2020 697 2054 et
730 2015 917 2056 Sanctus
952 2015 1204 2055 Diadocus:
1238 2016 1309 2056 De
1345 2015 1613 2068 perfectione

144 2085 372 2138 spirituali,
406 2086 449 2126 id
492 2087 617 2127 nobis
658 2088 831 2128 disertis
872 2089 1017 2129 verbis
1059 2089 1261 2129 ostendit.
1339 2089 1451 2129 Cum
1495 2091 1611 2130 enim

144 2158 375 2208 docuisset,
419 2160 601 2200 devictis
643 2162 848 2201 omnibus
890 2162 1180 2215 passionibus,
1223 2162 1310 2202 duo
1352 2169 1514 2203 restare
1554 2163 1611 2203 ad

143 2231 433 2285 perfectorum
467 2247 667 2286 agonem,
699 2235 840 2275 zelum
875 2235 1041 2275 scilicet
1078 2236 1377 2288 importunum
1410 2236 1612 2288 placendi

144 2305 254 2355 Deo,
278 2311 322 2346 et
351 2307 600 2347 molestiam
633 2322 723 2348 suae
755 2309 925 2360 carnis;
961 2308 1090 2362 hujus
1123 2309 1376 2362 posterioris
1399 2310 1613 2349 rationem

144 2379 272 2420 affert
316 2379 458 2420 hanc:
513 2380 668 2433 “Quia
716 2383 881 2432 caedit,’‘
926 2383 1078 2435 inquit,
1124 2387 1146 2403 “
1170 2383 1306 2433 Deus,
1348 2397 1448 2423 cum
1495 2384 1611 2423 enim

143 2451 335 2504 aliquem
386 2454 430 2493 in
492 2468 674 2495 numero
736 2455 997 2496 luctantium
1060 2455 1342 2496 multitudine
1397 2457 1611 2496 virtutum

143 2524 435 2566 excellentem
487 2541 581 2567 esse
628 2528 761 2578 videt,
817 2529 1032 2581 permittit
1085 2543 1186 2569 eum
1239 2530 1506 2582 quandoque
1557 2530 1613 2570 ab

143 2596 395 2649 hujusmodi
445 2600 649 2641 daemone
701 2601 869 2651 foedari,
923 2608 972 2642 ut
1023 2604 1251 2643 existimet
1310 2617 1357 2643 se
1407 2603 1612 2643 omnibus

143 2671 390 2712 viventibus
430 2674 654 2724 viliorem;
707 2682 750 2716 et
800 2676 999 2729 profecto
1040 2676 1109 2716 vel
1153 2677 1354 2717 molestia
1396 2677 1611 2729 passionis

146 2745 342 2797 sequitur
391 2753 506 2787 recte
557 2748 684 2798 facta,
727 2749 795 2789 vel
843 2756 959 2790 recte
1012 2749 1128 2790 facta
1176 2751 1409 2798 antecedit,
1453 2755 1501 2789 ut
1542 2749 1611 2789 vel

140 2831 224 2871 per
282 2820 653 2873 anticipationem,
705 2822 774 2862 vel
834 2837 912 2875 per
971 2824 1329 2863 subsecutionem
1392 2823 1608 2876 passionis

601 2908 613 2928 ¹
639 2910 737 2943 Rom.
760 2918 786 2951 7.
925 2910 938 2929 ²
964 2920 990 2943 1.
1012 2912 1087 2943 Cor.
1109 2918 1138 2952 7.
