1903 3197
524 187 587 233 In
621 186 837 248 Regulas
870 187 1129 234 [Wodeslz‘ae.
1469 190 1565 247 629

105 321 256 374 inquit,
281 320 504 360 “maxime
525 320 569 359 in
587 326 803 360 conventu
822 320 1097 361 dissimulare
1118 327 1162 361 te
1184 320 1321 371 decet,
1340 321 1564 374 quandam

105 396 148 435 in
171 395 280 435 facie
301 394 565 435 hilaritatem
593 395 872 447 praetendens
892 409 901 445 3
935 396 1139 448 privatim
1169 402 1316 436 autem
1340 409 1565 449 nunquam

104 469 250 510 vultus
273 471 316 509 in
338 469 508 509 diversa
530 468 769 508 mutetur:”
793 475 896 508 tom.
923 480 957 509 2.
983 484 1020 522 p.
1047 481 1140 520 242.
1164 470 1222 510 lit.
1249 470 1294 509 B.

192 543 346 584 Talem
365 544 496 583 fuisse
518 544 560 582 in
579 556 813 595 congressu
833 543 916 583 Dei
936 543 1141 593 Matrem,
1160 544 1334 594 scilicet,
1351 558 1564 597 perquam

104 618 336 668 affabilem,
366 618 515 658 scribit
547 631 604 657 ex
643 617 893 670 Epiphanio
931 617 1218 671 Nicephorus,
1253 619 1365 659 Hist.
1399 620 1565 659 Eccles.

102 707 136 733 c.
162 704 226 743 23.

162 766 251 808 Sed
284 780 383 807 cum
420 766 623 806 omnibus
655 767 898 807 necessaria
934 772 1000 806 est
1032 766 1126 808 haec
1158 767 1368 808 serenitas
1401 768 1568 818 frontis,

102 847 198 881 tum
221 842 272 880 iis
294 841 368 894 qui
391 847 586 893 praesunt
607 842 774 880 caeteris
798 856 806 891 3
840 855 942 881 nam
972 841 1006 881 si
1029 841 1086 881 ad
1109 842 1339 895 imperium
1363 843 1569 883 severitas

101 916 247 956 vultus
280 916 471 965 accedat,
495 916 592 968 quis
624 929 697 955 eos
730 916 838 955 ferre
869 916 1039 969 possit?
1070 922 1147 956 aut
1177 931 1265 969 quo
1295 917 1442 958 animo
1475 931 1570 958 esse

101 990 273 1043 possint
304 990 331 1029 ii
365 991 438 1042 qui
471 996 638 1043 parent,
661 991 695 1030 si
727 1004 905 1031 suorum
938 992 1269 1032 moderatorum
1302 991 1448 1032 vultus
1480 1006 1568 1032 non

104 1065 248 1104 dicam
271 1065 427 1114 tristes,
451 1065 527 1104 sed
551 1065 694 1104 minus
717 1065 930 1118 benignos
954 1066 1202 1118 aspiciant?

190 1138 442 1192 Xenophon
485 1139 663 1192 quidem
711 1139 973 1192 praeliantes,
1016 1147 1092 1180 aut
1133 1140 1229 1181 aliis
1273 1142 1316 1181 in
1367 1141 1570 1194 periculis

96 1213 365 1253 constitutos
395 1213 554 1253 milites
587 1213 745 1262 scribit,
769 1214 862 1254 viso
887 1214 1086 1255 Clearchi
1107 1215 1282 1268 placido
1305 1230 1355 1256 ac
1378 1216 1568 1268 benigno

101 1286 236 1337 vultu,
255 1287 540 1327 animosiores
563 1286 695 1327 fuisse
717 1287 921 1328 redditos.
973 1287 1090 1340 Quia
1108 1289 1365 1342 imperantis
1383 1291 1568 1342 aequitas

101 1375 154 1401 ac
195 1362 404 1401 serenitas
440 1361 586 1401 vultus
624 1362 795 1401 animos
829 1362 953 1402 addit
990 1363 1041 1402 iis
1073 1364 1147 1415 qui
1184 1371 1351 1416 parent,
1384 1371 1479 1404 tum
1511 1365 1568 1405 ad

101 1435 359 1488 parendum,
381 1442 476 1475 tum
500 1436 555 1475 ad
579 1435 757 1476 ferenda
779 1450 907 1488 aequo
929 1438 1077 1477 animo
1100 1439 1258 1478 omnia.

189 1510 340 1550 Tertia
369 1524 509 1550 causa.
573 1510 649 1550 Ad
682 1512 1016 1563 temperandam
1047 1513 1347 1552 maturitatem
1381 1514 1569 1566 gravita-

101 1590 282 1637 temque
310 1598 443 1637 quam
474 1584 686 1637 religiosis
715 1585 912 1625 diximus
941 1600 1034 1626 esse
1064 1587 1366 1636 necessariam,
1390 1588 1569 1627 studen-

103 1658 210 1698 dum
233 1663 300 1698 est
324 1658 532 1698 hilaritati
556 1658 718 1698 frontis.
783 1659 936 1699 Posset
959 1660 1076 1699 enim
1101 1660 1199 1712 jure
1221 1661 1409 1713 cuipiam
1431 1661 1567 1701 videri

103 1738 180 1772 aut
220 1731 407 1772 molesta
447 1733 650 1785 gravitas,
694 1739 770 1772 aut
811 1732 1048 1782 fastidiosa,
1101 1735 1136 1773 si
1188 1734 1340 1774 frontis
1392 1749 1567 1788 quoque

103 1806 291 1856 tristitia,
328 1806 622 1858 severitasque
656 1806 802 1846 vultus
833 1808 1070 1848 accederet.
1134 1807 1267 1861 Quod
1300 1810 1443 1862 ipsum
1478 1810 1568 1850 ani-

104 1880 341 1920 madvertit
375 1880 694 1929 Bonaventura,
725 1881 780 1920 de
818 1881 993 1921 Proced.
1026 1881 1166 1934 Relig.
1197 1896 1230 1922 c.
1261 1894 1296 1923 2.
1373 1884 1568 1936 “Benig-

105 1954 255 2003 nitas,'’
279 1955 431 2007 inquit,
457 1955 656 1995 “scilicet
677 1955 833 2004 vultus,
858 1956 961 1996 facit
992 1970 1047 1995 ne
1069 1963 1242 1997 austera
1264 1964 1306 1997 et
1329 1958 1568 2011 dedignata

106 2034 286 2082 putetur
346 2028 511 2069 scilicet
560 2030 751 2082 gravitas
815 2036 858 2069 et
909 2032 1148 2071 maturitas.
1241 2032 1365 2073 Sicut
1415 2038 1569 2074 contra

107 2103 370 2152 maturitaS‚'’
416 2103 568 2156 inquit,
612 2107 867 2157 “temperat
907 2105 1237 2158 benignitatem,
1281 2120 1335 2147 ne
1376 2107 1482 2147 levis
1524 2114 1568 2148 et

106 2177 337 2218 carnaliter
390 2177 633 2227 blandiens,
676 2178 745 2218 vel
796 2179 1041 2219 adulatoria
1092 2180 1364 2233 applaudens
1416 2183 1568 2222 existi-

101 2251 279 2293 metur.’'

194 2326 253 2366 Et
300 2327 345 2366 B.
379 2326 647 2377 Vincentius,
682 2328 824 2368 Tract.
866 2327 976 2381 Spir.
1059 2329 1380 2382 “Spiritualis‚’'
1413 2332 1565 2386 inquit,

104 2400 298 2440 “laetitia
339 2401 381 2440 in
430 2402 653 2453 quandam
704 2403 971 2442 convertitur
1019 2402 1254 2455 levitatem,
1297 2406 1378 2446 nisi
1430 2406 1566 2448 fraeno

105 2474 380 2514 discretionis
423 2482 547 2515 actus
594 2477 909 2529 comprimatur
950 2479 1231 2528 extrinsecus,
1276 2480 1439 2521 scilicet
1488 2496 1568 2535 per

104 2548 368 2601 gravitatem
398 2555 441 2588 et
470 2551 818 2591 maturitatem:’'
845 2566 883 2604 p.
906 2562 998 2603 347.
1060 2553 1216 2593 Talem
1239 2568 1414 2607 quoque
1435 2556 1568 2597 fuisse

106 2622 192 2662 Dei
234 2622 426 2663 Matrem
464 2625 682 2677 significat
724 2626 1027 2666 Damascenus
1063 2628 1118 2667 de
1155 2629 1264 2668 Mar.
1299 2629 1399 2669 Nat.
1436 2645 1494 2672 or.
1534 2643 1565 2672 1.

106 2710 206 2737 cum
240 2697 302 2736 ait
336 2711 478 2737 mores
516 2699 608 2750 ejus
650 2699 782 2740 fuisse
818 2714 1001 2751 severos,
1036 2708 1168 2753 atque
1202 2703 1420 2744 hilaritate
1457 2712 1566 2746 tem-

105 2776 291 2824 peratos.
375 2772 566 2812 “Mores
609 2773 736 2825 ejus,”
780 2775 931 2827 inquit,
972 2777 1142 2816 “severi
1180 2783 1312 2829 atque
1347 2778 1567 2820 hilaritate

103 2846 365 2898 temperati:
407 2846 601 2887 hilaritas
636 2848 798 2889 scilicet
831 2850 917 2889 oris
951 2851 1211 2902 gravitatem
1250 2866 1421 2893 morum
1459 2860 1569 2895 tem-

103 2919 322 2973 perabat.''
