1903 3197
504 211 571 257 In
606 209 823 273 Regulus
856 208 930 255 M
923 208 1118 256 odesliae.
1447 211 1542 268 635

82 346 279 386 tristatus
310 349 377 385 est
398 358 455 384 ex
487 344 562 384 lini
593 343 692 383 oleo
723 348 888 396 potato.
951 342 1069 395 Quia
1097 355 1250 383 omnes
1273 342 1422 382 omnia
1443 355 1548 394 quae

82 419 144 460 eis
188 418 436 459 acciderant
476 423 691 470 tanquam
733 430 759 456 a
802 417 901 456 Deo
948 417 1082 456 missa
1126 422 1261 469 atque
1306 417 1549 469 importata.

81 498 388 546 cognoverant.

171 567 273 607 Huc
303 566 408 607 facit
443 565 550 606 illud
584 565 777 614 Senecae,
801 565 883 617 Ep.
907 574 989 616 77:
1016 565 1131 604 “Vir
1160 565 1303 605 bonus
1335 564 1546 617 quicquid

81 640 142 682 illi
173 641 390 690 acciderit,
414 654 542 693 aequo
573 640 721 680 animo
750 639 1009 688 sustinebit;
1041 639 1148 679 sciet
1170 639 1286 679 enim
1317 638 1402 678 hoc
1431 639 1549 680 acci-

81 715 198 756 disse
228 715 324 768 lege
354 714 513 762 divina,
537 728 594 754 ex
624 727 711 766 qua
742 714 944 753 universa
974 711 1253 765 procedunt.”

165 795 224 840 40.
259 788 414 830 Oratio
447 789 580 828 etiam
618 787 807 828 multum
843 787 978 828 habet
1009 787 1065 827 ad
1101 785 1370 839 gignendam
1407 786 1547 826 animi

78 862 280 903 laetitiam
321 862 488 903 roboris
527 876 579 902 ac
621 862 845 902 momenti.
932 867 985 901 10.
1023 862 1126 914 quia
1167 860 1399 901 collocutio
1448 860 1548 913 ipsa.

79 950 180 977 cum
214 937 312 978 Deo
345 936 458 977 hanc
490 936 626 977 habet
649 937 764 977 vim:
799 950 901 976 nam
935 936 971 975 si
1004 934 1223 987 colloquia
1256 948 1355 974 cum
1390 934 1547 974 amicis

79 1017 156 1052 aut
184 1012 352 1060 sedant,
384 1018 461 1052 aut
491 1012 748 1064 abstergunt
776 1011 909 1051 animi
942 1010 1177 1058 tristitiam,
1202 1015 1368 1062 quanto
1401 1009 1546 1061 magis

79 1086 288 1126 orationis
339 1085 536 1136 dulcedo,
578 1085 621 1125 in
665 1099 752 1138 qua
802 1099 902 1125 cum
955 1085 1054 1125 Deo
1104 1084 1448 1124 sermocinamur
1498 1088 1544 1124 et

79 1160 285 1213 agimus?
359 1159 518 1200 Dulcia
553 1159 669 1199 enim
707 1164 809 1199 sunt
845 1158 1020 1211 eloquia
1061 1158 1242 1198 Domini
1285 1171 1414 1210 super
1454 1157 1544 1198 mel

79 1234 142 1274 ori
166 1247 291 1283 meo;
328 1240 377 1274 ut
405 1234 466 1274 ait
494 1233 652 1282 David,
678 1232 786 1273 Psal.
817 1234 905 1272 118.
930 1238 974 1272 et
996 1233 1052 1272 ad
1075 1231 1392 1272 consolandum
1423 1237 1538 1284 apta.

81 1307 206 1349 Cant.
238 1317 287 1358 5:
322 1307 523 1348 “Anima
560 1321 659 1347 mea
695 1307 931 1360 liquefacta
962 1313 1038 1355 est,
1071 1313 1119 1346 ut
1150 1306 1335 1346 dilectus
1368 1305 1542 1346 locutus

78 1382 179 1422 est.'’
248 1381 364 1422 Eccl.
395 1391 474 1432 35:
507 1381 629 1434 “Qui
666 1382 821 1422 adorat
853 1381 1011 1430 Deum,
1043 1381 1086 1420 in
1118 1380 1412 1420 oblectatione
1448 1393 1542 1420 sus-

77 1455 244 1509 cipiet.’'
305 1456 392 1508 Job
430 1457 480 1496 8:
518 1455 602 1496 “Si
639 1455 831 1495 diluculo
863 1454 1186 1495 consurrexeris
1218 1454 1274 1494 ad
1312 1454 1459 1493 Deum
1497 1459 1542 1494 et

78 1531 427 1584 omnipotentem
465 1529 595 1569 fueris
629 1530 887 1582 deprecatus
919 1562 926 1568 .
961 1563 968 1569 .
1003 1562 1010 1568 .
1044 1529 1193 1568 statim
1226 1528 1450 1580 evigilabit
1481 1527 1539 1567 ad

77 1612 133 1655 te,
156 1611 200 1645 et
231 1611 437 1658 pacatum
470 1604 624 1644 reddet
655 1603 955 1643 habitaculum
988 1602 1149 1650 tuum,''
1183 1603 1342 1642 mentis
1375 1602 1541 1642 scilicet

78 1680 312 1731 animique,
335 1679 409 1731 qui
441 1679 559 1732 prius
591 1679 841 1732 agitabatur
871 1677 1170 1717 molestiarum
1193 1677 1334 1716 ventis
1367 1682 1410 1716 et
1441 1690 1540 1729 pro-

78 1755 187 1796 cella
229 1755 426 1794 tristitiae.
511 1754 567 1793 2⁰.
615 1753 732 1806 Quia
773 1758 816 1792 et
858 1753 901 1791 in
948 1752 1145 1792 oratione
1191 1751 1540 1791 communicatur

78 1829 306 1869 nobiscum
360 1827 549 1880 Spiritus
598 1826 694 1876 Dei,
737 1826 859 1878 cujus
906 1832 972 1865 est
1022 1825 1220 1865 laetitiam
1268 1825 1447 1874 efficere,
1491 1830 1541 1865 ut

77 1917 196 1956 saepe
233 1902 325 1955 jam
368 1903 575 1950 diximus,
610 1908 654 1941 et
691 1901 793 1953 quia
830 1901 1006 1940 devotio
1048 1914 1180 1952 quam
1224 1901 1363 1940 oratio
1404 1900 1541 1940 habet

77 1977 345 2029 adjunctam,
378 1976 577 2015 laetitiam
615 1976 767 2029 gignit,
804 1981 851 2014 ut
887 1976 948 2015 ait
985 1975 1037 2014 D.
1062 1974 1217 2014 Thom.
1283 1974 1342 2014 Et
1380 1974 1538 2023 David,

78 2051 187 2092 Psal.
213 2051 292 2101 83:
326 2050 450 2091 “Cor
477 2042 625 2089 meum
656 2056 699 2089 et
724 2063 825 2089 caro
855 2063 953 2089 mea
982 2048 1291 2089 exultaverunt
1316 2050 1358 2088 in
1390 2049 1537 2088 Deum

74 2125 256 2175 vivum,''
281 2130 324 2165 et
352 2125 461 2165 Psal.
485 2125 538 2164 62
559 2141 566 2165 :
590 2124 752 2165 “Sicut
785 2124 914 2177 adipe
947 2130 990 2163 et
1021 2125 1287 2177 pinguedine
1320 2124 1539 2176 repleatur

74 2201 221 2241 anima
251 2213 360 2249 mea,
383 2206 426 2239 et
448 2199 574 2239 labiis
606 2199 890 2239 exultationis
923 2199 1119 2239 laudabit
1151 2213 1199 2238 os
1231 2198 1414 2238 mcum.”
1479 2198 1539 2238 Et

75 2276 210 2316 Anna
236 2280 377 2314 mater
406 2273 623 2314 Samuelis
653 2280 754 2327 post
775 2275 1018 2314 orationem
1048 2274 1235 2313 clamat:
1268 2273 1539 2313 “Exultavit

74 2363 149 2390 cor
180 2362 326 2389 meum
360 2349 402 2387 in
435 2347 667 2397 Domino‚'’
691 2354 768 2389 etc.
833 2348 892 2388 Et
914 2349 968 2388 de
1000 2349 1155 2388 eadem
1178 2349 1336 2388 dicitur
1363 2359 1377 2386 Ι
1406 2348 1538 2400 Reg.:

28 2477 33 2483 ι
75 2424 277 2464 “Vultus
327 2422 440 2462 illius
492 2437 579 2462 non
632 2429 735 2462 sunt
786 2423 975 2476 amplius
1026 2424 1069 2463 in
1122 2423 1291 2463 diversa
1343 2421 1536 2462 mutati.’'

77 2504 132 2548 30.
186 2496 302 2549 Quia
343 2498 482 2537 oratio
525 2496 718 2549 complet
764 2511 844 2537 nos
890 2498 1006 2537 bona
1052 2511 1137 2550 spe.
1223 2497 1335 2537 Haec
1386 2502 1535 2536 autem

75 2584 252 2611 omnem
293 2570 407 2610 tollit
448 2585 505 2610 ex
546 2572 694 2610 animo
738 2585 1002 2621 moerorem;
1053 2586 1155 2611 nam
1198 2573 1253 2611 de
1294 2586 1346 2611 ea
1388 2571 1536 2611 David

75 2645 185 2685 Psal.
221 2645 329 2684 118:
366 2647 386 2663 ‘¹
406 2645 518 2684 Haec
560 2659 631 2685 me
673 2646 900 2686 consolata
941 2652 1007 2686 est
1048 2648 1092 2686 in
1134 2646 1382 2686 humilitate
1423 2659 1533 2694 mea,

73 2719 176 2772 quia
217 2718 440 2771 eloquium
481 2724 606 2758 tuum
643 2719 880 2760 vivificavit
921 2720 1025 2760 me.”
1095 2720 1154 2760 Et
1191 2721 1355 2760 Tobias
1396 2734 1535 2760 senex

73 2799 174 2846 post
215 2792 457 2832 orationem
508 2792 778 2833 confortatus
829 2800 873 2834 et
924 2794 1208 2834 confirmatus
1251 2801 1435 2847 apparet
1476 2808 1534 2834 ex

69 2881 147 2920 spe
169 2867 381 2906 revisendi
403 2865 490 2915 filii,
514 2881 546 2907 c.
573 2876 591 2917 5
613 2881 621 2907 :
661 2867 836 2917 “Noli,”
860 2869 1003 2921 inquit
1024 2869 1079 2908 ad
1107 2868 1349 2921 conjugem,
1369 2872 1389 2887 “
1404 2869 1533 2919 fiere;

69 2940 214 2982 salvus
249 2940 473 2993 perveniet
508 2940 622 2980 filius
659 2941 842 2990 noster‚''
872 2948 950 2982 etc.
1027 2942 1086 2982 Et
1124 2943 1234 2984 Sara
1270 2949 1371 2995 post
1402 2943 1534 2984 tridui
