1903 3197
419 180 499 226 De
530 196 577 225 sc
610 179 805 225 invicem
841 175 1210 238 manifestando.
1468 191 1484 221 1
1499 178 1560 234 63

94 315 213 368 piam
257 314 295 354 ei
338 312 555 353 adversari
599 309 888 364 perspexerit,
934 323 1022 349 non
1064 309 1219 358 silebit,
1262 308 1339 349 sed
1382 322 1445 355 eo,
1488 307 1562 360 qui

96 393 292 440 praesunt
325 386 503 434 caeteris,
535 385 804 425 admonebit.

184 460 314 500 Alter
355 465 421 500 est
463 458 580 499 zelus
629 457 866 511 spiritualis
918 455 1150 509 profectus,
1194 468 1325 507 quem
1378 455 1563 507 quisque

98 535 244 584 ctiam,
267 534 387 574 velut
413 547 502 573 suae
535 531 779 584 Religionis
810 530 1070 577 membrum,
1095 529 1293 568 maxime
1319 529 1357 567 ei
1380 528 1491 568 velle
1513 541 1563 569 ac

96 622 245 649 curare
288 608 449 657 debet;
496 606 598 659 quia
640 611 821 658 peccata
863 604 1073 657 quaelibet
1115 603 1386 656 privatorum
1417 608 1561 642 totum

95 682 344 722 redundant
373 681 416 720 in
447 694 614 732 corpus,
638 685 686 719 ut
718 679 851 718 modo
880 677 1237 731 significavimus
1268 689 1474 729 saepeque
1504 676 1564 716 ob

96 757 222 795 unius
247 755 404 808 privati
429 755 592 793 crimen
616 759 710 793 tota
733 767 759 792 a
782 753 880 792 Deo
902 752 1198 792 communitas
1228 749 1444 803 plectitur.
1509 749 1562 789 Id

95 829 213 881 quod
237 842 293 868 ex
317 828 473 868 eodem
495 827 642 879 Josuae
676 826 772 866 loco
795 840 925 878 quem
950 825 1084 865 modo
1114 824 1354 872 attulimus,
1379 822 1561 876 planum

95 909 171 951 est,
196 902 281 951 ubi,
305 908 483 955 propter
512 901 671 941 Achan
702 901 775 953 qui
799 900 899 940 tulit
929 900 984 939 de
1016 899 1311 946 anathemate,
1340 898 1473 937 iratus
1497 902 1563 937 est

98 977 315 1016 Dominus
357 982 508 1016 contra
563 976 784 1015 universos
837 974 948 1014 filios
997 972 1143 1012 Israel.
1218 972 1371 1012 Officit
1413 977 1561 1011 autem

94 1050 309 1103 spirituali
353 1049 566 1103 profectui
611 1049 823 1101 religiosae
858 1047 1036 1088 familiae
1075 1048 1108 1087 si
1147 1046 1310 1086 delicta
1341 1045 1562 1098 quaepiam

93 1130 300 1177 tegantur
332 1123 513 1171 occulta,
551 1123 711 1175 quibus
744 1121 848 1161 nihil
882 1121 1078 1161 adhiberi
1112 1120 1251 1173 possit
1295 1118 1475 1159 remedii
1513 1132 1563 1159 ac

94 1198 351 1246 curationis,
387 1211 485 1249 quae
509 1197 542 1236 si
567 1197 687 1250 tegit,
712 1210 812 1236 cum
837 1196 975 1248 possit
1005 1208 1187 1248 arguere
1214 1200 1257 1234 et
1284 1193 1342 1234 ad
1364 1199 1563 1246 pastores

94 1272 274 1320 deferre,
317 1285 385 1310 nae
436 1271 508 1310 ille
561 1284 720 1323 expers
772 1269 925 1322 culpae,
974 1283 1024 1308 ac
1076 1269 1259 1321 proinde
1312 1282 1365 1307 ne
1417 1279 1563 1320 poenae

94 1346 273 1397 quidem
317 1350 392 1384 est.
479 1344 596 1384 Hinc
639 1344 744 1383 illud
784 1344 829 1383 B.
856 1343 1095 1383 Bernardi:
1146 1341 1339 1390 “Nemo,
1374 1341 1562 1389 Fratres,

92 1419 200 1458 vitia
237 1418 398 1471 palpet,
426 1409 610 1470 peccata
648 1431 778 1457 nemo
816 1416 1075 1465 dissimulet,
1106 1429 1205 1456 cum
1243 1415 1412 1455 videret
1449 1414 1564 1454 ordi—

95 1506 196 1533 nem
228 1491 441 1545 deperire,
464 1491 531 1531 vel
556 1492 693 1531 minui
716 1490 1006 1544 disciplinam.
1054 1490 1135 1529 Est
1162 1489 1278 1529 enim
1305 1488 1564 1539 consentire,

92 1566 229 1615 silere,
269 1580 368 1606 cum
407 1579 589 1618 arguere
621 1566 793 1618 possis;
832 1571 874 1604 et
912 1565 1074 1604 scimus
1107 1564 1210 1616 quia
1244 1562 1397 1602 similis
1429 1574 1565 1615 poena

92 1640 300 1681 facientes
333 1647 519 1689 maneat,
555 1646 598 1680 et
630 1637 1014 1680 consentientes.''1
1077 1638 1230 1690 Atque
1264 1637 1347 1677 hoc
1382 1637 1561 1690 quidem

92 1715 211 1767 quod
255 1714 502 1755 Bernardus
545 1714 618 1762 ait,
661 1714 807 1755 Sacrae
851 1713 986 1753 etiam
1041 1713 1203 1752 Literae
1255 1712 1430 1751 disertis
1481 1724 1562 1751 nos

93 1788 334 1828 admonent
384 1788 553 1827 verbis:
623 1787 706 1828 “Si
760 1787 1007 1839 peccaverit
1060 1787 1218 1834 anima,
1274 1792 1317 1825 et
1373 1784 1562 1824 audierit

93 1875 247 1901 vocem
285 1861 483 1913 jurantis,
522 1861 736 1913 testisque
768 1860 896 1900 fuerit
929 1860 1049 1912 quod
1083 1865 1159 1899 aut
1197 1859 1290 1911 ipse
1326 1858 1447 1906 vidit,
1486 1863 1563 1898 aut

92 1935 292 1975 conscius
325 1941 418 1984 est;
452 1935 532 1974 nisi
565 1934 831 1982 indicaverit,
865 1933 1060 1986 portabit
1094 1933 1372 1985 iniquitatem
1405 1928 1562 1971 suam.2

96 2009 155 2049 Et
203 2009 325 2049 Deus
368 2009 638 2061 justissimus
681 2008 841 2060 Judex,
882 2014 929 2047 ut
967 2021 1024 2047 ex
1068 2006 1274 2059 proximo
1323 2006 1563 2058 Scripturae

94 2082 232 2135 liquet
276 2082 494 2135 exemplo,
538 2082 665 2135 punit
718 2083 851 2121 etiam
895 2094 994 2120 cum
1037 2080 1239 2120 sontibus
1292 2080 1560 2128 innocentes,

93 2170 193 2197 cum
258 2156 314 2196 ab
374 2157 424 2196 iis
481 2155 621 2209 culpa,
673 2169 771 2208 qua:
829 2155 1039 2195 vindicari
1096 2159 1280 2207 poterat,
1339 2152 1562 2193 toleratur.

94 2230 244 2283 Quare
295 2243 394 2270 cum
447 2229 693 2282 aliquorum
746 2230 789 2268 in
845 2229 1076 2281 Religione
1128 2227 1288 2267 delicta
1333 2226 1413 2267 soli
1465 2240 1565 2280 per—

94 2305 334 2357 speximus,
368 2305 403 2344 si
439 2305 536 2357 quis
571 2303 699 2352 zelus,
733 2309 809 2343 aut
838 2303 872 2343 si
904 2316 1001 2355 quae
1037 2316 1141 2342 cura
1175 2301 1421 2342 communis
1455 2301 1561 2341 boni

98 2392 178 2418 nos
209 2378 362 2431 tangit,
391 2378 434 2417 in
467 2392 519 2418 eo
551 2377 748 2431 profecto
781 2378 896 2417 cerni
927 2377 1071 2424 debet,
1105 2376 1139 2416 si
1172 2390 1223 2416 ea
1256 2375 1568 2428 Superioribus

94 2458 418 2505 peropportune
449 2452 710 2505 pandamus,
735 2465 800 2501 ne,
823 2451 985 2491 silentii
1018 2451 1154 2490 nostri
1181 2449 1321 2503 culpa,
1345 2455 1422 2490 aut
1450 2449 1563 2489 ordo

95 2527 256 2565 sensim
286 2532 447 2579 pereat,
471 2532 547 2566 aut
577 2526 671 2578 ejus
701 2526 934 2579 disciplina
964 2526 1197 2564 minuatur.
1261 2524 1418 2576 Neque
1440 2523 1558 2563 enim

96 2599 187 2639 sine
209 2606 389 2652 peccato
413 2600 503 2648 erit,
528 2606 575 2640 ut
597 2600 765 2640 dictum
789 2606 865 2649 est,
883 2614 933 2640 ac
956 2613 1009 2639 ne
1032 2599 1211 2652 impune
1233 2598 1413 2651 quidem
1437 2597 1560 2637 abire

94 2674 255 2726 poterit
286 2674 494 2727 quisquiS,
518 2675 726 2727 prodesse
761 2674 981 2727 Religioni
1014 2687 1114 2713 cum
1147 2672 1286 2726 possit
1312 2670 1561 2724 aperiendis

95 2748 278 2787 aliorum
311 2747 531 2801 Superiori
564 2748 745 2797 delictis,
771 2748 895 2788 malit
925 2754 1075 2788 tamen
1106 2746 1231 2787 silere
1261 2759 1395 2798 quam
1425 2743 1558 2796 loqui·

95 2821 226 2874 Quod
251 2828 293 2861 et
318 2821 362 2862 B.
375 2821 609 2875 Gregorius
637 2823 698 2862 ita
719 2821 976 2862 confirmat:
1011 2819 1129 2873 “Qui
1153 2819 1389 2860 emendare
1410 2822 1560 2870 potest

331 2909 341 2928 ¹
367 2911 437 2943 Ser.
457 2910 499 2942 de
516 2912 595 2943 Nat.
620 2912 652 2943 S.
669 2912 765 2953 Joan.
788 2912 882 2953 Bapt.
1144 2908 1158 2927 2
1181 2909 1287 2940 Levit.
1310 2915 1339 2949 5.

266 2972 294 3001 1„
328 2973 351 3002 2
