1903 3197
461 151 675 198 Ubinam
710 149 961 211 (edificatio
997 150 1091 195 sita
1126 148 1202 195 sit.
1473 162 1496 208 5
1507 162 1561 208 51

97 284 377 338 praesetulere
406 279 729 323 constantiam.1
802 280 935 333 Quod
966 280 1154 321 faciebat
1185 279 1410 320 Pachomii
1443 281 1564 321 insti-

97 365 216 399 tutor
252 364 295 397 et
332 357 540 409 magister
581 355 818 396 Polemon:
865 355 951 406 qui,
989 368 1088 394 cum
1131 354 1293 406 splenis
1335 354 1561 395 doloribus

97 437 300 479 ureretur,
325 437 368 471 et
400 435 624 483 rogaretur
653 442 679 468 a
710 427 925 474 fratribus,
950 432 998 467 ut
1026 427 1106 467 sibi
1134 428 1369 468 curationis
1394 428 1559 480 aliquid

98 505 323 546 admoveri
355 509 588 557 pateretur,
612 503 673 542 ita
695 500 1015 553 respondebat:
1050 500 1137 541 “Si
1163 500 1324 541 Christi
1349 508 1564 554 martyres

97 579 167 618 alii
201 579 244 618 in
276 578 415 618 frusta
445 576 605 617 concisi
638 580 682 615 et
712 573 899 622 lacerati,
923 573 995 613 alii
1028 574 1127 613 caesi
1151 574 1306 626 capite,
1331 575 1402 615 alii
1427 577 1560 616 etiam

96 652 276 692 cremati
299 651 481 704 ignibus,
506 650 561 689 ad
592 654 842 688 extremum
865 660 1004 700 usque
1026 648 1226 700 spiritum
1249 661 1328 700 pro
1352 649 1562 701 religione

97 725 267 766 fortiter
288 724 561 772 dimicarunt,
579 735 654 763 cur
675 735 757 775 ego
780 721 1003 774 patientiae
1026 721 1212 773 proemia
1235 721 1380 773 parvis
1403 721 1563 762 cedens

98 799 318 839 laboribus
341 797 621 850 impatienter
642 795 870 848 abjiciam;
903 801 946 835 et
967 793 1185 835 desiderio
1207 795 1309 834 vitae
1334 796 1564 847 praesentis

99 871 353 912 affectiones
375 875 707 910 momentaneas
730 868 916 909 inaniter
938 881 1231 921 expavescam
1252 868 1301 908 ?”

187 945 397 985 Diximus
431 944 485 984 de
517 943 791 984 humilitate:
833 942 1027 983 diximus
1059 941 1115 981 de
1146 942 1386 994 patientia:
1429 948 1564 983 restat

99 1021 250 1072 pietas,
287 1032 373 1072 qua
415 1019 521 1058 item
563 1030 779 1070 aegrorum
822 1015 1032 1056 contineri
1075 1015 1330 1056 dicebamus
1375 1016 1566 1057 aedifica-

101 1095 279 1134 tionem.

189 1168 334 1207 Pietas
371 1172 517 1207 autem
556 1166 598 1205 in
637 1165 778 1205 verbis
816 1170 882 1205 est
918 1164 1134 1204 cernenda
1166 1164 1472 1217 potissimum:
1505 1166 1565 1206 sic

103 1241 217 1281 enim
256 1241 362 1280 dicit
400 1239 669 1280 Constitutio
702 1238 881 1278 “verbis
923 1238 1005 1290 piis
1048 1244 1091 1277 et
1129 1238 1185 1278 ad
1227 1239 1564 1279 aedificationem

103 1315 362 1355 facientibus
399 1312 599 1353 utendo.”
643 1312 757 1365 Quae
794 1317 942 1351 autem
978 1311 1205 1352 redoleant
1235 1313 1368 1352 verba
1398 1313 1568 1365 “pieta-

99 1386 226 1437 tem,”
250 1388 346 1440 ipsa
369 1386 563 1440 explicat
589 1385 870 1434 Constitutio,
893 1398 993 1424 cum
1026 1385 1087 1425 ait
1112 1399 1120 1424 :
1155 1389 1177 1405 “
1199 1399 1297 1437 quae
1330 1386 1567 1426 ostendant

104 1461 408 1514 aegritudinem
450 1460 666 1512 acceptari
711 1465 759 1499 ut
810 1459 975 1498 donum
1019 1458 1073 1497 de
1126 1472 1258 1498 manu
1312 1458 1568 1499 Creator-is.“'

103 1535 326 1588 Quoniam
348 1522 581 1574 autenrex
614 1531 888 1573 abundantia
919 1531 1062 1572 cordis
1093 1545 1141 1572 os
1165 1531 1368 1584 loquitur,
1392 1546 1568 1573 necesse

102 1616 168 1649 est
205 1609 317 1649 bene
352 1609 471 1661 prius
509 1608 656 1648 animo
694 1613 737 1646 et
773 1606 904 1646 corde
938 1607 1148 1658 pietatem
1184 1607 1366 1659 concipi,
1403 1613 1449 1647 ut
1486 1607 1567 1647 sibi

103 1684 365 1737 persuadeat
406 1683 480 1734 qui
523 1682 566 1722 in
614 1681 768 1721 morbo
820 1686 896 1729 est,
942 1680 1143 1720 morbum
1196 1681 1340 1733 ipsum
1393 1695 1418 1721 a
1470 1682 1569 1722 Deo

104 1757 293 1804 immitti,
327 1756 446 1808 quod
480 1769 611 1808 supra
643 1753 910 1806 significavi:
943 1754 1102 1793 deinde
1137 1768 1234 1794 eam
1269 1755 1401 1794 verbo
1437 1760 1570 1806 atque

103 1831 300 1871 oratione
322 1829 549 1882 significet.
614 1828 746 1881 Quod
770 1827 959 1868 faciebat
986 1828 1099 1879 Job:
1132 1831 1153 1847 ‘⁴
1171 1827 1216 1868 Si
1240 1828 1356 1868 bona
1379 1829 1570 1881 suscepi-

104 1919 201 1944 mus
233 1904 288 1944 de
332 1917 463 1943 manu
510 1902 705 1951 Domini,
744 1890 860 1942 maia
891 1915 1026 1954 quare
1061 1915 1147 1941 non
1185 1901 1571 1942 sustineamus?'’'2

104 1981 163 2020 Et
206 1978 431 2031 “Sagittae
480 1976 664 2017 Domini
717 1976 759 2016 in
813 1989 883 2015 me
934 1982 1046 2023 sunt,
1089 1989 1272 2028 quarum
1325 1976 1570 2029 indignatio

103 2053 240 2093 ebibit
270 2052 470 2105 spiritum
502 2048 726 2099 meum;''3
752 2055 795 2089 et
822 2052 843 2068 “
859 2048 1163 2102 Omnipotens,
1187 2050 1263 2102 qui
1285 2050 1339 2089 ad
1363 2049 1569 2090 amaritu-

102 2127 250 2167 dinem
282 2125 471 2166 adduxit
502 2124 694 2164 animam
719 2136 862 2163 meam
885 2123 959 2163 :”4
990 2123 1167 2176 plagam
1192 2124 1354 2176 quippe
1377 2124 1569 2176 corporis

104 2201 168 2241 sui
203 2201 301 2239 Deo
334 2213 420 2239 non
453 2198 643 2246 diabolo,
675 2211 701 2237 a
732 2211 820 2249 quo
846 2210 1076 2250 percussus
1107 2196 1258 2246 fuerat,
1281 2197 1568 2237 adscribebat.

107 2274 207 2314 Hoc
240 2274 356 2313 enim
390 2277 641 2312 sanctorum
673 2271 865 2311 virorum
898 2271 1122 2324 proprium
1156 2277 1233 2319 est,
1258 2277 1305 2311 ut
1337 2284 1436 2324 quse
1468 2284 1571 2311 casu

109 2362 158 2388 ac
181 2348 355 2387 fortuna
370 2346 501 2399 vulgo
525 2351 736 2399 putantur
757 2345 939 2393 invecta,
956 2358 1005 2384 ea
1028 2344 1108 2397 ipsi
1127 2345 1182 2384 ad
1207 2344 1354 2384 Deum
1373 2343 1572 2395 referant,

107 2427 155 2461 ut
199 2420 347 2462 Semei
389 2420 675 2459 maledictum
719 2419 761 2460 S.
795 2418 943 2458 David
986 2424 1029 2458 et
1070 2417 1142 2458 alii
1185 2419 1228 2458 in
1271 2418 1403 2459 sacris
1440 2418 1572 2458 libris.

108 2494 256 2547 Quare
289 2494 568 2546 Augustinus
600 2494 643 2532 in
677 2492 823 2532 Psalm
858 2503 921 2542 31.
945 2505 1045 2531 curn
1068 2492 1284 2532 dixisset:
1319 2492 1573 2532 “Voluntas

109 2568 192 2608 Dei
230 2574 307 2616 est,
347 2568 585 2620 aliquando
623 2572 670 2606 ut
712 2580 842 2606 sanus
879 2566 948 2615 sis,
983 2566 1220 2618 aliquando
1258 2571 1305 2606 ut
1346 2563 1573 2618 aegrotus,’'

109 2656 216 2682 mox
259 2643 320 2682 ita
363 2641 575 2693 subjecit:
623 2640 728 2680 “Ne
770 2640 934 2680 dixeris
971 2641 1014 2680 in
1052 2640 1183 2680 corde
1224 2647 1312 2689 tuo,
1349 2652 1450 2679 vere
1486 2651 1573 2679 non

106 2721 228 2756 curat
266 2716 389 2756 Deus
426 2728 494 2755 res
530 2714 772 2764 humanas3
819 2727 898 2754 nec
935 2714 1065 2763 dicas,
1104 2713 1187 2754 hoc
1230 2711 1334 2753 mihi
1372 2712 1573 2753 diabolus

257 2829 268 2848 1
296 2830 362 2862 Vit.
385 2830 471 2860 Patr.
489 2839 520 2870 p.
542 2828 564 2860 1.
830 2827 842 2845 ²
863 2827 940 2869 Job.
961 2839 988 2859 c.
1009 2835 1039 2858 2.
1314 2825 1328 2845 ³
1353 2826 1390 2858 C.
1410 2825 1439 2858 6.

768 2878 781 2897 ⁴
807 2879 846 2911 C.
867 2885 918 2917 27.
