1903 3197
179 167 258 213 De
279 165 488 213 ordinat.
511 181 617 226 quae
636 181 694 210 ex
714 165 940 226 cujusque
949 163 1221 225 prudentia
1237 163 1423 225 pendet.
1476 138 1567 221 49i

111 297 283 339 facilem
316 296 600 338 invitantibus
631 309 678 335 se
708 296 912 348 praebere.
1003 295 1132 336 Certe
1164 296 1219 335 de
1252 295 1297 335 B.
1317 295 1571 348 Augustino

113 371 337 411 memoriae
365 370 559 423 prodidit
592 367 894 409 Possidonius1
926 368 1229 421 hujuscemodi
1264 368 1384 408 illum
1418 369 1573 409 invita-

111 444 253 484 tiones
285 444 463 484 solitum
489 456 714 493 recusare3
746 447 790 482 et
821 442 877 482 de
898 442 1037 482 tribus
1069 443 1206 491 rebus,
1230 456 1338 494 quas
1371 456 1427 481 ex
1460 442 1571 481 Am-

110 517 257 558 brosio
289 517 493 557 didicisse
523 530 570 556 se
601 515 898 568 profitebatur,
925 514 1039 554 hanc
1071 515 1233 554 scilicet
1264 514 1395 554 fuisse
1427 527 1572 563 unam,

111 595 162 632 ut
181 590 238 631 ad
261 591 458 631 convivia
479 590 686 630 invitatus
708 602 795 628 non
817 589 908 629 iret.

201 670 256 704 20.
289 663 485 704 Vitanda
521 668 622 703 sunt
659 663 791 702 etiam
827 661 1013 715 prandia
1044 660 1254 701 secularia
1291 667 1335 700 et
1376 665 1569 708 externa,

111 750 179 787 ne,
201 742 250 777 ut
278 736 463 776 Basilius
492 735 563 784 ait,
587 734 764 776 libertas
794 741 943 776 nostra
967 735 1188 787 judicetur
1217 734 1272 773 ab
1302 733 1444 773 aliena
1469 747 1572 773 con-

108 808 321 851 scientia‚2
381 809 528 850 Facile
565 809 692 859 enim,
724 809 830 849 dum
863 822 951 849 non
982 808 1206 857 sentimus,
1241 821 1266 847 a
1303 806 1570 847 secularibus

108 883 391 925 observamur
410 898 419 933 3
452 889 496 923 et
529 882 666 923 sicubi
700 896 779 923 nos
813 896 839 923 a
871 888 988 923 recto
1023 882 1223 921 aberrare
1255 880 1571 934 perspexerint,

111 963 188 998 aut
210 958 343 997 etiam
366 957 672 1005 existimarint,
690 956 921 997 confestim
945 969 1054 1009 quos
1077 962 1208 996 antea
1230 954 1570 1002 admirabantur,

110 1035 156 1071 et
175 1029 400 1071 habebant
421 1031 464 1070 in
485 1030 662 1080 honore,
684 1035 981 1070 contemnunt.
1047 1029 1159 1070 Cum
1187 1034 1334 1069 autem
1364 1028 1454 1067 fieri
1484 1041 1572 1068 non

109 1103 260 1158 possit,
284 1109 332 1143 ut
363 1117 535 1156 semper
566 1109 681 1143 recte
712 1104 976 1151 incedamus,
1000 1103 1090 1143 sive
1120 1108 1299 1155 propter
1329 1100 1569 1141 humanam

110 1177 467 1227 imbecillitatem,
509 1177 599 1217 sive
638 1183 818 1229 propter
857 1189 1137 1216 communem
1178 1176 1359 1215 humani
1400 1175 1572 1227 generis

109 1250 283 1291 hostem
304 1263 478 1303 semper
499 1250 624 1289 nobis
650 1250 941 1297 insidiantem,
965 1263 1083 1302 saepe
1111 1263 1190 1288 nos
1220 1248 1401 1288 curiosis
1430 1247 1573 1287 homi-

109 1324 238 1364 nibus
266 1323 334 1363 vel
368 1336 455 1363 non
489 1324 727 1363 sentientes
755 1323 1033 1376 exponimus,
1061 1323 1417 1373 attendimusque
1447 1321 1574 1361 nobis

111 1396 193 1450 ipsi
229 1410 387 1449 pravas
424 1409 575 1436 eorum
612 1396 903 1436 detractiones
940 1401 984 1435 et
1020 1395 1292 1435 offendicula.
1343 1395 1500 1434 “Nam
1538 1394 1573 1433 si

110 1469 299 1510 viderint
335 1469 586 1522 religiosum
624 1468 793 1518 talem‚'’
837 1468 1023 1509 Basilius
1064 1469 1215 1520 inquit,
1255 1471 1276 1487 “
1294 1468 1367 1520 qui
1404 1468 1574 1519 corpori

110 1556 191 1584 suo
222 1556 309 1583 non
341 1543 521 1583 omnino
552 1543 608 1582 sit
639 1542 815 1595 rigidus,
839 1543 915 1582 sed
947 1541 1094 1594 aliqua
1126 1541 1293 1581 ratione
1325 1540 1481 1580 saltem
1516 1553 1574 1579 ex

113 1622 239 1670 parte
280 1616 500 1656 defectum
542 1616 647 1668 ejus,
684 1629 772 1668 quo
809 1615 990 1665 laborat,
1029 1620 1159 1663 curet,
1198 1614 1491 1654 convitiantur
1531 1619 1576 1653 et

113 1689 373 1739 obtrectant,
410 1702 701 1742 voracemque
737 1695 781 1729 et
815 1688 1066 1729 helluonem
1103 1694 1270 1728 vocant.
1355 1687 1414 1727 Et
1455 1686 1575 1739 quod

114 1762 172 1802 de
191 1776 279 1802 uno
301 1763 603 1811 convitiantur,
628 1769 671 1802 et
693 1762 867 1815 reliquis
890 1762 1094 1802 omnibus
1117 1760 1373 1814 imputant.'’
1428 1760 1575 1800 Veris-

115 1835 366 1887 simumque
397 1840 474 1884 est,
508 1835 626 1887 quod
659 1836 702 1874 in
734 1834 1094 1875 antecedentibus
1126 1847 1256 1886 supra
1288 1834 1474 1882 dixerat,
1498 1846 1577 1873 ex-

117 1908 299 1949 istimari
341 1922 367 1948 a
407 1907 674 1948 secularibus
714 1908 966 1961 religiosum
1008 1907 1131 1959 quasi
1174 1908 1489 1959 incorporeum,
1533 1911 1578 1946 et

118 1995 294 2036 prorsus
323 1981 573 2035 spiritalem,
600 1988 676 2022 aut
704 1982 835 2035 plane
863 1988 1091 2035 expertem
1122 1994 1216 2021 esse
1244 1981 1340 2029 cibi,
1371 1986 1447 2020 aut
1476 1993 1576 2020 eum

114 2056 190 2109 qui
225 2069 357 2108 quam
392 2056 572 2096 minime
606 2056 668 2096 uti
702 2056 871 2096 debeat.
936 2056 1010 2095 Ex
1042 2055 1199 2107 quibus
1232 2054 1426 2103 efficitur,
1454 2060 1502 2094 ut
1533 2053 1578 2093 in

115 2136 318 2170 extremo
354 2129 498 2182 capite
536 2129 724 2170 Sanctus
762 2130 903 2169 innuit
939 2143 1026 2168 non
1069 2128 1194 2168 facile
1234 2133 1435 2181 oportere
1476 2140 1577 2167 cum

113 2203 379 2244 secularibus
429 2204 473 2243 in
524 2216 676 2243 mensa
725 2203 1059 2252 communicare,
1102 2215 1168 2251 ne,
1211 2208 1258 2241 ut
1309 2201 1576 2250 dicebamus,

113 2277 296 2318 libertas
324 2282 473 2317 nostra
497 2277 554 2317 ab
579 2277 722 2317 aliena
747 2277 1014 2317 conscientia
1030 2276 1258 2328 judicetur.
1323 2273 1579 2315 Consimilia

108 2350 244 2391 habet
269 2351 588 2391 Bonaventura.

204 2430 258 2475 30.
300 2424 417 2477 Quia
454 2430 639 2465 externa
675 2424 860 2478 prandia
896 2424 1184 2464 sanctioribus
1218 2422 1580 2476 occupationibus

115 2503 290 2550 tempus
332 2499 522 2551 capiunt.
586 2499 712 2539 Parvi
753 2499 870 2539 enim
911 2498 1004 2551 jam
1055 2504 1167 2547 sunt,
1211 2498 1285 2550 qui
1337 2497 1578 2537 Xaverium

117 2576 316 2612 nostrum
352 2571 588 2621 imitentur,
627 2578 703 2613 aut
743 2573 890 2625 potius
931 2573 1088 2612 ducem
1126 2578 1170 2612 et
1205 2577 1338 2624 caput
1379 2576 1576 2610 nostrum

117 2643 354 2695 Christum,
389 2646 463 2697 qui
500 2647 745 2686 animarum
782 2660 924 2696 causa,
959 2652 1003 2686 et
1034 2646 1225 2698 seipsum
1263 2645 1483 2684 interdum
1520 2643 1577 2683 ad

118 2718 302 2760 aliorum
334 2732 508 2760 mensas
540 2721 765 2769 invitabat,
792 2727 836 2761 et
868 2721 1076 2760 invitatus
1107 2732 1225 2771 saepe
1256 2718 1425 2758 solebat
1456 2730 1578 2757 acce-

117 2793 229 2834 dere.
293 2793 384 2835 Sed
411 2794 540 2846 pauci
565 2793 671 2846 jam,
695 2799 743 2834 ut
769 2793 875 2844 dixi,
899 2793 1169 2847 reperiuntur
1190 2791 1454 2844 hujusmodi,
1478 2790 1580 2831 licet

407 2881 420 2901 ¹
451 2883 493 2914 In
509 2883 566 2914 vit.
588 2893 615 2914 c.
635 2889 687 2923 27.
895 2882 909 2901 ²
932 2884 986 2915 De
1008 2883 1064 2914 vit.
1085 2882 1170 2914 solit.
1191 2892 1218 2913 c.
1240 2888 1269 2921 7.
