<?xml version="1.0" encoding="UTF-8"?>
<!DOCTYPE html PUBLIC "-//W3C//DTD XHTML 1.0 Transitional//EN"
    "http://www.w3.org/TR/xhtml1/DTD/xhtml1-transitional.dtd">
<html xmlns="http://www.w3.org/1999/xhtml" xml:lang="en" lang="en">
 <head>
  <title>
</title>
<meta http-equiv="Content-Type" content="text/html;charset=utf-8" />
  <meta name='ocr-system' content='tesseract 3.04.00' />
  <meta name='ocr-capabilities' content='ocr_page ocr_carea ocr_par ocr_line ocrx_word'/>
</head>
<body>
  <div class='ocr_page' id='page_1' title='image "./nicolaiorlandini00orla/nicolaiorlandini00orla_0296.png"; bbox 0 0 1903 3197; ppageno 0'>
   <div class='ocr_carea' id='block_1_1' title="bbox 239 158 1387 215">
    <p class='ocr_par' dir='ltr' id='par_1_1' title="bbox 239 158 1387 215">
     <span class='ocr_line' id='line_1_1' title="bbox 239 158 1387 215; baseline 0.004 -15"><span class='ocrx_word' id='word_1_1' title='bbox 239 160 333 215; x_wconf 82' lang='lat'>276</span> <span class='ocrx_word' id='word_1_2' title='bbox 561 159 642 204; x_wconf 75' lang='lat' dir='ltr'>De</span> <span class='ocrx_word' id='word_1_3' title='bbox 674 159 864 205; x_wconf 65' lang='lat' dir='ltr'>ratione</span> <span class='ocrx_word' id='word_1_4' title='bbox 899 158 1094 205; x_wconf 75' lang='lat' dir='ltr'>vivendi</span> <span class='ocrx_word' id='word_1_5' title='bbox 1125 158 1387 206; x_wconf 74' lang='lat' dir='ltr'>Socz‘etatz&#39;s.</span> 
     </span>
    </p>
   </div>
   <div class='ocr_carea' id='block_1_2' title="bbox 235 291 1736 2863">
    <p class='ocr_par' dir='ltr' id='par_1_2' title="bbox 235 291 1709 566">
     <span class='ocr_line' id='line_1_2' title="bbox 235 291 1699 345; baseline 0.002 -15"><span class='ocrx_word' id='word_1_6' title='bbox 235 292 389 331; x_wconf 84' lang='lat' dir='ltr'>afferre</span> <span class='ocrx_word' id='word_1_7' title='bbox 421 297 631 343; x_wconf 81' lang='lat' dir='ltr'>possunt:</span> <span class='ocrx_word' id='word_1_8' title='bbox 664 292 768 332; x_wconf 94' lang='lat' dir='ltr'>Duo</span> <span class='ocrx_word' id='word_1_9' title='bbox 799 293 946 344; x_wconf 91' lang='lat' dir='ltr'>quoad</span> <span class='ocrx_word' id='word_1_10' title='bbox 978 292 1167 345; x_wconf 83' lang='lat' dir='ltr'>priorem</span> <span class='ocrx_word' id='word_1_11' title='bbox 1196 291 1468 345; x_wconf 76' lang='lat' dir='ltr'>particulam,</span> <span class='ocrx_word' id='word_1_12' title='bbox 1500 306 1598 344; x_wconf 79' lang='lat' dir='ltr'>quae</span> <span class='ocrx_word' id='word_1_13' title='bbox 1632 298 1699 333; x_wconf 89' lang='lat' dir='ltr'>est</span> 
     </span>
     <span class='ocr_line' id='line_1_3' title="bbox 237 363 1709 419; baseline 0.001 -15"><span class='ocrx_word' id='word_1_14' title='bbox 237 363 292 404; x_wconf 91' lang='lat' dir='ltr'>de</span> <span class='ocrx_word' id='word_1_15' title='bbox 335 364 577 417; x_wconf 84' lang='lat' dir='ltr'>flagitanda</span> <span class='ocrx_word' id='word_1_16' title='bbox 617 367 758 418; x_wconf 83' lang='lat' dir='ltr'>gratia</span> <span class='ocrx_word' id='word_1_17' title='bbox 799 366 855 406; x_wconf 88' lang='lat' dir='ltr'>ad</span> <span class='ocrx_word' id='word_1_18' title='bbox 898 366 1205 419; x_wconf 85' lang='lat' dir='ltr'>cognoscenda</span> <span class='ocrx_word' id='word_1_19' title='bbox 1246 371 1457 418; x_wconf 88' lang='lat' dir='ltr'>peccata;</span> <span class='ocrx_word' id='word_1_20' title='bbox 1500 365 1709 406; x_wconf 74' lang='lat' dir='ltr'>Tertium</span> 
     </span>
     <span class='ocr_line' id='line_1_4' title="bbox 239 438 1701 492; baseline 0.001 -15"><span class='ocrx_word' id='word_1_21' title='bbox 239 438 387 490; x_wconf 90' lang='lat' dir='ltr'>quoad</span> <span class='ocrx_word' id='word_1_22' title='bbox 423 439 722 491; x_wconf 78' lang='lat' dir='ltr'>posteriorem,</span> <span class='ocrx_word' id='word_1_23' title='bbox 755 454 853 492; x_wconf 78' lang='lat' dir='ltr'>quae</span> <span class='ocrx_word' id='word_1_24' title='bbox 892 445 958 480; x_wconf 91' lang='lat' dir='ltr'>est</span> <span class='ocrx_word' id='word_1_25' title='bbox 994 440 1050 480; x_wconf 87' lang='lat' dir='ltr'>de</span> <span class='ocrx_word' id='word_1_26' title='bbox 1087 439 1242 479; x_wconf 83' lang='lat' dir='ltr'>eadem</span> <span class='ocrx_word' id='word_1_27' title='bbox 1279 439 1420 491; x_wconf 87' lang='lat' dir='ltr'>gratia</span> <span class='ocrx_word' id='word_1_28' title='bbox 1458 438 1701 491; x_wconf 86' lang='lat' dir='ltr'>flagitanda</span> 
     </span>
     <span class='ocr_line' id='line_1_5' title="bbox 238 512 818 566; baseline 0.005 -15"><span class='ocrx_word' id='word_1_29' title='bbox 238 512 294 552; x_wconf 89' lang='lat' dir='ltr'>ad</span> <span class='ocrx_word' id='word_1_30' title='bbox 328 512 595 565; x_wconf 78' lang='lat' dir='ltr'>expellenda</span> <span class='ocrx_word' id='word_1_31' title='bbox 626 519 818 566; x_wconf 86' lang='lat' dir='ltr'>peccata.</span> 
     </span>
    </p>

    <p class='ocr_par' dir='ltr' id='par_1_3' title="bbox 238 584 1725 1440">
     <span class='ocr_line' id='line_1_6' title="bbox 328 584 1698 641; baseline 0 -16"><span class='ocrx_word' id='word_1_32' title='bbox 328 586 522 626; x_wconf 90' lang='lat' dir='ltr'>Primum</span> <span class='ocrx_word' id='word_1_33' title='bbox 560 587 701 640; x_wconf 90' lang='lat' dir='ltr'>igitur,</span> <span class='ocrx_word' id='word_1_34' title='bbox 745 588 1012 641; x_wconf 86' lang='lat' dir='ltr'>interrogare</span> <span class='ocrx_word' id='word_1_35' title='bbox 1054 587 1151 639; x_wconf 92' lang='lat' dir='ltr'>quis</span> <span class='ocrx_word' id='word_1_36' title='bbox 1192 591 1341 639; x_wconf 90' lang='lat' dir='ltr'>posset</span> <span class='ocrx_word' id='word_1_37' title='bbox 1383 599 1459 626; x_wconf 91' lang='lat' dir='ltr'>cur</span> <span class='ocrx_word' id='word_1_38' title='bbox 1500 584 1698 638; x_wconf 85' lang='lat' dir='ltr'>flagitare</span> 
     </span>
     <span class='ocr_line' id='line_1_7' title="bbox 238 658 1719 714; baseline -0.001 -15"><span class='ocrx_word' id='word_1_39' title='bbox 238 673 318 699; x_wconf 90' lang='lat' dir='ltr'>nos</span> <span class='ocrx_word' id='word_1_40' title='bbox 350 659 507 711; x_wconf 87' lang='lat' dir='ltr'>jubeat</span> <span class='ocrx_word' id='word_1_41' title='bbox 544 661 839 714; x_wconf 80' lang='lat' dir='ltr'>cognitionem</span> <span class='ocrx_word' id='word_1_42' title='bbox 878 667 1172 714; x_wconf 86' lang='lat' dir='ltr'>peccatorum,</span> <span class='ocrx_word' id='word_1_43' title='bbox 1212 673 1311 699; x_wconf 90' lang='lat' dir='ltr'>cum</span> <span class='ocrx_word' id='word_1_44' title='bbox 1350 658 1393 698; x_wconf 90' lang='lat' dir='ltr'>id</span> <span class='ocrx_word' id='word_1_45' title='bbox 1438 672 1517 698; x_wconf 89' lang='lat' dir='ltr'>nec</span> <span class='ocrx_word' id='word_1_46' title='bbox 1556 658 1719 699; x_wconf 75' lang='lat' dir='ltr'>Patres</span> 
     </span>
     <span class='ocr_line' id='line_1_8' title="bbox 238 733 1713 788; baseline -0.001 -13"><span class='ocrx_word' id='word_1_47' title='bbox 238 733 373 787; x_wconf 83' lang='lat' dir='ltr'>aliqui</span> <span class='ocrx_word' id='word_1_48' title='bbox 407 749 464 775; x_wconf 80' lang='lat' dir='ltr'>ex</span> <span class='ocrx_word' id='word_1_49' title='bbox 500 735 567 775; x_wconf 88' lang='lat' dir='ltr'>his</span> <span class='ocrx_word' id='word_1_50' title='bbox 608 750 719 788; x_wconf 88' lang='lat' dir='ltr'>quos</span> <span class='ocrx_word' id='word_1_51' title='bbox 763 736 1098 784; x_wconf 78' lang='lat' dir='ltr'>nominavimus,</span> <span class='ocrx_word' id='word_1_52' title='bbox 1133 735 1296 786; x_wconf 92' lang='lat' dir='ltr'>quique</span> <span class='ocrx_word' id='word_1_53' title='bbox 1333 734 1388 773; x_wconf 91' lang='lat' dir='ltr'>de</span> <span class='ocrx_word' id='word_1_54' title='bbox 1425 733 1713 773; x_wconf 74' lang='lat' dir='ltr'>conscientiae-</span> 
     </span>
     <span class='ocr_line' id='line_1_9' title="bbox 239 806 1706 862; baseline -0.002 -13"><span class='ocrx_word' id='word_1_55' title='bbox 239 808 509 849; x_wconf 85' lang='lat' dir='ltr'>discussione</span> <span class='ocrx_word' id='word_1_56' title='bbox 540 810 812 862; x_wconf 60' lang='lat' dir='ltr'>praecipiunt,</span> <span class='ocrx_word' id='word_1_57' title='bbox 836 809 893 849; x_wconf 88' lang='lat' dir='ltr'>ad</span> <span class='ocrx_word' id='word_1_58' title='bbox 917 809 1134 848; x_wconf 77' lang='lat' dir='ltr'>examinis</span> <span class='ocrx_word' id='word_1_59' title='bbox 1164 809 1380 848; x_wconf 88' lang='lat' dir='ltr'>rationem</span> <span class='ocrx_word' id='word_1_60' title='bbox 1404 806 1601 855; x_wconf 86' lang='lat' dir='ltr'>afferant,</span> <span class='ocrx_word' id='word_1_61' title='bbox 1626 819 1706 846; x_wconf 92' lang='lat' dir='ltr'>nec</span> 
     </span>
     <span class='ocr_line' id='line_1_10' title="bbox 241 880 1708 935; baseline -0.003 -11"><span class='ocrx_word' id='word_1_62' title='bbox 241 883 351 924; x_wconf 83' lang='lat' dir='ltr'>ratio</span> <span class='ocrx_word' id='word_1_63' title='bbox 370 883 464 935; x_wconf 87' lang='lat' dir='ltr'>ipsa</span> <span class='ocrx_word' id='word_1_64' title='bbox 482 883 645 923; x_wconf 83' lang='lat' dir='ltr'>indicet</span> <span class='ocrx_word' id='word_1_65' title='bbox 662 883 904 922; x_wconf 78' lang='lat' dir='ltr'>admodum</span> <span class='ocrx_word' id='word_1_66' title='bbox 924 882 1240 921; x_wconf 88' lang='lat' dir='ltr'>necessitatem.</span> <span class='ocrx_word' id='word_1_67' title='bbox 1277 880 1506 932; x_wconf 83' lang='lat' dir='ltr'>Siquidem</span> <span class='ocrx_word' id='word_1_68' title='bbox 1531 880 1708 933; x_wconf 88' lang='lat' dir='ltr'>“signa-</span> 
     </span>
     <span class='ocr_line' id='line_1_11' title="bbox 241 952 1711 1008; baseline -0.002 -11"><span class='ocrx_word' id='word_1_69' title='bbox 241 961 337 999; x_wconf 88' lang='lat' dir='ltr'>tum</span> <span class='ocrx_word' id='word_1_70' title='bbox 368 963 433 996; x_wconf 87' lang='lat' dir='ltr'>est</span> <span class='ocrx_word' id='word_1_71' title='bbox 465 970 595 1008; x_wconf 85' lang='lat' dir='ltr'>super</span> <span class='ocrx_word' id='word_1_72' title='bbox 616 970 695 995; x_wconf 89' lang='lat' dir='ltr'>nos</span> <span class='ocrx_word' id='word_1_73' title='bbox 719 956 866 995; x_wconf 90' lang='lat' dir='ltr'>lumen</span> <span class='ocrx_word' id='word_1_74' title='bbox 887 955 1033 995; x_wconf 85' lang='lat' dir='ltr'>vultus</span> <span class='ocrx_word' id='word_1_75' title='bbox 1057 954 1140 993; x_wconf 91' lang='lat' dir='ltr'>Dei</span> <span class='ocrx_word' id='word_1_76' title='bbox 1164 952 1353 1002; x_wconf 76' lang='lat' dir='ltr'>nostri‚“¹</span> <span class='ocrx_word' id='word_1_77' title='bbox 1377 967 1465 1005; x_wconf 91' lang='lat' dir='ltr'>quo</span> <span class='ocrx_word' id='word_1_78' title='bbox 1489 953 1654 994; x_wconf 84' lang='lat' dir='ltr'>malum</span> <span class='ocrx_word' id='word_1_79' title='bbox 1684 968 1711 994; x_wconf 80' lang='lat' dir='ltr'>a</span> 
     </span>
     <span class='ocr_line' id='line_1_12' title="bbox 244 1026 1712 1082; baseline -0.003 -12"><span class='ocrx_word' id='word_1_80' title='bbox 244 1030 362 1071; x_wconf 89' lang='lat' dir='ltr'>bono</span> <span class='ocrx_word' id='word_1_81' title='bbox 395 1043 628 1082; x_wconf 89' lang='lat' dir='ltr'>possumus</span> <span class='ocrx_word' id='word_1_82' title='bbox 661 1029 980 1077; x_wconf 88' lang='lat' dir='ltr'>internoscere;</span> <span class='ocrx_word' id='word_1_83' title='bbox 1014 1035 1057 1068; x_wconf 92' lang='lat' dir='ltr'>et</span> <span class='ocrx_word' id='word_1_84' title='bbox 1087 1028 1387 1079; x_wconf 79' lang='lat' dir='ltr'>unusquisque</span> <span class='ocrx_word' id='word_1_85' title='bbox 1417 1041 1542 1066; x_wconf 87' lang='lat' dir='ltr'>suam</span> <span class='ocrx_word' id='word_1_86' title='bbox 1575 1026 1712 1067; x_wconf 78' lang='lat' dir='ltr'>habet</span> 
     </span>
     <span class='ocr_line' id='line_1_13' title="bbox 244 1100 1721 1157; baseline -0.002 -13"><span class='ocrx_word' id='word_1_87' title='bbox 244 1103 517 1157; x_wconf 81' lang='lat' dir='ltr'>synderesim</span> <span class='ocrx_word' id='word_1_88' title='bbox 541 1109 585 1143; x_wconf 90' lang='lat' dir='ltr'>et</span> <span class='ocrx_word' id='word_1_89' title='bbox 616 1103 931 1143; x_wconf 77' lang='lat' dir='ltr'>conscientiam</span> <span class='ocrx_word' id='word_1_90' title='bbox 962 1102 1019 1142; x_wconf 89' lang='lat' dir='ltr'>ad</span> <span class='ocrx_word' id='word_1_91' title='bbox 1049 1102 1273 1155; x_wconf 86' lang='lat' dir='ltr'>arguenda</span> <span class='ocrx_word' id='word_1_92' title='bbox 1303 1108 1346 1141; x_wconf 91' lang='lat' dir='ltr'>et</span> <span class='ocrx_word' id='word_1_93' title='bbox 1371 1100 1563 1141; x_wconf 89' lang='lat' dir='ltr'>videnda</span> <span class='ocrx_word' id='word_1_94' title='bbox 1595 1100 1721 1141; x_wconf 66' lang='lat' dir='ltr'>mala</span> 
     </span>
     <span class='ocr_line' id='line_1_14' title="bbox 245 1174 1719 1229; baseline -0.004 -11"><span class='ocrx_word' id='word_1_95' title='bbox 245 1192 336 1226; x_wconf 89' lang='lat' dir='ltr'>sua,</span> <span class='ocrx_word' id='word_1_96' title='bbox 368 1177 488 1218; x_wconf 90' lang='lat' dir='ltr'>nullo</span> <span class='ocrx_word' id='word_1_97' title='bbox 522 1177 609 1217; x_wconf 91' lang='lat' dir='ltr'>alio</span> <span class='ocrx_word' id='word_1_98' title='bbox 640 1177 852 1229; x_wconf 87' lang='lat' dir='ltr'>magistro</span> <span class='ocrx_word' id='word_1_99' title='bbox 890 1176 1101 1225; x_wconf 87' lang='lat' dir='ltr'>adhibito,</span> <span class='ocrx_word' id='word_1_100' title='bbox 1136 1182 1212 1216; x_wconf 88' lang='lat' dir='ltr'>aut</span> <span class='ocrx_word' id='word_1_101' title='bbox 1248 1174 1516 1215; x_wconf 87' lang='lat' dir='ltr'>adminiculo</span> <span class='ocrx_word' id='word_1_102' title='bbox 1547 1175 1719 1228; x_wconf 60' lang='lat' dir='ltr'>gratiae„</span> 
     </span>
     <span class='ocr_line' id='line_1_15' title="bbox 247 1248 1721 1302; baseline -0.003 -11"><span class='ocrx_word' id='word_1_103' title='bbox 247 1254 270 1272; x_wconf 85' lang='lat'>“</span> <span class='ocrx_word' id='word_1_104' title='bbox 290 1252 403 1292; x_wconf 77' lang='lat' dir='ltr'>Haec</span> <span class='ocrx_word' id='word_1_105' title='bbox 426 1257 492 1294; x_wconf 79' lang='lat' dir='ltr'>est</span> <span class='ocrx_word' id='word_1_106' title='bbox 516 1250 668 1300; x_wconf 88' lang='lat' dir='ltr'>enim,”</span> <span class='ocrx_word' id='word_1_107' title='bbox 693 1256 740 1291; x_wconf 89' lang='lat' dir='ltr'>ut</span> <span class='ocrx_word' id='word_1_108' title='bbox 764 1250 1017 1292; x_wconf 87' lang='lat' dir='ltr'>Dorotheus</span> <span class='ocrx_word' id='word_1_109' title='bbox 1051 1250 1122 1297; x_wconf 87' lang='lat' dir='ltr'>ait,</span> <span class='ocrx_word' id='word_1_110' title='bbox 1147 1253 1168 1269; x_wconf 88' lang='lat'>“</span> <span class='ocrx_word' id='word_1_111' title='bbox 1186 1264 1284 1302; x_wconf 73' lang='lat' dir='ltr'>quae</span> <span class='ocrx_word' id='word_1_112' title='bbox 1308 1249 1413 1288; x_wconf 88' lang='lat' dir='ltr'>dicit</span> <span class='ocrx_word' id='word_1_113' title='bbox 1435 1248 1589 1288; x_wconf 87' lang='lat' dir='ltr'>nobis:</span> <span class='ocrx_word' id='word_1_114' title='bbox 1614 1249 1721 1297; x_wconf 70' lang='lat' dir='ltr'>Fac,</span> 
     </span>
     <span class='ocr_line' id='line_1_16' title="bbox 248 1322 1725 1377; baseline -0.001 -10"><span class='ocrx_word' id='word_1_115' title='bbox 248 1331 325 1367; x_wconf 90' lang='lat' dir='ltr'>aut</span> <span class='ocrx_word' id='word_1_116' title='bbox 358 1338 410 1364; x_wconf 86' lang='lat' dir='ltr'>ne</span> <span class='ocrx_word' id='word_1_117' title='bbox 443 1324 537 1374; x_wconf 85' lang='lat' dir='ltr'>sac;</span> <span class='ocrx_word' id='word_1_118' title='bbox 578 1331 848 1377; x_wconf 85' lang='lat' dir='ltr'>vocaturque</span> <span class='ocrx_word' id='word_1_119' title='bbox 881 1325 937 1365; x_wconf 87' lang='lat' dir='ltr'>ab</span> <span class='ocrx_word' id='word_1_120' title='bbox 969 1338 1021 1365; x_wconf 93' lang='lat' dir='ltr'>eo</span> <span class='ocrx_word' id='word_1_121' title='bbox 1055 1326 1237 1375; x_wconf 73' lang='grc' dir='ltr'><em>λογισμὸς,</em></span> <span class='ocrx_word' id='word_1_122' title='bbox 1272 1323 1314 1362; x_wconf 86' lang='lat' dir='ltr'>id</span> <span class='ocrx_word' id='word_1_123' title='bbox 1340 1328 1417 1369; x_wconf 76' lang='lat' dir='ltr'>est,</span> <span class='ocrx_word' id='word_1_124' title='bbox 1441 1322 1725 1363; x_wconf 68' lang='lat' dir='ltr'>ratiocinatio</span> 
     </span>
     <span class='ocr_line' id='line_1_17' title="bbox 250 1398 829 1440; baseline -0.002 0"><span class='ocrx_word' id='word_1_125' title='bbox 250 1398 502 1440; x_wconf 89' lang='lat' dir='ltr'>illuminans</span> <span class='ocrx_word' id='word_1_126' title='bbox 535 1404 730 1440; x_wconf 86' lang='lat' dir='ltr'>mentem</span> <span class='ocrx_word' id='word_1_127' title='bbox 749 1398 797 1439; x_wconf 85' lang='lat'>?&#39;&#39;</span> <span class='ocrx_word' id='word_1_128' title='bbox 814 1398 829 1421; x_wconf 70' lang='lat'>‘2</span> 
     </span>
    </p>

    <p class='ocr_par' dir='ltr' id='par_1_4' title="bbox 252 1473 1724 2049">
     <span class='ocr_line' id='line_1_18' title="bbox 339 1473 1718 1526; baseline 0.001 -13"><span class='ocrx_word' id='word_1_129' title='bbox 339 1473 633 1526; x_wconf 87' lang='lat' dir='ltr'>Respondeo:</span> <span class='ocrx_word' id='word_1_130' title='bbox 667 1473 800 1526; x_wconf 77' lang='lat' dir='ltr'>Quod</span> <span class='ocrx_word' id='word_1_131' title='bbox 832 1473 888 1514; x_wconf 89' lang='lat' dir='ltr'>ad</span> <span class='ocrx_word' id='word_1_132' title='bbox 917 1474 1066 1514; x_wconf 87' lang='lat' dir='ltr'>Patres</span> <span class='ocrx_word' id='word_1_133' title='bbox 1089 1478 1133 1513; x_wconf 92' lang='lat' dir='ltr'>et</span> <span class='ocrx_word' id='word_1_134' title='bbox 1156 1474 1343 1514; x_wconf 62' lang='lat' dir='ltr'>§anctos</span> <span class='ocrx_word' id='word_1_135' title='bbox 1367 1473 1535 1519; x_wconf 79' lang='lat' dir='ltr'>attinet,</span> <span class='ocrx_word' id='word_1_136' title='bbox 1559 1473 1718 1514; x_wconf 85' lang='lat' dir='ltr'>mirum</span> 
     </span>
     <span class='ocr_line' id='line_1_19' title="bbox 252 1547 1720 1601; baseline -0.001 -11"><span class='ocrx_word' id='word_1_137' title='bbox 252 1562 340 1591; x_wconf 89' lang='lat' dir='ltr'>non</span> <span class='ocrx_word' id='word_1_138' title='bbox 375 1561 469 1588; x_wconf 90' lang='lat' dir='ltr'>esse</span> <span class='ocrx_word' id='word_1_139' title='bbox 504 1548 538 1588; x_wconf 89' lang='lat' dir='ltr'>si</span> <span class='ocrx_word' id='word_1_140' title='bbox 573 1547 629 1588; x_wconf 91' lang='lat' dir='ltr'>de</span> <span class='ocrx_word' id='word_1_141' title='bbox 660 1547 743 1588; x_wconf 88' lang='lat' dir='ltr'>hac</span> <span class='ocrx_word' id='word_1_142' title='bbox 773 1554 1055 1601; x_wconf 86' lang='lat' dir='ltr'>peccatorum</span> <span class='ocrx_word' id='word_1_143' title='bbox 1088 1547 1338 1600; x_wconf 84' lang='lat' dir='ltr'>cognitione</span> <span class='ocrx_word' id='word_1_144' title='bbox 1374 1561 1400 1588; x_wconf 91' lang='lat' dir='ltr'>a</span> <span class='ocrx_word' id='word_1_145' title='bbox 1432 1547 1530 1588; x_wconf 91' lang='lat' dir='ltr'>Deo</span> <span class='ocrx_word' id='word_1_146' title='bbox 1568 1553 1720 1600; x_wconf 87' lang='lat' dir='ltr'>postu-</span> 
     </span>
     <span class='ocr_line' id='line_1_20' title="bbox 253 1621 1722 1674; baseline -0.003 -9"><span class='ocrx_word' id='word_1_147' title='bbox 253 1622 386 1665; x_wconf 85' lang='lat' dir='ltr'>landa</span> <span class='ocrx_word' id='word_1_148' title='bbox 418 1621 524 1661; x_wconf 89' lang='lat' dir='ltr'>nihil</span> <span class='ocrx_word' id='word_1_149' title='bbox 551 1621 841 1671; x_wconf 89' lang='lat' dir='ltr'>meminerint,</span> <span class='ocrx_word' id='word_1_150' title='bbox 867 1622 1115 1663; x_wconf 87' lang='lat' dir='ltr'>meminerit</span> <span class='ocrx_word' id='word_1_151' title='bbox 1138 1627 1286 1662; x_wconf 87' lang='lat' dir='ltr'>autem</span> <span class='ocrx_word' id='word_1_152' title='bbox 1310 1634 1421 1661; x_wconf 86' lang='lat' dir='ltr'>unus</span> <span class='ocrx_word' id='word_1_153' title='bbox 1445 1622 1487 1661; x_wconf 88' lang='lat' dir='ltr'>P.</span> <span class='ocrx_word' id='word_1_154' title='bbox 1507 1621 1722 1674; x_wconf 44' lang='lat' dir='ltr'>Ignatius,</span> 
     </span>
     <span class='ocr_line' id='line_1_21' title="bbox 256 1696 1720 1750; baseline -0.002 -13"><span class='ocrx_word' id='word_1_155' title='bbox 256 1696 373 1750; x_wconf 76' lang='lat' dir='ltr'>Quia</span> <span class='ocrx_word' id='word_1_156' title='bbox 406 1697 506 1738; x_wconf 91' lang='lat' dir='ltr'>licet</span> <span class='ocrx_word' id='word_1_157' title='bbox 539 1696 664 1737; x_wconf 89' lang='lat' dir='ltr'>multi</span> <span class='ocrx_word' id='word_1_158' title='bbox 703 1698 758 1736; x_wconf 91' lang='lat' dir='ltr'>de</span> <span class='ocrx_word' id='word_1_159' title='bbox 800 1697 1078 1737; x_wconf 81' lang='lat' dir='ltr'>conscientiae</span> <span class='ocrx_word' id='word_1_160' title='bbox 1113 1697 1382 1736; x_wconf 79' lang='lat' dir='ltr'>discussione</span> <span class='ocrx_word' id='word_1_161' title='bbox 1419 1696 1720 1748; x_wconf 59' lang='lat' dir='ltr'>praeceperint,</span> 
     </span>
     <span class='ocr_line' id='line_1_22' title="bbox 256 1769 1723 1824; baseline -0.002 -12"><span class='ocrx_word' id='word_1_162' title='bbox 256 1785 388 1812; x_wconf 90' lang='lat' dir='ltr'>nemo</span> <span class='ocrx_word' id='word_1_163' title='bbox 419 1778 568 1812; x_wconf 88' lang='lat' dir='ltr'>tamen</span> <span class='ocrx_word' id='word_1_164' title='bbox 604 1777 809 1812; x_wconf 80' lang='lat' dir='ltr'>exactam</span> <span class='ocrx_word' id='word_1_165' title='bbox 849 1771 942 1824; x_wconf 86' lang='lat' dir='ltr'>ejus</span> <span class='ocrx_word' id='word_1_166' title='bbox 973 1771 1160 1812; x_wconf 84' lang='lat' dir='ltr'>formam</span> <span class='ocrx_word' id='word_1_167' title='bbox 1194 1772 1497 1822; x_wconf 86' lang='lat' dir='ltr'>rationemque</span> <span class='ocrx_word' id='word_1_168' title='bbox 1528 1769 1723 1818; x_wconf 82' lang='lat' dir='ltr'>tradidit,</span> 
     </span>
     <span class='ocr_line' id='line_1_23' title="bbox 255 1843 1722 1899; baseline -0.003 -11"><span class='ocrx_word' id='word_1_169' title='bbox 255 1846 367 1889; x_wconf 85' lang='lat' dir='ltr'>sicut</span> <span class='ocrx_word' id='word_1_170' title='bbox 391 1852 538 1887; x_wconf 89' lang='lat' dir='ltr'>noster</span> <span class='ocrx_word' id='word_1_171' title='bbox 561 1846 772 1899; x_wconf 78' lang='lat' dir='ltr'>ignatius,</span> <span class='ocrx_word' id='word_1_172' title='bbox 797 1846 870 1898; x_wconf 89' lang='lat' dir='ltr'>qui</span> <span class='ocrx_word' id='word_1_173' title='bbox 902 1859 989 1886; x_wconf 92' lang='lat' dir='ltr'>non</span> <span class='ocrx_word' id='word_1_174' title='bbox 1012 1845 1146 1885; x_wconf 90' lang='lat' dir='ltr'>modo</span> <span class='ocrx_word' id='word_1_175' title='bbox 1170 1858 1266 1884; x_wconf 84' lang='lat' dir='ltr'>eam</span> <span class='ocrx_word' id='word_1_176' title='bbox 1290 1843 1458 1896; x_wconf 80' lang='lat' dir='ltr'>redegit</span> <span class='ocrx_word' id='word_1_177' title='bbox 1480 1843 1535 1883; x_wconf 90' lang='lat' dir='ltr'>ad</span> <span class='ocrx_word' id='word_1_178' title='bbox 1558 1848 1722 1884; x_wconf 87' lang='lat' dir='ltr'>certam</span> 
     </span>
     <span class='ocr_line' id='line_1_24' title="bbox 257 1917 1724 1972; baseline -0.004 -10"><span class='ocrx_word' id='word_1_179' title='bbox 257 1922 457 1972; x_wconf 84' lang='lat' dir='ltr'>formam,</span> <span class='ocrx_word' id='word_1_180' title='bbox 492 1934 642 1961; x_wconf 78' lang='lat' dir='ltr'>verum</span> <span class='ocrx_word' id='word_1_181' title='bbox 681 1920 813 1961; x_wconf 85' lang='lat' dir='ltr'>etiam</span> <span class='ocrx_word' id='word_1_182' title='bbox 852 1925 970 1960; x_wconf 85' lang='lat' dir='ltr'>certa</span> <span class='ocrx_word' id='word_1_183' title='bbox 1011 1919 1109 1972; x_wconf 85' lang='lat' dir='ltr'>lege</span> <span class='ocrx_word' id='word_1_184' title='bbox 1151 1924 1406 1970; x_wconf 83' lang='lat' dir='ltr'>statutoque</span> <span class='ocrx_word' id='word_1_185' title='bbox 1447 1917 1724 1970; x_wconf 73' lang='lat' dir='ltr'>praescripsit,</span> 
     </span>
     <span class='ocr_line' id='line_1_25' title="bbox 257 1996 706 2049; baseline -0.007 -12"><span class='ocrx_word' id='word_1_186' title='bbox 257 2003 305 2037; x_wconf 89' lang='lat' dir='ltr'>ut</span> <span class='ocrx_word' id='word_1_187' title='bbox 339 2009 470 2049; x_wconf 87' lang='lat' dir='ltr'>supra</span> <span class='ocrx_word' id='word_1_188' title='bbox 502 1996 706 2035; x_wconf 80' lang='lat' dir='ltr'>diximus.</span> 
     </span>
    </p>

    <p class='ocr_par' dir='ltr' id='par_1_5' title="bbox 261 2064 1736 2863">
     <span class='ocr_line' id='line_1_26' title="bbox 349 2064 1730 2123; baseline -0.006 -13"><span class='ocrx_word' id='word_1_189' title='bbox 349 2070 481 2123; x_wconf 76' lang='lat' dir='ltr'>Quod</span> <span class='ocrx_word' id='word_1_190' title='bbox 516 2075 664 2109; x_wconf 85' lang='lat' dir='ltr'>autem</span> <span class='ocrx_word' id='word_1_191' title='bbox 699 2068 794 2108; x_wconf 79' lang='lat' dir='ltr'>haec</span> <span class='ocrx_word' id='word_1_192' title='bbox 830 2067 1094 2121; x_wconf 86' lang='lat' dir='ltr'>cognitionis</span> <span class='ocrx_word' id='word_1_193' title='bbox 1128 2064 1370 2119; x_wconf 86' lang='lat' dir='ltr'>postulatio</span> <span class='ocrx_word' id='word_1_194' title='bbox 1405 2078 1493 2104; x_wconf 89' lang='lat' dir='ltr'>non</span> <span class='ocrx_word' id='word_1_195' title='bbox 1528 2064 1730 2104; x_wconf 87' lang='lat' dir='ltr'>videatur</span> 
     </span>
     <span class='ocr_line' id='line_1_27' title="bbox 261 2138 1728 2195; baseline -0.005 -11"><span class='ocrx_word' id='word_1_196' title='bbox 261 2144 503 2186; x_wconf 87' lang='lat' dir='ltr'>admodum</span> <span class='ocrx_word' id='word_1_197' title='bbox 541 2144 796 2189; x_wconf 88' lang='lat' dir='ltr'>necessaria,</span> <span class='ocrx_word' id='word_1_198' title='bbox 825 2143 927 2195; x_wconf 90' lang='lat' dir='ltr'>quia</span> <span class='ocrx_word' id='word_1_199' title='bbox 969 2140 1280 2192; x_wconf 87' lang='lat' dir='ltr'>unusquisque,</span> <span class='ocrx_word' id='word_1_200' title='bbox 1319 2139 1488 2178; x_wconf 90' lang='lat' dir='ltr'>ratione</span> <span class='ocrx_word' id='word_1_201' title='bbox 1525 2138 1635 2177; x_wconf 90' lang='lat' dir='ltr'>duce</span> <span class='ocrx_word' id='word_1_202' title='bbox 1677 2150 1728 2177; x_wconf 93' lang='lat' dir='ltr'>ac</span> 
     </span>
     <span class='ocr_line' id='line_1_28' title="bbox 262 2212 1730 2270; baseline -0.005 -13"><span class='ocrx_word' id='word_1_203' title='bbox 262 2219 482 2270; x_wconf 82' lang='lat' dir='ltr'>magistra,</span> <span class='ocrx_word' id='word_1_204' title='bbox 521 2217 638 2256; x_wconf 87' lang='lat' dir='ltr'>mala</span> <span class='ocrx_word' id='word_1_205' title='bbox 679 2230 757 2256; x_wconf 87' lang='lat' dir='ltr'>sua</span> <span class='ocrx_word' id='word_1_206' title='bbox 788 2216 935 2264; x_wconf 87' lang='lat' dir='ltr'>videt;</span> <span class='ocrx_word' id='word_1_207' title='bbox 972 2227 1123 2254; x_wconf 88' lang='lat' dir='ltr'>verum</span> <span class='ocrx_word' id='word_1_208' title='bbox 1156 2213 1199 2252; x_wconf 90' lang='lat' dir='ltr'>id</span> <span class='ocrx_word' id='word_1_209' title='bbox 1233 2218 1358 2259; x_wconf 87' lang='lat' dir='ltr'>esset,</span> <span class='ocrx_word' id='word_1_210' title='bbox 1393 2212 1427 2251; x_wconf 93' lang='lat' dir='ltr'>si</span> <span class='ocrx_word' id='word_1_211' title='bbox 1471 2216 1515 2250; x_wconf 91' lang='lat' dir='ltr'>et</span> <span class='ocrx_word' id='word_1_212' title='bbox 1555 2223 1730 2263; x_wconf 89' lang='lat' dir='ltr'>semper</span> 
     </span>
     <span class='ocr_line' id='line_1_29' title="bbox 261 2284 1729 2345; baseline -0.005 -14"><span class='ocrx_word' id='word_1_213' title='bbox 261 2292 463 2345; x_wconf 79' lang='lat' dir='ltr'>graviora</span> <span class='ocrx_word' id='word_1_214' title='bbox 499 2290 660 2330; x_wconf 87' lang='lat' dir='ltr'>delicta</span> <span class='ocrx_word' id='word_1_215' title='bbox 698 2290 807 2329; x_wconf 87' lang='lat' dir='ltr'>ratio</span> <span class='ocrx_word' id='word_1_216' title='bbox 844 2288 971 2328; x_wconf 89' lang='lat' dir='ltr'>nobis</span> <span class='ocrx_word' id='word_1_217' title='bbox 1009 2286 1271 2335; x_wconf 86' lang='lat' dir='ltr'>ostenderet,</span> <span class='ocrx_word' id='word_1_218' title='bbox 1312 2291 1354 2325; x_wconf 81' lang='lat' dir='ltr'>et</span> <span class='ocrx_word' id='word_1_219' title='bbox 1392 2284 1448 2324; x_wconf 86' lang='lat' dir='ltr'>ad</span> <span class='ocrx_word' id='word_1_220' title='bbox 1485 2284 1729 2324; x_wconf 86' lang='lat' dir='ltr'>levissimas</span> 
     </span>
     <span class='ocr_line' id='line_1_30' title="bbox 263 2355 1728 2417; baseline -0.007 -12"><span class='ocrx_word' id='word_1_221' title='bbox 263 2364 415 2417; x_wconf 55' lang='lat' dir='ltr'>culpas</span> <span class='ocrx_word' id='word_1_222' title='bbox 453 2378 550 2416; x_wconf 66' lang='lat' dir='ltr'>quae</span> <span class='ocrx_word' id='word_1_223' title='bbox 600 2363 834 2415; x_wconf 88' lang='lat' dir='ltr'>Religiosis</span> <span class='ocrx_word' id='word_1_224' title='bbox 885 2361 1078 2401; x_wconf 63' lang='lat' dir='ltr'>vitandae</span> <span class='ocrx_word' id='word_1_225' title='bbox 1125 2365 1226 2399; x_wconf 90' lang='lat' dir='ltr'>sunt</span> <span class='ocrx_word' id='word_1_226' title='bbox 1272 2357 1580 2412; x_wconf 76' lang='lat' dir='ltr'>praevidendas</span> <span class='ocrx_word' id='word_1_227' title='bbox 1622 2355 1728 2404; x_wconf 88' lang='lat' dir='ltr'>sola,</span> 
     </span>
     <span class='ocr_line' id='line_1_31' title="bbox 264 2432 1732 2489; baseline -0.007 -9"><span class='ocrx_word' id='word_1_228' title='bbox 264 2440 357 2480; x_wconf 90' lang='lat' dir='ltr'>sine</span> <span class='ocrx_word' id='word_1_229' title='bbox 399 2438 526 2488; x_wconf 76' lang='lat' dir='ltr'>ullius</span> <span class='ocrx_word' id='word_1_230' title='bbox 572 2437 744 2481; x_wconf 72' lang='lat' dir='ltr'>Divinae</span> <span class='ocrx_word' id='word_1_231' title='bbox 787 2436 940 2489; x_wconf 76' lang='lat' dir='ltr'>gratiae</span> <span class='ocrx_word' id='word_1_232' title='bbox 981 2432 1261 2481; x_wconf 86' lang='lat' dir='ltr'>adminiculo,</span> <span class='ocrx_word' id='word_1_233' title='bbox 1294 2432 1399 2472; x_wconf 91' lang='lat' dir='ltr'>satis</span> <span class='ocrx_word' id='word_1_234' title='bbox 1443 2436 1584 2479; x_wconf 90' lang='lat' dir='ltr'>esset;</span> <span class='ocrx_word' id='word_1_235' title='bbox 1617 2443 1732 2470; x_wconf 91' lang='lat' dir='ltr'>nunc</span> 
     </span>
     <span class='ocr_line' id='line_1_32' title="bbox 265 2503 1732 2563; baseline -0.007 -11"><span class='ocrx_word' id='word_1_236' title='bbox 265 2518 428 2563; x_wconf 86' lang='lat' dir='ltr'>autem,</span> <span class='ocrx_word' id='word_1_237' title='bbox 452 2524 551 2554; x_wconf 77' lang='lat' dir='ltr'>cum</span> <span class='ocrx_word' id='word_1_238' title='bbox 585 2523 784 2563; x_wconf 59' lang='lat' dir='ltr'>&gt;persaepe</span> <span class='ocrx_word' id='word_1_239' title='bbox 819 2510 1100 2550; x_wconf 87' lang='lat' dir='ltr'>obscuratum</span> <span class='ocrx_word' id='word_1_240' title='bbox 1133 2508 1189 2547; x_wconf 92' lang='lat' dir='ltr'>sit</span> <span class='ocrx_word' id='word_1_241' title='bbox 1223 2505 1371 2545; x_wconf 91' lang='lat' dir='ltr'>lumen</span> <span class='ocrx_word' id='word_1_242' title='bbox 1404 2503 1584 2544; x_wconf 90' lang='lat' dir='ltr'>rationis</span> <span class='ocrx_word' id='word_1_243' title='bbox 1613 2503 1732 2555; x_wconf 91' lang='lat' dir='ltr'>quod</span> 
     </span>
     <span class='ocr_line' id='line_1_33' title="bbox 265 2577 1732 2638; baseline -0.007 -13"><span class='ocrx_word' id='word_1_244' title='bbox 265 2587 490 2638; x_wconf 82' lang='lat' dir='ltr'>signatum</span> <span class='ocrx_word' id='word_1_245' title='bbox 524 2590 589 2624; x_wconf 85' lang='lat' dir='ltr'>est</span> <span class='ocrx_word' id='word_1_246' title='bbox 621 2597 752 2636; x_wconf 83' lang='lat' dir='ltr'>super</span> <span class='ocrx_word' id='word_1_247' title='bbox 782 2597 873 2632; x_wconf 88' lang='lat' dir='ltr'>nos,</span> <span class='ocrx_word' id='word_1_248' title='bbox 895 2588 991 2622; x_wconf 88' lang='lat' dir='ltr'>tum</span> <span class='ocrx_word' id='word_1_249' title='bbox 1021 2583 1273 2634; x_wconf 62' lang='lat' dir='ltr'>depravatae</span> <span class='ocrx_word' id='word_1_250' title='bbox 1307 2584 1474 2619; x_wconf 77' lang='lat' dir='ltr'>naturae</span> <span class='ocrx_word' id='word_1_251' title='bbox 1496 2577 1614 2626; x_wconf 89' lang='lat' dir='ltr'>vitio,</span> <span class='ocrx_word' id='word_1_252' title='bbox 1638 2582 1732 2617; x_wconf 91' lang='lat' dir='ltr'>tum</span> 
     </span>
     <span class='ocr_line' id='line_1_34' title="bbox 265 2651 1734 2713; baseline -0.007 -13"><span class='ocrx_word' id='word_1_253' title='bbox 265 2666 548 2713; x_wconf 84' lang='lat' dir='ltr'>peccatorum</span> <span class='ocrx_word' id='word_1_254' title='bbox 583 2664 716 2710; x_wconf 87' lang='lat' dir='ltr'>atque</span> <span class='ocrx_word' id='word_1_255' title='bbox 751 2657 1034 2697; x_wconf 86' lang='lat' dir='ltr'>affectionum</span> <span class='ocrx_word' id='word_1_256' title='bbox 1077 2654 1302 2702; x_wconf 87' lang='lat' dir='ltr'>illecebris,</span> <span class='ocrx_word' id='word_1_257' title='bbox 1337 2652 1437 2693; x_wconf 89' lang='lat' dir='ltr'>hinc</span> <span class='ocrx_word' id='word_1_258' title='bbox 1474 2651 1523 2691; x_wconf 87' lang='lat' dir='ltr'>fit</span> <span class='ocrx_word' id='word_1_259' title='bbox 1564 2655 1613 2690; x_wconf 92' lang='lat' dir='ltr'>ut</span> <span class='ocrx_word' id='word_1_260' title='bbox 1654 2663 1734 2691; x_wconf 89' lang='lat' dir='ltr'>nec</span> 
     </span>
     <span class='ocr_line' id='line_1_35' title="bbox 267 2725 1735 2785; baseline -0.007 -12"><span class='ocrx_word' id='word_1_261' title='bbox 267 2746 442 2785; x_wconf 86' lang='lat' dir='ltr'>semper</span> <span class='ocrx_word' id='word_1_262' title='bbox 478 2733 521 2772; x_wconf 93' lang='lat' dir='ltr'>in</span> <span class='ocrx_word' id='word_1_263' title='bbox 546 2745 635 2784; x_wconf 92' lang='lat' dir='ltr'>quo</span> <span class='ocrx_word' id='word_1_264' title='bbox 669 2731 966 2783; x_wconf 88' lang='lat' dir='ltr'>delinquimus</span> <span class='ocrx_word' id='word_1_265' title='bbox 1000 2728 1149 2769; x_wconf 88' lang='lat' dir='ltr'>videre</span> <span class='ocrx_word' id='word_1_266' title='bbox 1182 2727 1415 2781; x_wconf 91' lang='lat' dir='ltr'>possimus,</span> <span class='ocrx_word' id='word_1_267' title='bbox 1440 2738 1519 2765; x_wconf 89' lang='lat' dir='ltr'>nec</span> <span class='ocrx_word' id='word_1_268' title='bbox 1542 2725 1735 2764; x_wconf 90' lang='lat' dir='ltr'>minutas</span> 
     </span>
     <span class='ocr_line' id='line_1_36' title="bbox 268 2796 1736 2863; baseline -0.007 -17"><span class='ocrx_word' id='word_1_269' title='bbox 268 2805 484 2863; x_wconf 80' lang='lat' dir='ltr'>quasdam</span> <span class='ocrx_word' id='word_1_270' title='bbox 527 2818 681 2854; x_wconf 80' lang='lat' dir='ltr'>noxas,</span> <span class='ocrx_word' id='word_1_271' title='bbox 715 2817 900 2860; x_wconf 86' lang='lat' dir='ltr'>quarum</span> <span class='ocrx_word' id='word_1_272' title='bbox 944 2816 1025 2843; x_wconf 90' lang='lat' dir='ltr'>nos</span> <span class='ocrx_word' id='word_1_273' title='bbox 1068 2802 1151 2841; x_wconf 88' lang='lat' dir='ltr'>Dei</span> <span class='ocrx_word' id='word_1_274' title='bbox 1197 2800 1386 2853; x_wconf 85' lang='lat' dir='ltr'>Spiritus</span> <span class='ocrx_word' id='word_1_275' title='bbox 1423 2798 1541 2840; x_wconf 89' lang='lat' dir='ltr'>solus</span> <span class='ocrx_word' id='word_1_276' title='bbox 1582 2796 1736 2850; x_wconf 85' lang='lat' dir='ltr'>arguit,</span> 
     </span>
    </p>
   </div>
   <div class='ocr_carea' id='block_1_3' title="bbox 661 2890 1340 2937">
    <p class='ocr_par' dir='ltr' id='par_1_6' title="bbox 661 2890 1340 2937">
     <span class='ocr_line' id='line_1_37' title="bbox 661 2890 1340 2937; baseline -0.007 -12"><span class='ocrx_word' id='word_1_277' title='bbox 661 2892 672 2916; x_wconf 81' lang='lat'>1</span> <span class='ocrx_word' id='word_1_278' title='bbox 695 2893 780 2929; x_wconf 83' lang='lat' dir='ltr'>Psal.</span> <span class='ocrx_word' id='word_1_279' title='bbox 800 2903 831 2937; x_wconf 69' lang='grc'>4.,</span> <span class='ocrx_word' id='word_1_280' title='bbox 967 2891 980 2912; x_wconf 80' lang='lat'>‘·‘</span> <span class='ocrx_word' id='word_1_281' title='bbox 1005 2893 1057 2929; x_wconf 84' lang='lat' dir='ltr'>De</span> <span class='ocrx_word' id='word_1_282' title='bbox 1081 2891 1198 2923; x_wconf 82' lang='lat' dir='ltr'>Conse.</span> <span class='ocrx_word' id='word_1_283' title='bbox 1221 2890 1290 2922; x_wconf 87' lang='lat' dir='ltr'>Ser.</span> <span class='ocrx_word' id='word_1_284' title='bbox 1312 2897 1340 2930; x_wconf 88' lang='lat'>3.</span> 
     </span>
    </p>
   </div>
  </div>
 </body>
</html>
