1903 3197
247 123 345 168 680
578 122 657 168 De
690 123 881 170 ratione
914 125 1108 173 vivendi
1140 126 1400 176 Socz‘etalz's.

247 256 354 296 dum
387 261 454 295 est
486 261 530 295 et
562 255 695 309 loqui,
722 263 766 297 et
798 257 949 299 audire
980 259 1036 300 de
1067 260 1194 301 bonis
1227 262 1407 304 alienis:
1441 270 1489 305 ut
1520 267 1720 321 praecipit

249 329 564 382 Hieronymus,
590 331 633 370 in
667 331 805 384 Epist.
828 349 834 372 :
869 336 890 352 “
907 332 1125 387 Semper,’'
1150 336 1303 389 inquit,
1330 337 1562 391 “linguam
1595 346 1718 382 tuam

246 404 303 444 de
339 405 467 444 bonis
510 405 628 458 loqui
671 420 884 456 assuesce,
921 414 964 448 et
1000 410 1201 451 auditum
1239 417 1364 451 tuum
1402 413 1458 453 ad
1501 414 1718 456 bonorum

248 480 391 532 magis
424 479 613 529 laudem,
642 495 776 534 quam
809 482 866 522 ad
899 483 1115 525 malorum
1146 486 1514 539 vituperationem
1546 503 1720 530 accom-

249 553 419 595 moda.’'

334 634 393 678 40.
430 629 544 670 Cum
591 630 912 671 detractoribus
965 633 1215 685 praebemus
1262 649 1400 685 aureS,
1445 637 1497 676 iis
1548 639 1721 680 animos

248 703 417 753 damus,
452 709 500 744 ut
541 705 584 744 in
628 705 716 745 suis
759 706 1155 748 obtrectationibus
1198 723 1304 749 sane
1345 718 1558 763 pergant:
1600 714 1719 766 quod

246 784 400 818 eontra
444 779 673 827 accideret,
718 780 751 819 si
795 794 869 820 eos
912 794 938 820 a
979 781 1107 821 nobis
1155 791 1383 824 momento
1430 786 1719 840 abigeremus.

245 850 375 905 Quia,
400 859 448 893 ut
479 853 628 905 ajebat
655 855 837 907 quidam
865 855 930 894 vir
961 862 1167 897 sanctus:
1201 857 1382 899 “Discit
1414 873 1502 900 non
1534 861 1721 903 libenter

244 927 400 977 dicere,
434 929 553 980 quod
592 928 794 969 didicerit
831 943 919 969 non
956 930 1144 970 libenter
1180 932 1366 972 audire.”
1442 934 1502 974 Et
1537 934 1622 976 hoc
1653 943 1721 977 est

246 1002 453 1041 nimirum
498 1005 650 1043 “seras
688 1004 865 1043 auribus
908 1003 1087 1053 facere,”
1125 1012 1173 1045 ut
1215 1013 1367 1047 monet
1410 1008 1542 1049 Eccli.
1581 1024 1613 1050 c.
1653 1012 1719 1053 28.

245 1089 407 1129 easque
452 1078 628 1130 “sepire
665 1078 812 1130 spinis,
857 1092 907 1118 ac
953 1079 1194 1131 vepribus.''
1260 1081 1325 1121 Ut
1366 1082 1484 1123 enim
1526 1090 1571 1124 et
1611 1098 1720 1125 serae

245 1150 407 1200 ferreae,
452 1158 495 1192 et
537 1153 762 1205 spinarum
812 1153 1008 1193 densitas
1060 1154 1176 1204 facit,
1219 1161 1268 1195 ut
1309 1170 1389 1196 nec
1439 1158 1482 1197 in
1524 1159 1720 1210 domum,

245 1239 326 1265 nec
364 1226 407 1266 in
446 1227 768 1279 possessionem
809 1234 1006 1268 nostram
1049 1229 1216 1269 furibus
1255 1229 1401 1270 aditus
1438 1238 1615 1284 pateat,
1659 1234 1722 1274 sic

246 1300 406 1341 invitas
464 1301 786 1341 detractoribus
842 1316 968 1342 aures
1024 1303 1139 1352 dare,
1190 1303 1460 1345 detractores
1518 1307 1638 1360 ipsos
1693 1323 1722 1349 a

246 1375 522 1416 detrahendo
545 1383 712 1426 avocat,
738 1383 780 1417 et
802 1377 969 1417 avertit.
1036 1377 1166 1431 Saepe
1192 1379 1325 1419 etiam
1354 1380 1460 1419 dum
1483 1382 1719 1423 detractori

247 1450 458 1501 favemus,
494 1457 699 1491 naturam
743 1457 939 1490 nostram
982 1452 1376 1506 imperfectamque
1417 1456 1718 1498 conditionem

247 1525 486 1578 prodimus,
512 1532 555 1566 et
588 1526 638 1565 iis
671 1525 882 1565 scandalo
915 1540 1075 1566 sumus.
1142 1526 1207 1567 Ut
1238 1528 1293 1567 de
1324 1529 1591 1581 quibusdam
1623 1531 1720 1572 reli—

246 1600 380 1653 giosis
414 1607 560 1640 narrat
595 1601 917 1648 Bonaventura,
951 1601 994 1640 in
1030 1600 1154 1653 spec.
1180 1601 1302 1642 Disc.
1325 1617 1364 1655 p.
1387 1615 1424 1653 4.
1449 1617 1482 1643 c.
1509 1612 1543 1655 5.

339 1680 392 1724 50.
431 1674 477 1715 Si
510 1675 732 1714 detractor
764 1675 1026 1715 auctoritate
1060 1681 1252 1728 praestet,
1281 1682 1325 1716 et
1356 1678 1610 1730 opinionem
1644 1679 1720 1720 ali-

247 1762 381 1801 quam
415 1749 648 1801 probitatis
679 1749 852 1797 habeat,
877 1756 971 1789 tum
1006 1763 1086 1789 nos
1116 1750 1197 1803 ipsi
1230 1764 1406 1804 quoque
1435 1753 1719 1795 detractionis

246 1824 401 1863 vitium
437 1824 562 1864 facile
602 1824 871 1872 imbibimus
904 1839 984 1864 nec
1022 1838 1233 1878 magnum
1271 1825 1515 1867 admodum
1553 1828 1719 1870 malum

245 1905 456 1953 putamus
499 1900 541 1939 in
585 1901 713 1940 rebus
763 1900 931 1940 levibus
980 1900 1186 1952 proximo
1228 1900 1418 1953 obloqui.
1502 1902 1720 1957 Saepeque

245 1988 313 2014 res
356 1975 462 2028 ipsae
506 1975 623 2014 leves
661 1989 771 2028 quas
814 1981 1023 2027 putamus
1064 1975 1285 2027 graviores
1322 1976 1528 2028 opinione
1569 1986 1721 2020 nostra

246 2055 358 2089 sunt.
436 2049 652 2103 Magnum
698 2051 832 2103 igitur
873 2049 943 2089 hic
985 2049 1226 2103 periculum
1264 2057 1340 2100 est,
1376 2065 1431 2091 ne
1468 2052 1524 2093 ab
1560 2054 1612 2092 iis
1645 2055 1720 2107 qui

245 2124 514 2177 probitatem
548 2125 744 2177 aliquam
778 2125 1076 2178 praeseferunt,
1103 2125 1408 2165 condiscamus
1440 2126 1524 2167 hoc
1552 2128 1716 2170 vitium.

247 2198 476 2239 Debemus
507 2200 640 2252 igitur
662 2200 919 2239 existimare
952 2213 1081 2252 posse
1113 2200 1246 2239 etiam
1279 2200 1420 2240 bonos
1441 2202 1556 2241 viros
1588 2203 1720 2243 inter-

247 2273 354 2313 dum
374 2273 472 2323 labi,
489 2280 532 2314 et
551 2274 593 2313 in
612 2275 959 2314 obtrectationes
978 2273 1147 2326 aliquas
1164 2288 1244 2314 nec
1262 2276 1500 2315 sentientes
1517 2277 1718 2328 incidere,

247 2347 321 2400 qui
355 2348 533 2400 quidem
567 2354 725 2401 postea
759 2348 887 2388 nobis
926 2348 1232 2397 nescientibus,
1263 2350 1529 2390 conscientia
1566 2351 1719 2392 admo-

248 2428 380 2462 nente
418 2436 469 2462 ac
506 2423 797 2471 remordente,
834 2437 879 2462 se
918 2423 1149 2475 corrigunt,
1183 2429 1226 2462 et
1263 2424 1318 2463 ad
1361 2424 1563 2465 lacrimas
1599 2440 1718 2466 com—

245 2498 623 2550 punctionemque
662 2504 896 2538 recurrunt.
974 2497 1068 2537 Nos
1106 2504 1254 2537 autem
1291 2498 1443 2551 culpas
1480 2499 1719 2542 dumtaxat

247 2571 536 2624 inspeximus,
567 2573 879 2612 &cenitentiam
907 2587 1010 2612 vero
1044 2586 1095 2612 ac
1132 2573 1477 2625 resipiscentiam
1515 2575 1716 2615 intimam

247 2658 336 2685 non
380 2646 646 2699 inspicimus,
691 2647 880 2700 ideoque
923 2661 1073 2687 eorum
1117 2647 1242 2687 facile
1293 2662 1601 2700 permovemur
1641 2663 1718 2689 ex-

247 2719 404 2772 emplo.
471 2721 610 2760 Recte
644 2722 761 2761 enim
797 2720 1045 2762 Climacus:
1079 2726 1097 2740 “
1112 2722 1215 2761 Vidi
1252 2729 1403 2774 aperte
1443 2728 1713 2775 peccantem,

247 2800 379 2847 atque
403 2795 572 2835 occulte
595 2796 905 2848 poenitentiam
938 2801 1143 2849 agentem
1162 2809 1172 2846 3
1207 2802 1251 2836 et
1273 2810 1404 2849 quem
1427 2803 1475 2837 ut
1503 2797 1715 2849 nequissi-

246 2881 368 2908 mum
388 2868 700 2922 judicaveram,
726 2871 871 2911 inveni
895 2871 1104 2923 pudicum
1127 2885 1178 2911 ac
1201 2871 1394 2912 sobrium
1418 2872 1536 2925 apud
1566 2872 1713 2913 Deum
