1903 3197
316 194 403 227 102
629 180 709 225 De
743 178 934 226 ratione
968 180 1163 226 vivendi
1197 179 1457 227 Socz'etatz's.

309 313 547 365 Propterea
581 312 616 352 is
651 318 718 353 est
751 313 1058 363 consulendus,
1093 327 1172 353 nec
1205 314 1392 367 propriis
1428 313 1622 353 motibus
1656 314 1781 354 obse-

309 387 537 439 quendum
579 393 656 428 est.
746 387 997 427 Ber-nardus
1050 388 1278 441 praecipit:
1339 387 1450 429 “Sic
1497 387 1552 427 de
1599 401 1780 440 corpore

309 473 441 513 agere
482 462 596 502 sicut
633 462 688 502 de
731 475 818 501 non
856 475 947 510 suo,
987 463 1063 501 sed
1110 462 1202 513 ejus
1240 476 1265 501 a
1303 475 1391 513 quo
1433 461 1574 513 pretio
1617 474 1781 513 magno

309 535 448 587 empti
491 549 653 585 sumus,
698 541 746 575 ut
788 535 1084 588 glorificemus
1123 549 1224 575 eum
1269 535 1312 574 in
1349 548 1531 587 corpore
1570 534 1780 576 110511’0.”1

310 607 443 662 Quod
487 611 521 650 si
573 609 656 650 1100
700 610 960 651 Christianis
1013 610 1229 659 omnibus,
1273 615 1440 662 quanto
1492 610 1634 662 magis
1686 609 1783 649 reli-

308 682 443 735 giosis
495 684 842 736 praecipiendum
898 690 964 724 est
1007 684 1081 736 qui
1125 690 1243 724 totos
1296 684 1511 723 devovere
1563 696 1609 722 se
1651 683 1782 723 Deo?

310 756 442 810 Saepe
495 758 611 797 enim
665 757 817 806 fervor,
868 758 943 810 qui
997 771 1084 797 non
1137 763 1203 797 est
1255 757 1498 797 secundum
1550 757 1780 797 scientiam

307 829 422 870 fallit
466 844 580 871 nos:
633 844 752 884 saepe
796 844 876 870 nos
923 830 1122 871 stimulat
1170 829 1321 880 Satan,
1367 837 1410 871 et
1459 831 1502 870 in
1553 844 1605 870 eo
1654 830 1782 871 struit

309 904 502 954 insidias,
557 910 605 945 ut
661 905 878 945 debilitati
932 904 1095 944 viribus
1158 905 1303 944 minus
1359 905 1452 957 apti
1515 904 1782 957 reperiamur

309 978 366 1018 ad
401 978 611 1019 honestos
647 979 956 1031 injunctosque
991 978 1176 1027 laboreS,
1212 984 1260 1018 ut
1294 985 1417 1030 patet
1454 979 1492 1019 ei
1537 981 1610 1031 qui
1648 978 1784 1020 Sanc-

309 1058 455 1093 torum
507 1053 621 1093 vitas
673 1052 887 1105 inspiciat.
974 1051 1214 1104 Propterea
1265 1058 1417 1092 monet
1469 1065 1548 1092 nos
1600 1053 1643 1092 in
1695 1054 1783 1094 suis

313 1126 717 1167 Constitutionibus
751 1126 795 1166 B.
816 1126 955 1175 Pater,
990 1131 1038 1165 ut
1071 1126 1113 1165 in
1146 1125 1213 1165 his
1246 1126 1440 1166 externis
1473 1126 1786 1180 asperitatibus

313 1201 447 1240 modo
470 1202 665 1253 quodam
690 1207 877 1249 utamur,
903 1207 951 1241 ut
980 1214 1060 1240 suo
1083 1200 1180 1240 loco
1206 1200 1403 1253 pluribus
1431 1201 1755 1253 explicabimus
1776 1216 1784 1251 3

310 1289 451 1327 eaque
485 1275 541 1315 de
575 1289 707 1315 causa
741 1274 835 1315 vult
871 1274 1150 1315 Confessario
1184 1275 1344 1328 detegi,
1375 1276 1592 1328 quidquid
1624 1276 1669 1315 in
1702 1275 1785 1316 1130

312 1356 439 1402 parte
476 1355 662 1402 geratur.
729 1348 861 1389 Multi
899 1349 1064 1402 quippe
1103 1362 1148 1388 se
1186 1349 1483 1401 perdiderunt,
1522 1350 1629 1389 dum
1666 1349 1788 1390 nullo

314 1424 437 1472 duce,
463 1423 623 1463 nullius
645 1423 824 1463 rectoris
857 1422 1037 1463 arbitrio
1070 1422 1344 1476 poenitentiis
1366 1422 1624 1463 voluntariis
1646 1424 1788 1464 indul-

314 1504 433 1550 gent,
457 1497 646 1550 plusque
678 1497 845 1537 adeunt
877 1496 1012 1536 nimia
1035 1497 1136 1536 vitae
1171 1497 1420 1549 asperitate,
1445 1510 1580 1549 quam
1602 1497 1789 1538 laxitate

317 1571 511 1624 periculi,
535 1577 583 1611 ut
605 1571 661 1611 de
683 1584 728 1610 se
758 1576 946 1611 testatur
975 1570 1018 1610 in
1051 1569 1375 1611 Collationibus
1397 1570 1555 1611 Abbas
1580 1570 1792 1624 Moyses.‘-‘

318 1645 418 1685 Imo
455 1651 499 1685 et
538 1646 584 1685 Β.
621 1651 817 1685 nostrum
858 1645 1033 1685 Patrem
1077 1645 1238 1684 scimus
1280 1644 1478 1685 confiteri
1521 1645 1699 1685 solitum
1743 1660 1789 1685 se

321 1720 365 1759 in
403 1719 486 1759 hoc
523 1732 683 1772 genere
721 1718 855 1759 fuisse
892 1719 1089 1767 nimium,
1125 1724 1169 1758 et
1204 1724 1300 1758 tum
1338 1719 1524 1758 sensisse
1561 1733 1661 1759 cum
1695 1719 1789 1771 jam

320 1792 590 1833 labefactata
613 1793 729 1833 salus
752 1799 893 1842 esset;
926 1799 970 1833 et
994 1793 1046 1832 D.
1069 1793 1351 1833 Franciscum
1374 1792 1561 1846 legimus
1583 1807 1790 1846 supremo

322 1881 414 1907 suae
445 1868 547 1908 vitae
578 1867 649 1907 die
683 1881 709 1907 a
742 1881 925 1920 corpore
953 1866 1128 1906 veniam
1163 1866 1428 1920 poposcisse,
1460 1868 1579 1920 quod
1612 1868 1655 1907 in
1688 1881 1789 1908 eum

322 1942 517 1982 severior
552 1941 731 1992 fuisset;
778 1947 822 1981 et
858 1941 989 1981 docet
1027 1941 1072 1981 B.
1088 1941 1348 1981 Vincentius
1378 1942 1449 1982 Tr.
1488 1942 1544 1981 de
1580 1941 1653 1983 vit.
1689 1943 1787 1995 spir.

323 2015 441 2056 Vide
459 2029 557 2068 quae
582 2016 768 2056 dicimus
787 2014 947 2068 Opusc.
968 2015 1011 2054 in
1036 2015 1203 2056 Summ.
1225 2014 1410 2055 Constit.
1427 2016 1493 2065 48.
1514 2029 1572 2055 ex
1592 2026 1614 2066 3
1635 2016 1678 2056 P.
1700 2027 1732 2056 1.
1753 2026 1789 2055 2.

408 2091 561 2131 Tertia
594 2091 706 2130 ratio
736 2096 803 2130 est
835 2104 891 2129 ex
926 2090 1051 2129 Bono
1080 2089 1225 2129 animi.
1300 2088 1417 2140 Quia
1449 2102 1549 2128 cum
1582 2088 1794 2143 Superior

324 2166 382 2206 sit
414 2164 653 2217 spiritualis
686 2169 814 2217 pater
841 2169 886 2203 et
919 2163 1127 2211 medicus,
1159 2162 1315 2203 melius
1347 2163 1451 2216 ipse,
1475 2177 1574 2216 quae
1603 2164 1660 2204 ad
1693 2177 1793 2217 pro-

322 2239 487 2280 fectum
542 2237 732 2290 spiritus,
785 2243 829 2277 et
879 2237 936 2277 ad
988 2237 1203 2277 curandas
1254 2236 1388 2276 animi
1438 2237 1575 2277 nostri
1636 2237 1791 2291 plagas

318 2311 668 2354 accommodatae
721 2311 808 2351 sint
859 2310 1133 2363 poenitentiae
1185 2316 1317 2359 tenet,
1367 2324 1501 2363 quam
1553 2311 1635 2364 ipsi
1699 2325 1790 2362 nos,

324 2388 426 2427 ideo
463 2386 520 2426 ab
557 2399 609 2425 eo
646 2384 947 2438 approbandae
986 2384 1193 2424 maxime.
1258 2384 1389 2433 Nam,
1421 2390 1635 2437 tanquam
1667 2391 1794 2438 pater

324 2460 574 2514 spiritualis,
614 2459 709 2512 ejus
744 2466 810 2499 est
847 2459 1102 2499 examinare
1144 2471 1194 2498 30
1228 2458 1468 2510 dijudicare
1511 2472 1608 2511 quae
1650 2460 1792 2512 poeni-

320 2535 474 2575 tentiae
505 2548 668 2587 genera
692 2540 735 2574 et
765 2540 984 2587 quatenus
1014 2532 1220 2573 obeunda
1249 2532 1336 2572 sint
1365 2532 1504 2582 nobis,
1527 2546 1582 2572 ne
1613 2534 1791 2586 spiritus

322 2610 478 2650 erroris
526 2609 679 2649 illudit.
745 2608 919 2649 Scimus
971 2608 1087 2648 enim
1141 2606 1303 2647 multos
1354 2607 1438 2647 hoc
1479 2607 1523 2646 in
1565 2620 1724 2659 genere
1765 2621 1791 2649 3

324 2684 548 2725 daemonio
590 2683 723 2723 fuisse
765 2682 951 2732 delusos,
996 2688 1044 2722 ut
1087 2682 1142 2721 de
1186 2681 1370 2721 Herone
1412 2695 1515 2722 sene
1567 2682 1791 2722 memoriae

324 2758 521 2811 prodidit
565 2757 815 2807 Cassianus,
859 2757 945 2809 qui,
989 2760 1091 2809 post
1135 2761 1204 2796 tot
1249 2755 1419 2796 labores
1472 2756 1608 2796 nimio
1654 2756 1792 2797 conti-

582 2870 595 2891 1
621 2872 726 2914 Epist.
748 2872 790 2903 ad
808 2872 897 2902 Frat.
917 2871 960 2901 de
978 2871 1084 2901 Mont.
1106 2869 1182 2901 Dei.
1203 2869 1259 2903 lib.
1281 2878 1307 2902 1.
1328 2880 1355 2901 0.
1378 2876 1406 2910 7.
1427 2871 1442 2908 ἓ
1463 2869 1510 2902 18.

898 2922 912 2941 ²
936 2922 1022 2954 Coll.
1044 2930 1074 2953 2.
1095 2932 1122 2954 c.
1143 2928 1192 2961 17.
