1903 3197
150 170 230 217 De
250 169 552 217 ordinatione
573 184 679 229 quoe
699 183 757 213 ex
776 166 1200 213 adminzkc‘ratione
1211 165 1394 227 pendet.
1448 177 1542 225 475

84 303 259 353 habeat,
302 302 418 343 unde
460 300 663 354 suppleat
708 299 996 352 indigentiam
1039 313 1089 339 ac
1131 299 1294 339 famem
1336 298 1545 352 expleat:

85 378 190 430 quia
220 377 255 416 si
286 389 437 417 verum
467 374 713 428 quaerimus,
747 386 835 413 non
867 379 915 412 ut
945 373 1177 413 obsonium
1210 372 1401 420 devoret,
1435 377 1548 412 teste

85 450 325 500 Clemente,
348 449 426 490 sed
459 455 507 490 ut
536 449 754 488 frumento
785 452 996 496 vescatur,
1019 446 1186 486 homini
1217 447 1416 486 innatum
1451 444 1546 486 est.1

84 524 266 578 Aliquae
307 531 456 565 tamen
498 523 673 563 familiae
715 522 848 562 etiam
900 521 943 560 in
994 534 1108 573 pane
1149 526 1192 559 et
1232 520 1332 560 vino
1381 526 1548 560 certum

85 599 301 640 definiunt
323 611 539 639 mensurae
560 610 709 649 genus.
746 595 933 648 AEgypti
956 594 1089 635 etiarn
1113 593 1338 634 monachis
1360 600 1550 635 statutus

84 671 332 713 refectionis
354 672 521 712 diurnae
544 671 701 710 modus
724 670 812 710 duo
835 669 1090 722 paximacia
1112 668 1244 716 fuere,
1269 682 1368 720 quae
1391 667 1548 707 libram

83 746 299 798 integram
332 758 418 784 non
450 744 699 796 aequabant,
734 749 782 783 ut
825 743 974 783 scribit
1012 742 1273 782 Cassianus:
1307 746 1400 780 erat
1432 740 1548 780 enim

82 818 383 871 paximacium
432 817 619 869 exiguus
669 817 795 870 panis
844 829 924 856 sex
977 815 1064 855 fere
1108 813 1368 855 unciarum.‘2
1430 814 1546 855 Sunt

82 897 232 932 tamen
265 891 339 944 qui
370 891 557 931 viderint
589 890 707 943 apud
741 890 1017 931 Cassinatem
1055 889 1211 929 libram
1249 889 1387 942 panis,
1416 901 1550 940 quam

82 965 324 1019 praescribit
366 965 409 1004 in
446 964 606 1017 regulis
644 965 918 1014 Benedictus,
956 969 1000 1004 et
1034 963 1158 1016 ajunt
1192 977 1286 1003 esse
1323 962 1550 1003 unciarum

83 1038 172 1080 fere
214 1040 278 1080 28.
342 1039 459 1079 Nam
502 1038 766 1078 Benedictus
808 1038 851 1077 in
892 1051 972 1077 sua
1014 1036 1167 1089 regula
1208 1036 1270 1077 sic
1312 1037 1367 1077 de
1409 1049 1551 1090 pane:

86 1113 253 1153 “Panis
286 1113 395 1153 libra
429 1126 514 1152 una
548 1126 627 1165 pro
660 1125 798 1165 penso
830 1111 1016 1152 sufficiat
1047 1111 1090 1151 in
1126 1111 1221 1161 die;
1255 1111 1345 1151 sive
1376 1124 1463 1151 una
1494 1111 1552 1150 sit

85 1187 274 1236 refectio,
308 1187 397 1227 sive
430 1186 601 1239 prandii
636 1191 679 1225 et
707 1199 873 1236 coenae;
906 1185 1025 1238 quod
1055 1185 1089 1225 si
1120 1185 1332 1225 coenaturi
1363 1185 1461 1234 sint,
1494 1185 1550 1224 de

85 1261 240 1301 eadem
275 1260 383 1300 libra
415 1274 440 1300 a
471 1259 693 1299 cellerario
735 1265 976 1299 reservetur
1016 1260 1145 1299 tertia
1182 1273 1294 1312 pars,
1325 1257 1550 1298 reddenda

84 1332 378 1374 coenaturis.''³
462 1333 586 1372 Idem
629 1332 685 1372 de
725 1333 826 1372 vino
868 1333 954 1372 sic:
1008 1332 1276 1373 “Credimus
1324 1332 1549 1372 heminam

84 1408 171 1448 vini
203 1421 281 1460 per
303 1406 499 1460 singulos
522 1406 719 1446 sufficere
741 1420 818 1459 per
839 1405 1017 1446 diem&
1078 1407 1161 1446 Est
1192 1412 1341 1446 autem
1373 1405 1552 1446 hemina

87 1482 320 1523 dimidium
357 1481 564 1521 sextarii:
596 1481 815 1521 sextarius
847 1494 948 1521 vcro
985 1480 1104 1533 apud
1138 1481 1365 1521 Romanos
1396 1479 1551 1533 viginti

87 1556 341 1597 continebat
363 1555 525 1605 uncias,
549 1554 666 1607 apud
689 1554 866 1594 Atticos
890 1555 948 1593 18.
985 1554 1116 1594 Putat
1138 1555 1270 1607 igitur
1289 1554 1354 1594 vir
1375 1558 1552 1594 sanctus

90 1641 126 1683 9.
150 1635 226 1670 aut
253 1641 312 1670 10.
336 1629 425 1669 vini
449 1629 598 1669 uncias
628 1629 862 1681 unicuique
894 1629 936 1668 in
968 1628 1060 1668 dies
1086 1628 1281 1681 singulos
1304 1628 1409 1668 satis
1432 1640 1552 1668 esse:

89 1710 262 1745 tantam
285 1704 328 1743 in
351 1704 438 1743 suis
460 1703 745 1743 sobrietatem
768 1703 918 1755 exigit.
971 1702 1136 1743 Verum
1159 1703 1380 1755 sapienter
1401 1702 1555 1742 fecisse

91 1783 240 1819 noster
278 1777 449 1818 videtur
501 1777 710 1829 Ignatius,
753 1782 801 1816 ut
842 1776 885 1815 in
926 1790 1041 1829 pane
1082 1782 1126 1816 et
1165 1777 1266 1816 vino
1303 1781 1468 1816 certam
1511 1775 1555 1814 in

96 1866 331 1893 commune
360 1864 610 1891 mensuram
642 1863 730 1890 non
758 1850 1083 1902 praescriberet:
1115 1856 1209 1890 tum
1232 1864 1287 1890 ne
1313 1850 1357 1889 in
1383 1848 1555 1889 obsonii

93 1926 265 1967 diversa
300 1926 457 1978 cuique
493 1938 708 1974 mensura,
745 1930 794 1964 ut
835 1923 1020 1964 Basilius
1053 1923 1190 1976 jubet,
1227 1938 1307 1977 pro
1343 1922 1557 1975 cujusque

91 2000 351 2041 necessitate
386 1999 623 2039 statuenda
664 2003 788 2048 esset,
831 1997 874 2037 id
916 1997 1035 2051 quod
1072 2004 1186 2039 esset
1221 1998 1465 2038 oeconomis
1507 2010 1558 2037 ac

95 2074 441 2115 ministrantibus
463 2072 799 2126 permolestun];
831 2078 926 2112 tum
952 2072 1054 2125 quia
1082 2073 1269 2125 ipsemet
1292 2071 1558 2112 Benedictus

94 2149 138 2189 in
189 2148 319 2188 alieni
360 2148 499 2188 victus
541 2146 791 2187 definienda
833 2159 1047 2196 mensura,
1089 2146 1163 2187 ubi
1205 2147 1261 2186 de
1301 2151 1409 2199 potu
1451 2145 1555 2199 agit,

96 2221 258 2263 fatetur
279 2222 322 2262 id
345 2236 445 2262 cum
467 2221 660 2274 quadam
683 2220 1019 2274 scrupulositate
1041 2234 1086 2260 se
1108 2220 1260 2261 facere.

183 2296 236 2336 In
266 2295 571 2349 magnitudine
598 2295 730 2348 igitur
750 2301 794 2335 et
816 2295 942 2348 copia
964 2295 1047 2336 cibi
1080 2294 1325 2335 moderatio
1354 2293 1557 2334 salutaris

98 2371 216 2424 apud
239 2384 319 2411 nos
341 2369 584 2420 adhibetur,
607 2375 655 2409 ut
677 2376 721 2410 et
741 2370 853 2410 vires
875 2369 1043 2410 affatim
1065 2369 1322 2418 reficiantur,
1342 2374 1386 2409 et
1407 2374 1558 2408 tamen

96 2444 278 2497 crapula
308 2445 504 2494 evitetur,
537 2457 624 2497 qua
665 2443 771 2483 nihil
803 2444 863 2483 ita
896 2443 1146 2484 Christiano
1187 2443 1467 2493 contrarium,
1508 2447 1558 2482 ut

96 2518 367 2559 Benedictus
398 2519 470 2568 ait,
494 2532 573 2558 nec
604 2518 839 2571 quicquam
871 2524 964 2558 tam
995 2517 1236 2558 valetudlni
1268 2517 1466 2565 noxium,
1502 2516 1559 2556 de

95 2605 183 2645 qua
226 2605 341 2632 nunc
382 2593 564 2645 agimus,
607 2598 656 2632 ut
697 2592 830 2632 etiam
877 2591 987 2632 infra
1027 2592 1224 2645 pluribus
1260 2591 1555 2632 ostendemus.

95 2666 229 2707 Porro
262 2666 417 2706 eadem
449 2667 493 2706 in
524 2666 608 2707 hoc
636 2672 702 2706 est
735 2667 1053 2707 Bonaventurae
1085 2665 1314 2714 sententia,
1345 2664 1419 2717 qui
1452 2663 1558 2703 “De

94 2739 406 2781 informatione
430 2739 587 2782 novit.’'
641 2740 715 2781 Sic
737 2741 911 2781 scribit:
936 2741 1041 2780 “De
1072 2753 1275 2780 mensura
1297 2737 1557 2779 comedendi

179 2855 192 2874 ¹
220 2855 309 2887 Paed.
330 2855 351 2887 1.
372 2863 402 2887 2.
423 2865 449 2887 c.
473 2861 500 2895 7.
596 2853 609 2872 2
633 2854 719 2886 Coll.
740 2863 768 2886 2.
790 2865 816 2887 c.
842 2863 889 2895 19.
911 2860 943 2887 et
967 2855 1052 2887 Coll.
1077 2863 1124 2886 12.
1145 2865 1172 2886 c.
1197 2862 1244 2885 12.
1337 2851 1351 2871 ³
1375 2853 1412 2884 C.
1434 2860 1485 2893 39.

748 2905 762 2925 ‘²
786 2907 823 2938 C.
843 2915 896 2946 40.
