1903 3197
547 178 615 224 In
650 177 867 240 Regulas
900 177 1161 225 Modestz'ae.
1494 180 1592 237 619

125 311 323 365 Angelis,
351 317 395 351 et
427 311 688 352 hbminibus.
760 310 872 352 Cum
908 316 1056 351 autem
1092 311 1278 359 eximus,
1314 312 1512 351 sexcenti
1548 312 1592 351 in

125 398 205 426 nos
227 385 339 426 oculi
363 385 660 438 conjiciuntur,
685 399 735 427 ac
762 391 994 438 propterea
1017 391 1112 425 tum
1140 385 1336 425 maxime
1358 385 1592 438 dejiciendi

124 467 227 501 sunt
249 461 394 501 nostri.

213 535 350 575 Isaias
376 534 544 582 Abbas,
569 533 642 575 Or.
668 544 719 584 3:
752 532 838 574 “Si
871 533 913 573 in
937 534 1171 581 civitatem,
1196 541 1271 574 aut
1293 535 1437 575 vicum
1461 535 1591 588 profi-

123 609 305 659 cisceris,
329 609 441 650 oculi
471 609 533 648 tui
556 608 761 648 deorsum
792 608 1019 661 aspiciant,
1044 621 1099 648 ne
1120 607 1270 648 hostes
1303 609 1381 649 tibi
1414 610 1457 649 in
1480 609 1592 650 cella

123 682 342 724 suscites.’'
420 683 545 722 Isaac
587 682 682 734 Syr.
723 696 755 722 c.
793 691 876 733 45:
925 682 1031 722 “Ne
1073 681 1258 735 impleas
1299 683 1449 724 oculos
1491 690 1592 724 tuos

122 764 303 811 aspectu
326 757 509 809 alicujus
532 757 591 797 rei
614 756 845 797 ambulans
868 757 910 797 in
932 757 1038 797 via.”

210 831 428 882 Secundo,
452 831 555 884 quia
586 837 714 872 extra
745 832 928 871 domurn
960 831 1161 885 plurimae
1193 832 1412 872 vanitates
1443 831 1591 872 hauri-

123 912 264 954 untur,
297 906 378 946 nisi
420 905 533 946 oculi
571 906 904 957 contineantur;
946 912 1178 959 propterea
1216 906 1387 947 addidit
1426 906 1594 948 Isaias:

121 980 227 1021 “Ne
258 980 407 1021 hostes
436 981 514 1020 tibi
548 981 590 1020 in
613 980 722 1021 cella
743 980 961 1021 suscites.'’
1025 981 1241 1033 Idemque
1271 979 1345 1022 Or.
1369 991 1406 1032 7,
1430 995 1469 1034 p.
1500 982 1591 1022 180.

121 1054 235 1094 inter
270 1060 459 1107 quatuor
500 1068 566 1094 res
607 1069 706 1108 quae
748 1055 942 1095 animam
985 1055 1297 1102 contaminent,
1337 1055 1443 1095 dicit
1481 1069 1588 1105 esse,

118 1130 310 1183 primum
334 1131 377 1170 in
399 1131 577 1170 civitate
598 1129 770 1178 versari,
794 1143 874 1170 nec
905 1129 1055 1170 oculos
1084 1129 1312 1170 custodire.
1377 1129 1588 1183 Ephrem,

123 1205 194 1245 De
229 1204 316 1245 Vit.
353 1204 462 1257 Spir.
497 1219 530 1245 c.
556 1215 635 1244 20:
670 1204 819 1245 “Cum
857 1219 881 1244 e
917 1204 1027 1244 cella
1062 1203 1175 1252 tua,''
1210 1204 1362 1256 inquit,
1388 1203 1589 1256 “negotii

123 1278 383 1332 cujuspiam,
407 1285 483 1318 aut
515 1279 803 1319 conveniendi
836 1278 1019 1330 alicujus
1050 1278 1191 1330 gratia
1217 1278 1417 1327 discedis,
1441 1278 1593 1318 oculos

120 1358 222 1393 tuos
256 1354 389 1402 muni,
414 1359 456 1392 et
479 1353 676 1393 animum
699 1354 782 1407 piis
805 1353 1147 1406 cogitationibus
1170 1353 1359 1401 institue,
1383 1353 1444 1392 sic
1467 1352 1589 1392 illum

118 1427 373 1480 alloquens:
420 1428 634 1480 Egressus
666 1442 712 1468 es
744 1441 832 1467 non
862 1434 1073 1479 tanquam
1103 1427 1255 1479 pictor,
1280 1433 1327 1466 ut
1358 1426 1590 1467 hominum

119 1503 283 1544 formas
319 1503 514 1556 effingas,
548 1509 682 1555 atque
720 1503 971 1555 exprimas:
1004 1501 1237 1553 diligenter
1273 1502 1453 1541 attende
1483 1502 1592 1552 tibi;

121 1578 348 1630 quomodo
381 1578 497 1617 enim
526 1577 561 1617 si
594 1577 722 1618 rebus
745 1590 844 1629 quae
866 1576 1066 1616 sensibus
1088 1576 1300 1628 subjectae
1322 1581 1435 1623 sunt,
1461 1575 1592 1616 fueris

120 1657 372 1704 occupatus,
402 1652 453 1691 iis
487 1665 587 1704 quae
625 1665 712 1691 non
748 1650 960 1699 videntur,
982 1664 1137 1690 vacare
1170 1650 1344 1703 poteris,
1380 1656 1513 1703 atque
1547 1650 1591 1690 in

122 1726 207 1765 Dei
230 1725 533 1766 recordatione
555 1731 645 1766 tete
668 1724 901 1773 oblectare,
926 1731 969 1764 et
990 1724 1348 1777 conquiescere?''

209 1800 269 1840 Et
303 1800 622 1848 Bonaventura,
655 1813 686 1839 c.
730 1807 793 1849 35.
827 1798 897 1838 De
935 1797 1112 1838 Inform.
1148 1798 1322 1838 Novit:
1360 1797 1591 1851 “Quando

121 1880 248 1914 extra
300 1874 482 1914 domum
536 1873 768 1926 egrederis,
823 1886 878 1912 ne
930 1872 1117 1912 multum
1171 1873 1493 1925 circumspicias
1545 1873 1589 1913 in

119 1948 287 2000 plateis,
324 1962 378 1988 ne
416 1947 527 1988 forte
562 1947 714 1988 videas
750 1947 868 1987 unde
903 1948 1084 1987 tenteris
1121 1948 1417 2000 postmodum,
1453 1953 1496 1987 et
1531 1947 1590 1988 ab

119 2023 316 2063 oratione
349 2022 636 2076 impediaris.”
700 2023 759 2062 Et
784 2036 919 2062 mox:
980 2021 1146 2062 “Oculi
1168 2022 1230 2062 tui
1263 2022 1350 2062 sint
1380 2023 1422 2062 in
1445 2022 1590 2075 capite

117 2103 222 2147 tuo;
260 2097 343 2137 hoc
381 2104 457 2146 est,
492 2097 703 2150 cogitatio
739 2103 816 2137 tua
851 2102 1047 2136 versetur
1083 2096 1196 2136 circa
1230 2096 1389 2144 Deum,
1423 2097 1589 2137 scilicet

120 2171 356 2221 Christum,
391 2173 464 2224 qui
501 2178 567 2212 est
602 2177 735 2225 caput
772 2171 970 2211 omnium
1009 2171 1308 2210 membrorum
1352 2170 1590 2213 Ecclesiae:

117 2247 180 2287 ita
216 2247 349 2287 etiam
388 2260 476 2286 non
514 2246 778 2295 consideres,
815 2259 913 2299 qua-3
952 2259 1098 2285 coram
1135 2251 1179 2285 te
1216 2245 1319 2285 foris
1356 2252 1469 2295 sunt,
1507 2246 1588 2286 nisi

118 2327 333 2374 quantum
386 2321 625 2362 necessitas
667 2321 761 2369 viae,
804 2319 871 2360 vel
915 2320 1080 2360 utilitas
1122 2320 1207 2360 alia
1248 2321 1437 2373 requirit.
1522 2320 1588 2362 Ut

117 2401 333 2448 quantum
355 2395 486 2443 vales,
512 2395 646 2435 talem
669 2401 713 2435 te
736 2396 919 2435 domum
942 2400 1136 2448 reportes
1165 2394 1305 2447 qualis
1337 2395 1479 2443 existi,
1503 2394 1587 2436 hoc

118 2475 197 2519 est,
220 2470 281 2509 ita
302 2471 526 2519 devotum,
550 2470 611 2509 ita
645 2470 860 2509 mundum
893 2470 1024 2510 corde
1046 2476 1090 2509 et
1110 2483 1295 2509 vacuum
1329 2470 1586 2521 rumoribus,

117 2549 166 2583 ut
192 2557 312 2583 ames
345 2545 566 2584 silentium
593 2543 750 2584 cellae.”
814 2544 952 2584 Isaias
973 2544 1131 2584 Abbas
1154 2546 1287 2584 etiam
1312 2544 1383 2585 Or.
1410 2556 1460 2595 3:
1495 2548 1515 2564 “
1532 2545 1585 2585 In

117 2617 306 2667 itinere‚”
354 2618 506 2670 inquit,
550 2622 713 2658 “mens
754 2618 798 2657 in
839 2624 986 2671 partes
1027 2618 1169 2658 varias
1211 2632 1265 2658 ne
1306 2619 1584 2670 distrahatur,

117 2691 195 2732 sed
225 2697 370 2731 tecum
410 2692 502 2744 ipse
541 2692 766 2741 meditare,
788 2698 865 2732 aut
897 2692 996 2732 Deo
1029 2692 1163 2732 funde
1197 2706 1346 2745 preces
1378 2693 1421 2732 in
1454 2693 1585 2734 corde

115 2764 229 2805 tuo.''
282 2764 404 2805 Talis
427 2771 519 2806 erat
544 2765 791 2806 Bernardus
813 2780 912 2806 cum
935 2765 1101 2814 exibat,
1126 2766 1200 2818 qui
1224 2767 1266 2805 in
1289 2766 1441 2806 itinere
1463 2773 1582 2808 totus

117 2839 162 2878 in
194 2839 436 2878 orationem
468 2839 715 2892 absorptus,
745 2853 797 2880 ea
833 2853 933 2893 quae
970 2841 1168 2880 omnium
1206 2840 1343 2880 oculis
1379 2841 1585 2895 exposita

118 2919 255 2963 erant,
278 2926 367 2953 non
388 2914 575 2954 videbat.
