<?xml version="1.0" encoding="UTF-8"?>
<!DOCTYPE html PUBLIC "-//W3C//DTD XHTML 1.0 Transitional//EN"
    "http://www.w3.org/TR/xhtml1/DTD/xhtml1-transitional.dtd">
<html xmlns="http://www.w3.org/1999/xhtml" xml:lang="en" lang="en">
 <head>
  <title>
</title>
<meta http-equiv="Content-Type" content="text/html;charset=utf-8" />
  <meta name='ocr-system' content='tesseract 3.04.00' />
  <meta name='ocr-capabilities' content='ocr_page ocr_carea ocr_par ocr_line ocrx_word'/>
</head>
<body>
  <div class='ocr_page' id='page_1' title='image "./nicolaiorlandini00orla/nicolaiorlandini00orla_0151.png"; bbox 0 0 1903 3197; ppageno 0'>
   <div class='ocr_carea' id='block_1_1' title="bbox 558 158 1508 220">
    <p class='ocr_par' dir='ltr' id='par_1_1' title="bbox 558 158 1508 220">
     <span class='ocr_line' id='line_1_1' title="bbox 558 158 1508 220; baseline 0.005 -18"><span class='ocrx_word' id='word_1_1' title='bbox 558 158 638 203; x_wconf 80' lang='lat' dir='ltr'>De</span> <span class='ocrx_word' id='word_1_2' title='bbox 670 158 989 207; x_wconf 71' lang='lat' dir='ltr'>Poenilenlz&#39;z&#39;s.</span> <span class='ocrx_word' id='word_1_3' title='bbox 1423 177 1438 206; x_wconf 87' lang='lat'>1</span> <span class='ocrx_word' id='word_1_4' title='bbox 1454 176 1477 220; x_wconf 79' lang='lat'>3</span> <span class='ocrx_word' id='word_1_5' title='bbox 1491 178 1508 207; x_wconf 70' lang='grc' dir='ltr'><strong>Ι</strong></span> 
     </span>
    </p>
   </div>
   <div class='ocr_carea' id='block_1_2' title="bbox 35 289 1517 2848">
    <p class='ocr_par' dir='ltr' id='par_1_2' title="bbox 35 289 1516 563">
     <span class='ocr_line' id='line_1_2' title="bbox 43 289 1516 346; baseline 0.003 -16"><span class='ocrx_word' id='word_1_6' title='bbox 43 289 336 331; x_wconf 87' lang='lat' dir='ltr'>beneficium:</span> <span class='ocrx_word' id='word_1_7' title='bbox 381 290 452 337; x_wconf 86' lang='lat' dir='ltr'>sic,</span> <span class='ocrx_word' id='word_1_8' title='bbox 496 291 569 342; x_wconf 90' lang='lat' dir='ltr'>qui</span> <span class='ocrx_word' id='word_1_9' title='bbox 614 303 768 342; x_wconf 81' lang='lat' dir='ltr'>poenas</span> <span class='ocrx_word' id='word_1_10' title='bbox 821 290 1011 331; x_wconf 85' lang='lat' dir='ltr'>inferunt</span> <span class='ocrx_word' id='word_1_11' title='bbox 1047 292 1144 344; x_wconf 87' lang='lat' dir='ltr'>plus</span> <span class='ocrx_word' id='word_1_12' title='bbox 1194 307 1310 346; x_wconf 78' lang='lat' dir='ltr'>saepc</span> <span class='ocrx_word' id='word_1_13' title='bbox 1353 293 1516 335; x_wconf 88' lang='lat' dir='ltr'>doloris</span> 
     </span>
     <span class='ocr_line' id='line_1_3' title="bbox 45 364 1513 420; baseline 0.004 -18"><span class='ocrx_word' id='word_1_14' title='bbox 45 365 221 404; x_wconf 88' lang='lat' dir='ltr'>inurunt</span> <span class='ocrx_word' id='word_1_15' title='bbox 253 364 463 404; x_wconf 87' lang='lat' dir='ltr'>commoti</span> <span class='ocrx_word' id='word_1_16' title='bbox 499 364 633 403; x_wconf 89' lang='lat' dir='ltr'>animi</span> <span class='ocrx_word' id='word_1_17' title='bbox 672 364 1002 415; x_wconf 81' lang='lat' dir='ltr'>significatione,</span> <span class='ocrx_word' id='word_1_18' title='bbox 1034 379 1167 416; x_wconf 85' lang='lat' dir='ltr'>quam</span> <span class='ocrx_word' id='word_1_19' title='bbox 1205 380 1366 418; x_wconf 81' lang='lat' dir='ltr'>poena:</span> <span class='ocrx_word' id='word_1_20' title='bbox 1416 382 1513 420; x_wconf 87' lang='lat' dir='ltr'>per-</span> 
     </span>
     <span class='ocr_line' id='line_1_4' title="bbox 42 437 1512 491; baseline 0.003 -14"><span class='ocrx_word' id='word_1_21' title='bbox 42 437 207 477; x_wconf 85' lang='lat' dir='ltr'>turbati</span> <span class='ocrx_word' id='word_1_22' title='bbox 237 437 352 477; x_wconf 89' lang='lat' dir='ltr'>enim</span> <span class='ocrx_word' id='word_1_23' title='bbox 387 438 643 490; x_wconf 80' lang='lat' dir='ltr'>exemplum</span> <span class='ocrx_word' id='word_1_24' title='bbox 680 437 761 477; x_wconf 87' lang='lat' dir='ltr'>fuit</span> <span class='ocrx_word' id='word_1_25' title='bbox 792 437 911 490; x_wconf 91' lang='lat' dir='ltr'>apud</span> <span class='ocrx_word' id='word_1_26' title='bbox 946 437 1207 490; x_wconf 80' lang='lat' dir='ltr'>Gregorium</span> <span class='ocrx_word' id='word_1_27' title='bbox 1237 439 1394 480; x_wconf 85' lang='lat' dir='ltr'>Abbas</span> <span class='ocrx_word' id='word_1_28' title='bbox 1430 442 1512 491; x_wconf 90' lang='lat' dir='ltr'>ille,</span> 
     </span>
     <span class='ocr_line' id='line_1_5' title="bbox 35 511 1215 563; baseline 0.001 -12"><span class='ocrx_word' id='word_1_29' title='bbox 35 525 175 563; x_wconf 59' lang='lat' dir='ltr'>&gt;quem</span> <span class='ocrx_word' id='word_1_30' title='bbox 210 512 438 552; x_wconf 88' lang='lat' dir='ltr'>Libertino</span> <span class='ocrx_word' id='word_1_31' title='bbox 470 512 665 551; x_wconf 77' lang='lat' dir='ltr'>diximus</span> <span class='ocrx_word' id='word_1_32' title='bbox 698 511 930 551; x_wconf 74' lang='lat' dir='ltr'><strong>incussisse</strong></span> <span class='ocrx_word' id='word_1_33' title='bbox 963 511 1215 552; x_wconf 85' lang='lat' dir='ltr'>scabellum.</span> 
     </span>
    </p>

    <p class='ocr_par' dir='ltr' id='par_1_3' title="bbox 36 585 1517 1371">
     <span class='ocr_line' id='line_1_6' title="bbox 134 585 1513 638; baseline 0.001 -13"><span class='ocrx_word' id='word_1_34' title='bbox 134 586 185 625; x_wconf 92' lang='lat' dir='ltr'>In</span> <span class='ocrx_word' id='word_1_35' title='bbox 215 586 357 638; x_wconf 87' lang='lat' dir='ltr'>poenis</span> <span class='ocrx_word' id='word_1_36' title='bbox 379 599 481 625; x_wconf 82' lang='lat' dir='ltr'>vero</span> <span class='ocrx_word' id='word_1_37' title='bbox 512 592 659 625; x_wconf 85' lang='lat' dir='ltr'>nostra</span> <span class='ocrx_word' id='word_1_38' title='bbox 683 585 909 625; x_wconf 86' lang='lat' dir='ltr'>voluntate</span> <span class='ocrx_word' id='word_1_39' title='bbox 940 587 1154 638; x_wconf 74' lang='lat' dir='ltr'>susceptis</span> <span class='ocrx_word' id='word_1_40' title='bbox 1188 586 1294 625; x_wconf 88' lang='lat' dir='ltr'>nihil</span> <span class='ocrx_word' id='word_1_41' title='bbox 1317 587 1404 626; x_wconf 82' lang='lat' dir='ltr'>tale</span> <span class='ocrx_word' id='word_1_42' title='bbox 1435 596 1513 635; x_wconf 83' lang='lat' dir='ltr'>est,</span> 
     </span>
     <span class='ocr_line' id='line_1_7' title="bbox 45 659 1517 712; baseline 0.001 -13"><span class='ocrx_word' id='word_1_43' title='bbox 45 673 186 712; x_wconf 86' lang='lat' dir='ltr'>neque</span> <span class='ocrx_word' id='word_1_44' title='bbox 224 661 339 699; x_wconf 87' lang='lat' dir='ltr'>enim</span> <span class='ocrx_word' id='word_1_45' title='bbox 375 659 613 712; x_wconf 60' lang='lat' dir='ltr'>repentinas</span> <span class='ocrx_word' id='word_1_46' title='bbox 653 666 728 699; x_wconf 82' lang='lat' dir='ltr'>aut</span> <span class='ocrx_word' id='word_1_47' title='bbox 761 660 1001 712; x_wconf 65' lang='lat' dir='ltr'>inopinatae</span> <span class='ocrx_word' id='word_1_48' title='bbox 1041 660 1361 712; x_wconf 87' lang='lat' dir='ltr'>suscipiuntur;</span> <span class='ocrx_word' id='word_1_49' title='bbox 1397 662 1517 702; x_wconf 80' lang='lat' dir='ltr'>nulla</span> 
     </span>
     <span class='ocr_line' id='line_1_8' title="bbox 42 731 1514 787; baseline 0.001 -14"><span class='ocrx_word' id='word_1_50' title='bbox 42 733 340 786; x_wconf 82' lang='lat' dir='ltr'>exprobratiO,</span> <span class='ocrx_word' id='word_1_51' title='bbox 376 739 450 773; x_wconf 89' lang='lat' dir='ltr'>aut</span> <span class='ocrx_word' id='word_1_52' title='bbox 485 731 736 786; x_wconf 82' lang='lat' dir='ltr'>objurgatio</span> <span class='ocrx_word' id='word_1_53' title='bbox 771 733 1051 786; x_wconf 73' lang='lat' dir='ltr'>adjungitur,</span> <span class='ocrx_word' id='word_1_54' title='bbox 1086 734 1205 774; x_wconf 88' lang='lat' dir='ltr'>nulla</span> <span class='ocrx_word' id='word_1_55' title='bbox 1240 735 1374 774; x_wconf 88' lang='lat' dir='ltr'>animi</span> <span class='ocrx_word' id='word_1_56' title='bbox 1417 749 1514 787; x_wconf 90' lang='lat' dir='ltr'>per-</span> 
     </span>
     <span class='ocr_line' id='line_1_9' title="bbox 45 806 1517 861; baseline 0.001 -14"><span class='ocrx_word' id='word_1_57' title='bbox 45 807 238 847; x_wconf 79' lang='lat' dir='ltr'>turbatio</span> <span class='ocrx_word' id='word_1_58' title='bbox 281 812 356 847; x_wconf 87' lang='lat' dir='ltr'>aut</span> <span class='ocrx_word' id='word_1_59' title='bbox 399 807 633 856; x_wconf 77' lang='lat' dir='ltr'>iracundia,</span> <span class='ocrx_word' id='word_1_60' title='bbox 679 807 759 847; x_wconf 91' lang='lat' dir='ltr'>nisi</span> <span class='ocrx_word' id='word_1_61' title='bbox 808 806 919 847; x_wconf 89' lang='lat' dir='ltr'>forte</span> <span class='ocrx_word' id='word_1_62' title='bbox 971 821 1105 859; x_wconf 84' lang='lat' dir='ltr'>quam</span> <span class='ocrx_word' id='word_1_63' title='bbox 1157 809 1325 860; x_wconf 87' lang='lat' dir='ltr'>peccati</span> <span class='ocrx_word' id='word_1_64' title='bbox 1374 809 1517 861; x_wconf 90' lang='lat' dir='ltr'>pudor</span> 
     </span>
     <span class='ocr_line' id='line_1_10' title="bbox 36 881 1516 934; baseline 0.002 -14"><span class='ocrx_word' id='word_1_65' title='bbox 36 881 333 933; x_wconf 77' lang='lat' dir='ltr'>exprompsit,</span> <span class='ocrx_word' id='word_1_66' title='bbox 358 886 401 920; x_wconf 94' lang='lat' dir='ltr'>et</span> <span class='ocrx_word' id='word_1_67' title='bbox 424 895 474 920; x_wconf 84' lang='lat' dir='ltr'>ea</span> <span class='ocrx_word' id='word_1_68' title='bbox 497 881 743 920; x_wconf 76' lang='lat' dir='ltr'>voluntaria</span> <span class='ocrx_word' id='word_1_69' title='bbox 767 895 817 920; x_wconf 89' lang='lat' dir='ltr'>ac</span> <span class='ocrx_word' id='word_1_70' title='bbox 840 887 998 921; x_wconf 86' lang='lat' dir='ltr'>nostra.</span> <span class='ocrx_word' id='word_1_71' title='bbox 1063 881 1212 934; x_wconf 86' lang='lat' dir='ltr'>Quare</span> <span class='ocrx_word' id='word_1_72' title='bbox 1242 896 1341 921; x_wconf 91' lang='lat' dir='ltr'>cum</span> <span class='ocrx_word' id='word_1_73' title='bbox 1376 883 1516 924; x_wconf 89' lang='lat' dir='ltr'>multo</span> 
     </span>
     <span class='ocr_line' id='line_1_11' title="bbox 37 954 1513 1008; baseline 0.001 -14"><span class='ocrx_word' id='word_1_74' title='bbox 37 954 309 994; x_wconf 62' lang='lat' dir='ltr'>&lt;difficiliores</span> <span class='ocrx_word' id='word_1_75' title='bbox 343 955 544 1007; x_wconf 73' lang='lat' dir='ltr'>irrogatae</span> <span class='ocrx_word' id='word_1_76' title='bbox 581 954 667 993; x_wconf 84' lang='lat' dir='ltr'>sint</span> <span class='ocrx_word' id='word_1_77' title='bbox 704 968 848 1007; x_wconf 77' lang='lat' dir='ltr'>poenae</span> <span class='ocrx_word' id='word_1_78' title='bbox 892 968 1025 1006; x_wconf 85' lang='lat' dir='ltr'>quam</span> <span class='ocrx_word' id='word_1_79' title='bbox 1065 955 1178 995; x_wconf 86' lang='lat' dir='ltr'>ultro</span> <span class='ocrx_word' id='word_1_80' title='bbox 1213 962 1440 1008; x_wconf 81' lang='lat' dir='ltr'>susceth</span> <span class='ocrx_word' id='word_1_81' title='bbox 1479 957 1513 996; x_wconf 78' lang='lat' dir='ltr'>si</span> 
     </span>
     <span class='ocr_line' id='line_1_12' title="bbox 38 1027 1512 1081; baseline 0.002 -14"><span class='ocrx_word' id='word_1_82' title='bbox 38 1034 88 1067; x_wconf 35' lang='lat' dir='ltr'>*et</span> <span class='ocrx_word' id='word_1_83' title='bbox 118 1027 337 1079; x_wconf 83' lang='lat' dir='ltr'>irrogandi</span> <span class='ocrx_word' id='word_1_84' title='bbox 372 1028 564 1074; x_wconf 79' lang='lat' dir='ltr'>modum,</span> <span class='ocrx_word' id='word_1_85' title='bbox 604 1033 647 1067; x_wconf 84' lang='lat' dir='ltr'>ct</span> <span class='ocrx_word' id='word_1_86' title='bbox 689 1041 921 1079; x_wconf 79' lang='lat' dir='ltr'>poenarum</span> <span class='ocrx_word' id='word_1_87' title='bbox 960 1027 1192 1077; x_wconf 86' lang='lat' dir='ltr'>delectum,</span> <span class='ocrx_word' id='word_1_88' title='bbox 1219 1037 1269 1069; x_wconf 85' lang='lat' dir='ltr'>et</span> <span class='ocrx_word' id='word_1_89' title='bbox 1302 1029 1512 1081; x_wconf 81' lang='lat' dir='ltr'>injustam</span> 
     </span>
     <span class='ocr_line' id='line_1_13' title="bbox 38 1100 1512 1153; baseline 0.003 -14"><span class='ocrx_word' id='word_1_90' title='bbox 38 1114 163 1153; x_wconf 43' lang='lat' dir='ltr'>*saepe</span> <span class='ocrx_word' id='word_1_91' title='bbox 196 1114 385 1148; x_wconf 89' lang='lat' dir='ltr'>causam,</span> <span class='ocrx_word' id='word_1_92' title='bbox 417 1106 459 1140; x_wconf 92' lang='lat' dir='ltr'>ct</span> <span class='ocrx_word' id='word_1_93' title='bbox 490 1101 741 1152; x_wconf 79' lang='lat' dir='ltr'>ignominiae</span> <span class='ocrx_word' id='word_1_94' title='bbox 778 1100 979 1148; x_wconf 77' lang='lat' dir='ltr'>dedecus,</span> <span class='ocrx_word' id='word_1_95' title='bbox 1016 1109 1057 1142; x_wconf 87' lang='lat' dir='ltr'>et</span> <span class='ocrx_word' id='word_1_96' title='bbox 1092 1103 1329 1142; x_wconf 89' lang='lat' dir='ltr'>voluntatis</span> <span class='ocrx_word' id='word_1_97' title='bbox 1365 1103 1512 1144; x_wconf 69' lang='lat' dir='ltr'>invitae</span> 
     </span>
     <span class='ocr_line' id='line_1_14' title="bbox 41 1172 1514 1228; baseline 0.003 -16"><span class='ocrx_word' id='word_1_98' title='bbox 41 1172 194 1226; x_wconf 63' lang='lat' dir='ltr'>{fugam</span> <span class='ocrx_word' id='word_1_99' title='bbox 230 1179 427 1226; x_wconf 87' lang='lat' dir='ltr'>spectare</span> <span class='ocrx_word' id='word_1_100' title='bbox 461 1173 688 1223; x_wconf 86' lang='lat' dir='ltr'>volumus;</span> <span class='ocrx_word' id='word_1_101' title='bbox 736 1174 1003 1226; x_wconf 77' lang='lat' dir='ltr'>relinquitur,</span> <span class='ocrx_word' id='word_1_102' title='bbox 1041 1182 1087 1215; x_wconf 92' lang='lat' dir='ltr'>ut</span> <span class='ocrx_word' id='word_1_103' title='bbox 1119 1176 1152 1215; x_wconf 88' lang='lat' dir='ltr'>si</span> <span class='ocrx_word' id='word_1_104' title='bbox 1186 1176 1357 1228; x_wconf 76' lang='lat' dir='ltr'>placide</span> <span class='ocrx_word' id='word_1_105' title='bbox 1390 1179 1514 1217; x_wconf 85' lang='lat' dir='ltr'>seda-</span> 
     </span>
     <span class='ocr_line' id='line_1_15' title="bbox 43 1246 1514 1301; baseline 0.003 -16"><span class='ocrx_word' id='word_1_106' title='bbox 43 1252 175 1299; x_wconf 85' lang='lat' dir='ltr'>teque</span> <span class='ocrx_word' id='word_1_107' title='bbox 220 1246 413 1286; x_wconf 85' lang='lat' dir='ltr'>ferantur</span> <span class='ocrx_word' id='word_1_108' title='bbox 462 1253 641 1299; x_wconf 88' lang='lat' dir='ltr'>propter</span> <span class='ocrx_word' id='word_1_109' title='bbox 689 1246 925 1295; x_wconf 83' lang='lat' dir='ltr'>Christum,</span> <span class='ocrx_word' id='word_1_110' title='bbox 978 1248 1109 1301; x_wconf 79' lang='lat' dir='ltr'>longe</span> <span class='ocrx_word' id='word_1_111' title='bbox 1151 1249 1328 1301; x_wconf 82' lang='lat' dir='ltr'>majoris</span> <span class='ocrx_word' id='word_1_112' title='bbox 1372 1252 1514 1291; x_wconf 86' lang='lat' dir='ltr'>meriti</span> 
     </span>
     <span class='ocr_line' id='line_1_16' title="bbox 46 1320 611 1371; baseline -0.002 -12"><span class='ocrx_word' id='word_1_113' title='bbox 46 1320 346 1371; x_wconf 87' lang='lat' dir='ltr'>mercedisque</span> <span class='ocrx_word' id='word_1_114' title='bbox 374 1320 611 1371; x_wconf 82' lang='lat' dir='ltr'>putentur?</span> 
     </span>
    </p>

    <p class='ocr_par' dir='ltr' id='par_1_4' title="bbox 42 1391 1515 1741">
     <span class='ocr_line' id='line_1_17' title="bbox 133 1391 1515 1447; baseline 0.004 -16"><span class='ocrx_word' id='word_1_115' title='bbox 133 1391 292 1444; x_wconf 89' lang='lat' dir='ltr'>Quoad</span> <span class='ocrx_word' id='word_1_116' title='bbox 336 1393 588 1432; x_wconf 83' lang='lat' dir='ltr'>secundum.</span> <span class='ocrx_word' id='word_1_117' title='bbox 670 1393 892 1445; x_wconf 87' lang='lat' dir='ltr'>Quoniam</span> <span class='ocrx_word' id='word_1_118' title='bbox 935 1408 991 1433; x_wconf 78' lang='lat' dir='ltr'>ex</span> <span class='ocrx_word' id='word_1_119' title='bbox 1046 1395 1212 1447; x_wconf 88' lang='lat' dir='ltr'>majore</span> <span class='ocrx_word' id='word_1_120' title='bbox 1255 1396 1515 1438; x_wconf 83' lang='lat' dir='ltr'>difficultate</span> 
     </span>
     <span class='ocr_line' id='line_1_18' title="bbox 46 1466 1511 1522; baseline 0.003 -17"><span class='ocrx_word' id='word_1_121' title='bbox 46 1466 224 1518; x_wconf 88' lang='lat' dir='ltr'>majoris</span> <span class='ocrx_word' id='word_1_122' title='bbox 261 1466 393 1506; x_wconf 87' lang='lat' dir='ltr'>etiam</span> <span class='ocrx_word' id='word_1_123' title='bbox 437 1480 531 1506; x_wconf 85' lang='lat' dir='ltr'>esse</span> <span class='ocrx_word' id='word_1_124' title='bbox 569 1467 709 1506; x_wconf 79' lang='lat' dir='ltr'>meriti</span> <span class='ocrx_word' id='word_1_125' title='bbox 753 1481 908 1520; x_wconf 76' lang='lat' dir='ltr'>poenas</span> <span class='ocrx_word' id='word_1_126' title='bbox 947 1469 1187 1521; x_wconf 88' lang='lat' dir='ltr'>impositas,</span> <span class='ocrx_word' id='word_1_127' title='bbox 1227 1484 1360 1522; x_wconf 85' lang='lat' dir='ltr'>quam</span> <span class='ocrx_word' id='word_1_128' title='bbox 1397 1471 1511 1511; x_wconf 87' lang='lat' dir='ltr'>ultro</span> 
     </span>
     <span class='ocr_line' id='line_1_19' title="bbox 44 1541 1513 1594; baseline 0.003 -15"><span class='ocrx_word' id='word_1_129' title='bbox 44 1546 281 1593; x_wconf 86' lang='lat' dir='ltr'>susceptas,</span> <span class='ocrx_word' id='word_1_130' title='bbox 305 1541 605 1591; x_wconf 87' lang='lat' dir='ltr'>ostendimus;</span> <span class='ocrx_word' id='word_1_131' title='bbox 640 1555 914 1594; x_wconf 83' lang='lat' dir='ltr'>consequens</span> <span class='ocrx_word' id='word_1_132' title='bbox 937 1549 1013 1590; x_wconf 85' lang='lat' dir='ltr'>est,</span> <span class='ocrx_word' id='word_1_133' title='bbox 1040 1549 1086 1583; x_wconf 93' lang='lat' dir='ltr'>ut</span> <span class='ocrx_word' id='word_1_134' title='bbox 1117 1544 1250 1584; x_wconf 87' lang='lat' dir='ltr'>etiam</span> <span class='ocrx_word' id='word_1_135' title='bbox 1275 1545 1513 1585; x_wconf 84' lang='lat' dir='ltr'>doceamus</span> 
     </span>
     <span class='ocr_line' id='line_1_20' title="bbox 42 1614 1515 1667; baseline 0.004 -14"><span class='ocrx_word' id='word_1_136' title='bbox 42 1614 140 1667; x_wconf 88' lang='lat' dir='ltr'>plus</span> <span class='ocrx_word' id='word_1_137' title='bbox 163 1614 325 1654; x_wconf 86' lang='lat' dir='ltr'>habere</span> <span class='ocrx_word' id='word_1_138' title='bbox 349 1614 549 1654; x_wconf 76' lang='lat' dir='ltr'>utilitatis</span> <span class='ocrx_word' id='word_1_139' title='bbox 571 1628 621 1655; x_wconf 89' lang='lat' dir='ltr'>ac</span> <span class='ocrx_word' id='word_1_140' title='bbox 645 1615 818 1656; x_wconf 80' lang='lat' dir='ltr'>fructus,</span> <span class='ocrx_word' id='word_1_141' title='bbox 868 1616 961 1657; x_wconf 77' lang='lat' dir='ltr'>Sex</span> <span class='ocrx_word' id='word_1_142' title='bbox 986 1623 1134 1657; x_wconf 85' lang='lat' dir='ltr'>autem</span> <span class='ocrx_word' id='word_1_143' title='bbox 1160 1619 1286 1658; x_wconf 90' lang='lat' dir='ltr'>rebus</span> <span class='ocrx_word' id='word_1_144' title='bbox 1308 1619 1515 1659; x_wconf 85' lang='lat' dir='ltr'>videntur</span> 
     </span>
     <span class='ocr_line' id='line_1_21' title="bbox 44 1688 475 1741; baseline 0.002 -13"><span class='ocrx_word' id='word_1_145' title='bbox 44 1688 233 1728; x_wconf 88' lang='lat' dir='ltr'>utilitate</span> <span class='ocrx_word' id='word_1_146' title='bbox 256 1695 475 1741; x_wconf 55' lang='lat' dir='ltr'>praestare.</span> 
     </span>
    </p>

    <p class='ocr_par' dir='ltr' id='par_1_5' title="bbox 40 1762 1517 2848">
     <span class='ocr_line' id='line_1_22' title="bbox 132 1762 1514 1816; baseline 0.004 -16"><span class='ocrx_word' id='word_1_147' title='bbox 132 1762 278 1801; x_wconf 89' lang='lat' dir='ltr'>Prima</span> <span class='ocrx_word' id='word_1_148' title='bbox 310 1762 475 1802; x_wconf 89' lang='lat' dir='ltr'>utilitas</span> <span class='ocrx_word' id='word_1_149' title='bbox 508 1768 573 1802; x_wconf 88' lang='lat' dir='ltr'>est</span> <span class='ocrx_word' id='word_1_150' title='bbox 605 1764 724 1814; x_wconf 84' lang='lat' dir='ltr'>quod</span> <span class='ocrx_word' id='word_1_151' title='bbox 761 1765 962 1816; x_wconf 71' lang='lat' dir='ltr'>irrogatae</span> <span class='ocrx_word' id='word_1_152' title='bbox 1002 1765 1156 1804; x_wconf 80' lang='lat' dir='ltr'>melius</span> <span class='ocrx_word' id='word_1_153' title='bbox 1191 1773 1344 1806; x_wconf 86' lang='lat' dir='ltr'>curant</span> <span class='ocrx_word' id='word_1_154' title='bbox 1377 1767 1514 1806; x_wconf 87' lang='lat' dir='ltr'>animi</span> 
     </span>
     <span class='ocr_line' id='line_1_23' title="bbox 44 1837 1515 1889; baseline 0.004 -14"><span class='ocrx_word' id='word_1_155' title='bbox 44 1837 161 1885; x_wconf 83' lang='lat' dir='ltr'>vitia,</span> <span class='ocrx_word' id='word_1_156' title='bbox 194 1849 326 1887; x_wconf 87' lang='lat' dir='ltr'>quam</span> <span class='ocrx_word' id='word_1_157' title='bbox 362 1842 519 1888; x_wconf 85' lang='lat' dir='ltr'>sponte</span> <span class='ocrx_word' id='word_1_158' title='bbox 554 1843 781 1889; x_wconf 77' lang='lat' dir='ltr'>susceptae,</span> <span class='ocrx_word' id='word_1_159' title='bbox 814 1839 926 1877; x_wconf 87' lang='lat' dir='ltr'>sicut</span> <span class='ocrx_word' id='word_1_160' title='bbox 962 1840 1232 1879; x_wconf 86' lang='lat' dir='ltr'>medicorum</span> <span class='ocrx_word' id='word_1_161' title='bbox 1267 1842 1515 1882; x_wconf 87' lang='lat' dir='ltr'>curationes</span> 
     </span>
     <span class='ocr_line' id='line_1_24' title="bbox 43 1909 1515 1966; baseline 0.004 -18"><span class='ocrx_word' id='word_1_162' title='bbox 43 1909 141 1962; x_wconf 88' lang='lat' dir='ltr'>plus</span> <span class='ocrx_word' id='word_1_163' title='bbox 164 1916 347 1962; x_wconf 89' lang='lat' dir='ltr'>prosunt</span> <span class='ocrx_word' id='word_1_164' title='bbox 365 1911 552 1962; x_wconf 66' lang='lat' dir='ltr'>aegrotis,</span> <span class='ocrx_word' id='word_1_165' title='bbox 570 1924 702 1962; x_wconf 85' lang='lat' dir='ltr'>quam</span> <span class='ocrx_word' id='word_1_166' title='bbox 722 1925 783 1950; x_wconf 77' lang='lat' dir='ltr'>cae</span> <span class='ocrx_word' id='word_1_167' title='bbox 803 1925 912 1963; x_wconf 84' lang='lat' dir='ltr'>quas</span> <span class='ocrx_word' id='word_1_168' title='bbox 935 1912 1015 1951; x_wconf 89' lang='lat' dir='ltr'>sibi</span> <span class='ocrx_word' id='word_1_169' title='bbox 1039 1913 1120 1965; x_wconf 90' lang='lat' dir='ltr'>ipsi</span> <span class='ocrx_word' id='word_1_170' title='bbox 1143 1915 1515 1966; x_wconf 70' lang='lat' dir='ltr'>praescripserint;</span> 
     </span>
     <span class='ocr_line' id='line_1_25' title="bbox 44 1983 1513 2039; baseline 0.004 -17"><span class='ocrx_word' id='word_1_171' title='bbox 44 1990 139 2023; x_wconf 90' lang='lat' dir='ltr'>tum</span> <span class='ocrx_word' id='word_1_172' title='bbox 167 1983 269 2035; x_wconf 86' lang='lat' dir='ltr'>quia</span> <span class='ocrx_word' id='word_1_173' title='bbox 301 1984 567 2036; x_wconf 72' lang='lat' dir='ltr'>1³1·aepositils</span> <span class='ocrx_word' id='word_1_174' title='bbox 598 1984 751 2024; x_wconf 86' lang='lat' dir='ltr'>melius</span> <span class='ocrx_word' id='word_1_175' title='bbox 782 1986 903 2024; x_wconf 85' lang='lat' dir='ltr'>novit</span> <span class='ocrx_word' id='word_1_176' title='bbox 932 1999 1030 2037; x_wconf 64' lang='lat' dir='ltr'>quae</span> <span class='ocrx_word' id='word_1_177' title='bbox 1061 1987 1215 2039; x_wconf 84' lang='lat' dir='ltr'>cuique</span> <span class='ocrx_word' id='word_1_178' title='bbox 1246 1987 1402 2028; x_wconf 87' lang='lat' dir='ltr'>morbo</span> <span class='ocrx_word' id='word_1_179' title='bbox 1435 1990 1513 2028; x_wconf 88' lang='lat' dir='ltr'>ad—</span> 
     </span>
     <span class='ocr_line' id='line_1_26' title="bbox 43 2058 1508 2118; baseline 0.004 -22"><span class='ocrx_word' id='word_1_180' title='bbox 43 2058 265 2097; x_wconf 85' lang='lat' dir='ltr'>monenda</span> <span class='ocrx_word' id='word_1_181' title='bbox 294 2058 350 2097; x_wconf 85' lang='lat' dir='ltr'>sit</span> <span class='ocrx_word' id='word_1_182' title='bbox 381 2058 558 2107; x_wconf 88' lang='lat' dir='ltr'>curatio,</span> <span class='ocrx_word' id='word_1_183' title='bbox 582 2066 675 2118; x_wconf 84' lang='lat' dir='ltr'>tum</span> <span class='ocrx_word' id='word_1_184' title='bbox 699 2060 801 2110; x_wconf 87' lang='lat' dir='ltr'>quia</span> <span class='ocrx_word' id='word_1_185' title='bbox 831 2060 1049 2112; x_wconf 61' lang='lat' dir='ltr'>impositae</span> <span class='ocrx_word' id='word_1_186' title='bbox 1072 2074 1171 2100; x_wconf 91' lang='lat' dir='ltr'>cum</span> <span class='ocrx_word' id='word_1_187' title='bbox 1205 2062 1345 2114; x_wconf 82' lang='lat' dir='ltr'>magis</span> <span class='ocrx_word' id='word_1_188' title='bbox 1369 2069 1508 2111; x_wconf 88' lang='lat' dir='ltr'>urant,</span> 
     </span>
     <span class='ocr_line' id='line_1_27' title="bbox 44 2132 1509 2184; baseline 0.003 -13"><span class='ocrx_word' id='word_1_189' title='bbox 44 2133 186 2184; x_wconf 83' lang='lat' dir='ltr'>magis</span> <span class='ocrx_word' id='word_1_190' title='bbox 209 2132 342 2171; x_wconf 88' lang='lat' dir='ltr'>etiam</span> <span class='ocrx_word' id='word_1_191' title='bbox 367 2133 590 2172; x_wconf 66' lang='lat' dir='ltr'>memoria:</span> <span class='ocrx_word' id='word_1_192' title='bbox 615 2133 838 2173; x_wconf 63' lang='lat' dir='ltr'>inhaerent.</span> <span class='ocrx_word' id='word_1_193' title='bbox 894 2134 1023 2183; x_wconf 88' lang='lat' dir='ltr'>Nam,</span> <span class='ocrx_word' id='word_1_194' title='bbox 1047 2140 1094 2174; x_wconf 93' lang='lat' dir='ltr'>ut</span> <span class='ocrx_word' id='word_1_195' title='bbox 1116 2135 1177 2175; x_wconf 90' lang='lat' dir='ltr'>ait</span> <span class='ocrx_word' id='word_1_196' title='bbox 1201 2135 1509 2177; x_wconf 77' lang='lat' dir='ltr'>Nazianzenus</span> 
     </span>
     <span class='ocr_line' id='line_1_28' title="bbox 43 2204 1511 2260; baseline 0.004 -16"><span class='ocrx_word' id='word_1_197' title='bbox 43 2206 98 2245; x_wconf 87' lang='lat' dir='ltr'>ad</span> <span class='ocrx_word' id='word_1_198' title='bbox 125 2204 331 2255; x_wconf 84' lang='lat' dir='ltr'>Arianos,</span> <span class='ocrx_word' id='word_1_199' title='bbox 361 2206 453 2258; x_wconf 87' lang='lat' dir='ltr'>ejus</span> <span class='ocrx_word' id='word_1_200' title='bbox 485 2208 559 2258; x_wconf 86' lang='lat' dir='ltr'>qui</span> <span class='ocrx_word' id='word_1_201' title='bbox 592 2207 758 2259; x_wconf 87' lang='lat' dir='ltr'>patitur</span> <span class='ocrx_word' id='word_1_202' title='bbox 789 2208 984 2248; x_wconf 86' lang='lat' dir='ltr'>tenacior</span> <span class='ocrx_word' id='word_1_203' title='bbox 1015 2222 1109 2248; x_wconf 86' lang='lat' dir='ltr'>esse</span> <span class='ocrx_word' id='word_1_204' title='bbox 1141 2211 1353 2249; x_wconf 88' lang='lat' dir='ltr'>memoria</span> <span class='ocrx_word' id='word_1_205' title='bbox 1387 2211 1511 2260; x_wconf 82' lang='lat' dir='ltr'>solet,</span> 
     </span>
     <span class='ocr_line' id='line_1_29' title="bbox 42 2277 1511 2337; baseline 0.005 -19"><span class='ocrx_word' id='word_1_206' title='bbox 42 2277 148 2320; x_wconf 60' lang='lat' dir='ltr'>dicit</span> <span class='ocrx_word' id='word_1_207' title='bbox 190 2280 325 2320; x_wconf 86' lang='lat' dir='ltr'>etiam</span> <span class='ocrx_word' id='word_1_208' title='bbox 374 2281 682 2332; x_wconf 82' lang='lat' dir='ltr'>proverbium:</span> <span class='ocrx_word' id='word_1_209' title='bbox 738 2281 855 2321; x_wconf 84' lang='lat' dir='ltr'>“Cui</span> <span class='ocrx_word' id='word_1_210' title='bbox 906 2282 1036 2332; x_wconf 87' lang='lat' dir='ltr'>dolet,</span> <span class='ocrx_word' id='word_1_211' title='bbox 1090 2283 1324 2323; x_wconf 78' lang='lat' dir='ltr'>meminit.”</span> <span class='ocrx_word' id='word_1_212' title='bbox 1409 2284 1511 2337; x_wconf 90' lang='lat' dir='ltr'>Quo</span> 
     </span>
     <span class='ocr_line' id='line_1_30' title="bbox 42 2352 1513 2399; baseline 0.005 -7"><span class='ocrx_word' id='word_1_213' title='bbox 42 2352 337 2393; x_wconf 86' lang='lat' dir='ltr'>admonemur</span> <span class='ocrx_word' id='word_1_214' title='bbox 368 2368 421 2394; x_wconf 90' lang='lat' dir='ltr'>ne</span> <span class='ocrx_word' id='word_1_215' title='bbox 454 2356 496 2395; x_wconf 91' lang='lat' dir='ltr'>in</span> <span class='ocrx_word' id='word_1_216' title='bbox 529 2357 684 2395; x_wconf 89' lang='lat' dir='ltr'>eadem</span> <span class='ocrx_word' id='word_1_217' title='bbox 718 2357 873 2396; x_wconf 85' lang='lat' dir='ltr'>iterum</span> <span class='ocrx_word' id='word_1_218' title='bbox 908 2357 1160 2399; x_wconf 82' lang='lat' dir='ltr'>incidamus.</span> <span class='ocrx_word' id='word_1_219' title='bbox 1226 2358 1371 2398; x_wconf 59' lang='lat' dir='ltr'>Nullae</span> <span class='ocrx_word' id='word_1_220' title='bbox 1396 2359 1513 2399; x_wconf 86' lang='lat' dir='ltr'>enim</span> 
     </span>
     <span class='ocr_line' id='line_1_31' title="bbox 44 2427 1515 2484; baseline 0.005 -18"><span class='ocrx_word' id='word_1_221' title='bbox 44 2427 286 2477; x_wconf 61' lang='lat' dir='ltr'>medicinae,</span> <span class='ocrx_word' id='word_1_222' title='bbox 310 2434 358 2468; x_wconf 87' lang='lat' dir='ltr'>ut</span> <span class='ocrx_word' id='word_1_223' title='bbox 381 2429 441 2468; x_wconf 88' lang='lat' dir='ltr'>ait</span> <span class='ocrx_word' id='word_1_224' title='bbox 469 2429 551 2477; x_wconf 90' lang='lat' dir='ltr'>ille,</span> <span class='ocrx_word' id='word_1_225' title='bbox 576 2436 667 2469; x_wconf 89' lang='lat' dir='ltr'>tam</span> <span class='ocrx_word' id='word_1_226' title='bbox 691 2436 792 2470; x_wconf 90' lang='lat' dir='ltr'>sunt</span> <span class='ocrx_word' id='word_1_227' title='bbox 822 2431 1045 2481; x_wconf 87' lang='lat' dir='ltr'>salutares,</span> <span class='ocrx_word' id='word_1_228' title='bbox 1068 2445 1202 2484; x_wconf 87' lang='lat' dir='ltr'>quam</span> <span class='ocrx_word' id='word_1_229' title='bbox 1226 2446 1323 2484; x_wconf 73' lang='lat' dir='ltr'>quae</span> <span class='ocrx_word' id='word_1_230' title='bbox 1347 2432 1515 2474; x_wconf 88' lang='lat' dir='ltr'>faciunt</span> 
     </span>
     <span class='ocr_line' id='line_1_32' title="bbox 42 2500 1515 2559; baseline 0.005 -20"><span class='ocrx_word' id='word_1_231' title='bbox 42 2500 250 2540; x_wconf 90' lang='lat' dir='ltr'>dolorem.</span> <span class='ocrx_word' id='word_1_232' title='bbox 336 2501 450 2543; x_wconf 85' lang='lat' dir='ltr'>Sunt</span> <span class='ocrx_word' id='word_1_233' title='bbox 493 2516 684 2555; x_wconf 85' lang='lat' dir='ltr'>namque</span> <span class='ocrx_word' id='word_1_234' title='bbox 717 2503 851 2543; x_wconf 83' lang='lat' dir='ltr'>veluti</span> <span class='ocrx_word' id='word_1_235' title='bbox 890 2506 1141 2554; x_wconf 85' lang='lat' dir='ltr'>cauterium,</span> <span class='ocrx_word' id='word_1_236' title='bbox 1179 2512 1226 2545; x_wconf 89' lang='lat' dir='ltr'>ut</span> <span class='ocrx_word' id='word_1_237' title='bbox 1268 2506 1324 2545; x_wconf 85' lang='lat' dir='ltr'>de</span> <span class='ocrx_word' id='word_1_238' title='bbox 1365 2506 1515 2559; x_wconf 89' lang='lat' dir='ltr'>objur-</span> 
     </span>
     <span class='ocr_line' id='line_1_33' title="bbox 40 2574 1517 2629; baseline 0.005 -16"><span class='ocrx_word' id='word_1_239' title='bbox 40 2574 219 2626; x_wconf 82' lang='lat' dir='ltr'>gatione</span> <span class='ocrx_word' id='word_1_240' title='bbox 262 2576 368 2615; x_wconf 90' lang='lat' dir='ltr'>dicit</span> <span class='ocrx_word' id='word_1_241' title='bbox 415 2576 667 2625; x_wconf 83' lang='lat' dir='ltr'>Climacus,1</span> <span class='ocrx_word' id='word_1_242' title='bbox 710 2591 797 2629; x_wconf 88' lang='lat' dir='ltr'>quo</span> <span class='ocrx_word' id='word_1_243' title='bbox 840 2580 962 2618; x_wconf 78' lang='lat' dir='ltr'>noxii</span> <span class='ocrx_word' id='word_1_244' title='bbox 1010 2585 1266 2620; x_wconf 86' lang='lat' dir='ltr'>avertuntur</span> <span class='ocrx_word' id='word_1_245' title='bbox 1309 2579 1517 2620; x_wconf 82' lang='lat' dir='ltr'>humores</span> 
     </span>
     <span class='ocr_line' id='line_1_34' title="bbox 41 2648 1508 2706; baseline 0.003 -20"><span class='ocrx_word' id='word_1_246' title='bbox 41 2652 85 2687; x_wconf 82' lang='lat' dir='ltr'>et</span> <span class='ocrx_word' id='word_1_247' title='bbox 120 2648 427 2699; x_wconf 84' lang='lat' dir='ltr'>extrahuntur,</span> <span class='ocrx_word' id='word_1_248' title='bbox 464 2664 518 2690; x_wconf 92' lang='lat' dir='ltr'>ne</span> <span class='ocrx_word' id='word_1_249' title='bbox 551 2651 593 2690; x_wconf 90' lang='lat' dir='ltr'>in</span> <span class='ocrx_word' id='word_1_250' title='bbox 627 2665 700 2691; x_wconf 88' lang='lat' dir='ltr'>eos</span> <span class='ocrx_word' id='word_1_251' title='bbox 733 2652 920 2701; x_wconf 85' lang='lat' dir='ltr'>morbos,</span> <span class='ocrx_word' id='word_1_252' title='bbox 944 2666 1031 2705; x_wconf 87' lang='lat' dir='ltr'>quo</span> <span class='ocrx_word' id='word_1_253' title='bbox 1065 2659 1220 2693; x_wconf 87' lang='lat' dir='ltr'>natura</span> <span class='ocrx_word' id='word_1_254' title='bbox 1252 2653 1508 2706; x_wconf 85' lang='lat' dir='ltr'>prolabitur,</span> 
     </span>
     <span class='ocr_line' id='line_1_35' title="bbox 41 2720 1512 2778; baseline 0.004 -19"><span class='ocrx_word' id='word_1_255' title='bbox 41 2720 310 2762; x_wconf 85' lang='lat' dir='ltr'>decidamus.</span> <span class='ocrx_word' id='word_1_256' title='bbox 380 2724 536 2776; x_wconf 85' lang='lat' dir='ltr'>Itaque</span> <span class='ocrx_word' id='word_1_257' title='bbox 568 2738 647 2764; x_wconf 89' lang='lat' dir='ltr'>usu</span> <span class='ocrx_word' id='word_1_258' title='bbox 681 2725 776 2778; x_wconf 89' lang='lat' dir='ltr'>ipso</span> <span class='ocrx_word' id='word_1_259' title='bbox 809 2726 1053 2776; x_wconf 90' lang='lat' dir='ltr'>didicimus,</span> <span class='ocrx_word' id='word_1_260' title='bbox 1077 2727 1133 2767; x_wconf 92' lang='lat' dir='ltr'>ab</span> <span class='ocrx_word' id='word_1_261' title='bbox 1165 2728 1214 2766; x_wconf 89' lang='lat' dir='ltr'>iis</span> <span class='ocrx_word' id='word_1_262' title='bbox 1247 2740 1326 2766; x_wconf 89' lang='lat' dir='ltr'>nos</span> <span class='ocrx_word' id='word_1_263' title='bbox 1359 2739 1512 2765; x_wconf 86' lang='lat' dir='ltr'>cavere</span> 
     </span>
     <span class='ocr_line' id='line_1_36' title="bbox 42 2792 1514 2848; baseline 0.006 -16"><span class='ocrx_word' id='word_1_264' title='bbox 42 2792 225 2845; x_wconf 86' lang='lat' dir='ltr'>delictis,</span> <span class='ocrx_word' id='word_1_265' title='bbox 267 2809 454 2848; x_wconf 87' lang='lat' dir='ltr'>quorum</span> <span class='ocrx_word' id='word_1_266' title='bbox 494 2811 624 2840; x_wconf 85' lang='lat' dir='ltr'>causa</span> <span class='ocrx_word' id='word_1_267' title='bbox 661 2799 835 2839; x_wconf 87' lang='lat' dir='ltr'>multati</span> <span class='ocrx_word' id='word_1_268' title='bbox 879 2814 1056 2840; x_wconf 88' lang='lat' dir='ltr'>sumus:</span> <span class='ocrx_word' id='word_1_269' title='bbox 1104 2814 1201 2841; x_wconf 88' lang='lat' dir='ltr'>cum</span> <span class='ocrx_word' id='word_1_270' title='bbox 1240 2806 1389 2841; x_wconf 85' lang='lat' dir='ltr'>tamen</span> <span class='ocrx_word' id='word_1_271' title='bbox 1429 2811 1514 2841; x_wconf 84' lang='lat' dir='ltr'>non</span> 
     </span>
    </p>
   </div>
   <div class='ocr_carea' id='block_1_3' title="bbox 209 2887 866 2988">
    <p class='ocr_par' dir='ltr' id='par_1_6' title="bbox 209 2887 866 2988">
     <span class='ocr_line' id='line_1_37' title="bbox 679 2887 866 2931; baseline 0 -10"><span class='ocrx_word' id='word_1_272' title='bbox 679 2887 691 2931; x_wconf 57' lang='lat'><em>3</em></span> <span class='ocrx_word' id='word_1_273' title='bbox 714 2889 817 2921; x_wconf 78' lang='lat' dir='ltr'>Grad.</span> <span class='ocrx_word' id='word_1_274' title='bbox 837 2899 866 2931; x_wconf 85' lang='lat'>4.</span> 
     </span>
     <span class='ocr_line' id='line_1_38' title="bbox 209 2945 290 2988; baseline 0 -10"><span class='ocrx_word' id='word_1_275' title='bbox 209 2945 231 2988; x_wconf 87' lang='lat' dir='ltr'>J</span> <span class='ocrx_word' id='word_1_276' title='bbox 264 2949 290 2978; x_wconf 89' lang='lat'><strong>2</strong></span> 
     </span>
    </p>
   </div>
  </div>
 </body>
</html>
