1903 3197
488 132 701 180 Ubinam
734 132 989 195 (edificatio
1024 134 1121 180 sila
1156 133 1231 181 sz‘t.
1494 146 1586 193 553

123 264 368 306 i'temtidem
392 264 488 305 illos
511 264 673 304 iterans
694 276 836 313 voceS,
861 263 988 316 ‘Jesu
1012 264 1071 304 fili
1095 264 1242 305 David
1265 265 1468 304 miserere
1490 264 1587 313 mei,

125 339 271 379 Mater
307 339 392 379 Dei
429 338 633 379 miserere
665 336 775 386 mei,’
809 343 926 378 totos
958 337 1051 378 dies
1087 337 1156 378 his
1186 337 1370 390 aliisque
1405 337 1588 378 vocibus

121 411 420 454 extrahebat.”

208 487 269 527 Et
318 486 354 526 si
406 498 538 538 quem
589 483 733 525 adhuc
791 484 1081 536 antiquiorem
1135 486 1353 526 malumus
1380 499 1388 535 ;
1441 491 1587 526 narrat

122 560 168 601 B.
195 558 459 613 Gregorius1
482 559 525 598 in
550 558 751 611 Dialogis
784 557 1015 598 Servulum
1047 558 1340 611 paralyticum
1363 559 1407 598 in
1430 560 1586 600 mediis

121 632 345 673 doloribus
396 632 573 672 solitum
625 631 901 672 continenter
950 631 1140 684 hymnos
1193 632 1291 672 Deo
1348 632 1586 684 laudesque

121 707 290 756 dicere;
335 705 630 757 eumdemque
661 705 812 745 audire
850 704 1047 757 legentes
1082 704 1278 758 hospites
1310 718 1412 745 suos
1449 718 1584 745 sacrae

121 780 358 833 Scripturae
399 779 583 828 codices,
627 783 753 819 tanta
793 779 970 831 pietatis
1016 779 1285 829 assiduitate,
1328 784 1376 819 ut
1417 778 1585 819 litteras

120 853 317 893 funditus
369 853 600 905 ignoraret,
644 858 793 892 tamen
840 852 974 905 juxta
1025 853 1207 894 modum
1259 866 1387 893 suum
1440 866 1585 893 sacras

117 926 283 967 litteras
305 926 594 980 perdidicerit.
657 925 862 979 Quantus
895 926 1028 979 igitur
1059 926 1230 967 illorum
1261 933 1327 967 est
1348 932 1485 980 tepor,
1510 927 1585 979 qui

119 1013 219 1040 cum
255 1004 474 1053 aegrotant
515 999 686 1040 fabellis
728 1000 898 1040 malunt
942 999 1225 1053 profanisque
1266 1000 1408 1050 rebus,
1450 1013 1585 1053 quam

117 1073 201 1126 piis
235 1078 368 1126 atque
401 1073 560 1114 divinis
594 1073 790 1126 praebere
824 1074 975 1114 aures!
1038 1074 1097 1115 Et
1125 1074 1250 1127 ajunt
1280 1074 1428 1128 potius
1461 1073 1586 1114 exhi-

117 1145 244 1186 larari
281 1160 328 1187 se
365 1147 507 1199 magis
544 1146 787 1199 morboque
820 1147 964 1196 levari,
998 1161 1131 1200 quam
1166 1148 1249 1201 piis
1284 1147 1586 1201 religiosisque

119 1219 374 1272 colloquiis;
406 1233 486 1260 nec
512 1233 558 1260 se
589 1219 766 1272 pietatis
798 1220 955 1260 studiis
986 1221 1029 1260 in
1062 1222 1216 1262 morbo
1247 1221 1430 1274 perinde
1452 1226 1586 1273 atque

118 1293 162 1332 in
191 1292 380 1333 sanitate
407 1305 537 1346 posse
564 1305 727 1332 vacare.
792 1293 904 1346 Quae
937 1293 1117 1334 tandem
1148 1300 1214 1335 est
1243 1295 1327 1335 ista
1355 1294 1509 1348 pietaS,
1539 1299 1587 1334 ut

118 1366 161 1406 in
199 1365 388 1407 sanitate
428 1366 586 1418 vigeat,
625 1366 668 1405 in
712 1367 866 1406 rnorbo
909 1366 1149 1420 langueat?
1225 1369 1334 1409 Erat
1371 1369 1418 1418 is,
1452 1381 1584 1420 quem

119 1439 253 1480 modo
275 1439 383 1489 dixi,
407 1438 615 1480 Servulus
647 1440 768 1492 gravi
802 1453 1036 1493 oppressus
1068 1441 1234 1490 morbo,
1259 1447 1308 1482 ut
1335 1441 1444 1494 “qui
1477 1454 1586 1481 nun—

118 1526 252 1566 quam
285 1512 328 1552 in
360 1512 474 1553 lecto
496 1512 708 1565 surgere‚’'
733 1511 945 1566 Gregorio
975 1519 1098 1563 teste,
1124 1514 1229 1554 “vel
1250 1514 1308 1555 ad
1340 1514 1584 1555 sedendum

117 1586 303 1635 valebat,
348 1600 575 1639 nunquam
616 1600 663 1627 se
704 1592 878 1640 poterat
923 1587 966 1627 in
1018 1587 1133 1629 latus
1183 1588 1302 1629 aliud
1354 1587 1584 1629 declinare.

119 1660 180 1701 Et
212 1666 362 1701 tamen
396 1660 622 1712 religiosos
654 1673 853 1713 quosque
886 1661 929 1700 in
959 1661 1307 1714 hospitalitatem
1344 1662 1587 1715 suscipiens

120 1747 254 1774 sacrae
279 1733 517 1787 Scripturae
540 1734 714 1774 codices
740 1747 888 1774 coram
911 1747 957 1775 se
978 1735 1174 1776 studiose
1196 1735 1340 1789 legere
1362 1733 1587 1776 faciebat.”

207 1808 267 1848 Et
298 1807 354 1847 de
387 1806 567 1847 Blasilla
586 1807 769 1860 Virgine
801 1807 862 1848 sic
895 1808 1195 1862 Hieronymus
1214 1808 1245 1849 ;2
1269 1809 1589 1850 “Vacillabant

118 1881 408 1935 aegrotatione
443 1894 628 1934 gressuS,
667 1886 712 1921 et
752 1881 992 1934 pallentem
1034 1896 1084 1922 ac
1124 1888 1386 1924 trementem
1429 1882 1586 1923 faciem

118 1956 195 1996 vix
237 1954 398 1996 collum
449 1955 723 2004 sustinebat;
775 1960 819 1995 et
863 1960 1013 1996 tamen
1064 1962 1141 1997 aut
1193 1956 1460 2011 Prophetam
1511 1961 1589 1997 aut

121 2028 453 2081 Evangelistam
485 2041 658 2082 semper
689 2028 733 2068 in
765 2029 969 2070 manibus
1000 2029 1214 2072 tenebat.’'
1279 2030 1344 2072 Ut
1376 2035 1588 2084 appareat

120 2116 207 2153 eos,
240 2102 314 2155 qui
345 2115 494 2143 veram
526 2101 804 2155 solidamque
832 2103 1044 2156 pietatem
1075 2104 1314 2157 possident,
1346 2105 1391 2144 in
1423 2103 1587 2157 gravis-

118 2176 240 2217 simis
291 2176 424 2217 etiam
476 2176 640 2217 morbis
691 2189 789 2217 eam
840 2177 1103 2230 praeseferre,
1155 2191 1298 2231 neque
1348 2191 1440 2218 rem
1492 2190 1586 2217 esse

119 2249 439 2303 aegrotantibus
472 2249 785 2302 perdifficilem,
808 2251 843 2290 si
876 2264 975 2291 curn
1006 2251 1177 2304 possint
1208 2251 1359 2293 audire
1390 2250 1586 2304 profana,

117 2336 268 2364 aurem
320 2323 456 2364 etiam
507 2323 664 2364 divinis
714 2325 1015 2365 accomodent.
1108 2325 1227 2367 Sane
1277 2326 1321 2366 id
1373 2324 1585 2378 religiosis

119 2397 296 2451 aegrotis
325 2398 445 2438 omni
476 2398 644 2439 ratione
673 2397 807 2438 debet
835 2412 930 2439 esse
957 2399 1193 2452 provisum,
1216 2405 1265 2440 ut
1285 2398 1584 2440 consimilibus

119 2471 297 2524 pietatis
327 2472 484 2512 studiis
515 2471 686 2526 fugiant
717 2471 874 2513 saltem
901 2473 979 2513 otii
1008 2473 1211 2526 pericula,
1234 2486 1322 2525 quo
1344 2472 1584 2513 abundant.

121 2544 389 2586 Succurrunt
445 2545 562 2585 enim
619 2547 843 2586 memoriae
898 2560 977 2600 per
1029 2546 1125 2587 haec
1181 2547 1272 2587 otia
1327 2545 1582 2586 domesticae

117 2618 339 2659 interdum
419 2620 782 2672 opportunitates,
863 2620 1137 2661 consuetudo
1223 2619 1581 2673 propinquorum,

117 2692 318 2733 villarum
388 2693 637 2742 amoenitas,
699 2699 744 2734 et
813 2701 1025 2735 sexcenta
1095 2693 1422 2735 oblectamenta
1481 2693 1584 2734 vitae

118 2764 332 2815 secularis,
386 2766 545 2818 quibus
598 2766 740 2807 otiosa
793 2780 918 2808 mens
968 2774 1235 2821 aegrotorum
1280 2766 1497 2816 delinitur,
1542 2773 1585 2808 et

398 2853 410 2873 ¹
437 2854 523 2886 Dial.
541 2865 568 2887 c.
589 2864 637 2896 14.
1037 2855 1050 2875 2
1076 2857 1131 2888 Ad
1149 2857 1294 2889 Paulam.
