<?xml version="1.0" encoding="UTF-8"?>
<!DOCTYPE html PUBLIC "-//W3C//DTD XHTML 1.0 Transitional//EN"
    "http://www.w3.org/TR/xhtml1/DTD/xhtml1-transitional.dtd">
<html xmlns="http://www.w3.org/1999/xhtml" xml:lang="en" lang="en">
 <head>
  <title>
</title>
<meta http-equiv="Content-Type" content="text/html;charset=utf-8" />
  <meta name='ocr-system' content='tesseract 3.04.00' />
  <meta name='ocr-capabilities' content='ocr_page ocr_carea ocr_par ocr_line ocrx_word'/>
</head>
<body>
  <div class='ocr_page' id='page_1' title='image "./nicolaiorlandini00orla/nicolaiorlandini00orla_0059.png"; bbox 0 0 1903 3197; ppageno 0'>
   <div class='ocr_carea' id='block_1_1' title="bbox 443 174 1619 236">
    <p class='ocr_par' dir='ltr' id='par_1_1' title="bbox 443 174 1619 236">
     <span class='ocr_line' id='line_1_1' title="bbox 443 174 1619 236; baseline 0.003 -18"><span class='ocrx_word' id='word_1_1' title='bbox 443 174 523 219; x_wconf 77' lang='lat' dir='ltr'><strong>De</strong></span> <span class='ocrx_word' id='word_1_2' title='bbox 553 174 723 219; x_wconf 66' lang='lat' dir='ltr'><strong>alz&#39;enfe</strong></span> <span class='ocrx_word' id='word_1_3' title='bbox 743 176 1094 234; x_wconf 68' lang='lat' dir='ltr'><strong>procuratione</strong></span> <span class='ocrx_word' id='word_1_4' title='bbox 1127 176 1332 222; x_wconf 73' lang='lat' dir='ltr'><strong>Salutis.</strong></span> <span class='ocrx_word' id='word_1_5' title='bbox 1560 191 1619 236; x_wconf 81' lang='lat'><strong>39</strong></span> 
     </span>
    </p>
   </div>
   <div class='ocr_carea' id='block_1_2' title="bbox 156 304 1623 2778">
    <p class='ocr_par' dir='ltr' id='par_1_2' title="bbox 163 304 1623 638">
     <span class='ocr_line' id='line_1_2' title="bbox 165 304 1619 360; baseline 0.003 -15"><span class='ocrx_word' id='word_1_6' title='bbox 165 319 348 358; x_wconf 90' lang='lat' dir='ltr'><strong>musque</strong></span> <span class='ocrx_word' id='word_1_7' title='bbox 389 319 454 353; x_wconf 87' lang='lat' dir='ltr'><strong>ne,</strong></span> <span class='ocrx_word' id='word_1_8' title='bbox 493 305 598 345; x_wconf 91' lang='lat' dir='ltr'><strong>dum</strong></span> <span class='ocrx_word' id='word_1_9' title='bbox 634 304 741 344; x_wconf 89' lang='lat' dir='ltr'><strong>alios</strong></span> <span class='ocrx_word' id='word_1_10' title='bbox 777 305 833 344; x_wconf 91' lang='lat' dir='ltr'><strong>ad</strong></span> <span class='ocrx_word' id='word_1_11' title='bbox 876 304 1062 345; x_wconf 85' lang='lat' dir='ltr'><strong>salutem</strong></span> <span class='ocrx_word' id='word_1_12' title='bbox 1099 320 1318 356; x_wconf 85' lang='lat' dir='ltr'><strong>vocamus,</strong></span> <span class='ocrx_word' id='word_1_13' title='bbox 1361 307 1442 360; x_wconf 90' lang='lat' dir='ltr'><strong>ipsi</strong></span> <span class='ocrx_word' id='word_1_14' title='bbox 1484 321 1619 360; x_wconf 84' lang='lat' dir='ltr'><strong>regno</strong></span> 
     </span>
     <span class='ocr_line' id='line_1_3' title="bbox 164 378 1623 435; baseline 0.002 -16"><span class='ocrx_word' id='word_1_15' title='bbox 164 379 374 420; x_wconf 87' lang='lat' dir='ltr'><strong>coelorum</strong></span> <span class='ocrx_word' id='word_1_16' title='bbox 410 392 488 431; x_wconf 91' lang='lat' dir='ltr'><strong>per</strong></span> <span class='ocrx_word' id='word_1_17' title='bbox 524 392 743 418; x_wconf 89' lang='lat' dir='ltr'><strong>summum</strong></span> <span class='ocrx_word' id='word_1_18' title='bbox 782 378 973 418; x_wconf 80' lang='lat' dir='ltr'><strong>dedecus</strong></span> <span class='ocrx_word' id='word_1_19' title='bbox 1010 378 1325 420; x_wconf 79' lang='lat' dir='ltr'>excludamur:</span> <span class='ocrx_word' id='word_1_20' title='bbox 1369 381 1488 433; x_wconf 92' lang='lat' dir='ltr'><strong>quod</strong></span> <span class='ocrx_word' id='word_1_21' title='bbox 1530 383 1623 435; x_wconf 89' lang='lat' dir='ltr'><strong>ipse</strong></span> 
     </span>
     <span class='ocr_line' id='line_1_4' title="bbox 164 450 1623 505; baseline 0.002 -13"><span class='ocrx_word' id='word_1_22' title='bbox 164 466 339 505; x_wconf 91' lang='lat' dir='ltr'><strong>quoque</strong></span> <span class='ocrx_word' id='word_1_23' title='bbox 410 450 694 491; x_wconf 79' lang='lat' dir='ltr'>reformidans</span> <span class='ocrx_word' id='word_1_24' title='bbox 764 451 1024 504; x_wconf 82' lang='lat' dir='ltr'>Apostolus,</span> <span class='ocrx_word' id='word_1_25' title='bbox 1080 465 1235 504; x_wconf 91' lang='lat' dir='ltr'><strong>corpus</strong></span> <span class='ocrx_word' id='word_1_26' title='bbox 1299 466 1425 493; x_wconf 86' lang='lat' dir='ltr'><strong>suum</strong></span> <span class='ocrx_word' id='word_1_27' title='bbox 1495 455 1623 495; x_wconf 87' lang='lat' dir='ltr'><strong>casti-</strong></span> 
     </span>
     <span class='ocr_line' id='line_1_5' title="bbox 163 524 1621 579; baseline 0.002 -14"><span class='ocrx_word' id='word_1_28' title='bbox 163 525 310 577; x_wconf 82' lang='lat' dir='ltr'><strong>gabat,</strong></span> <span class='ocrx_word' id='word_1_29' title='bbox 349 538 402 564; x_wconf 92' lang='lat' dir='ltr'><strong>ne</strong></span> <span class='ocrx_word' id='word_1_30' title='bbox 442 538 541 564; x_wconf 90' lang='lat' dir='ltr'><strong>cum</strong></span> <span class='ocrx_word' id='word_1_31' title='bbox 584 524 688 573; x_wconf 86' lang='lat' dir='ltr'><strong>aliis,</strong></span> <span class='ocrx_word' id='word_1_32' title='bbox 731 525 883 577; x_wconf 89' lang='lat' dir='ltr'><strong>inquit,</strong></span> <span class='ocrx_word' id='word_1_33' title='bbox 927 525 1234 577; x_wconf 69' lang='lat' dir='ltr'><strong>przedicavero,</strong></span> <span class='ocrx_word' id='word_1_34' title='bbox 1278 526 1372 578; x_wconf 90' lang='lat' dir='ltr'><strong>ipse</strong></span> <span class='ocrx_word' id='word_1_35' title='bbox 1413 528 1621 579; x_wconf 86' lang='lat' dir='ltr'><strong>reprobus</strong></span> 
     </span>
     <span class='ocr_line' id='line_1_6' title="bbox 164 597 353 638; baseline 0 0"><span class='ocrx_word' id='word_1_36' title='bbox 164 597 353 638; x_wconf 83' lang='lat' dir='ltr'><strong>efficiar.1</strong></span> 
     </span>
    </p>

    <p class='ocr_par' dir='ltr' id='par_1_3' title="bbox 159 671 1620 1155">
     <span class='ocr_line' id='line_1_7' title="bbox 250 671 1620 725; baseline 0.001 -15"><span class='ocrx_word' id='word_1_37' title='bbox 250 671 447 711; x_wconf 88' lang='lat' dir='ltr'><strong>Tertium</strong></span> <span class='ocrx_word' id='word_1_38' title='bbox 484 671 649 711; x_wconf 88' lang='lat' dir='ltr'><strong>bonum</strong></span> <span class='ocrx_word' id='word_1_39' title='bbox 683 677 758 720; x_wconf 88' lang='lat' dir='ltr'><strong>est,</strong></span> <span class='ocrx_word' id='word_1_40' title='bbox 791 672 871 712; x_wconf 90' lang='lat' dir='ltr'><strong>dos</strong></span> <span class='ocrx_word' id='word_1_41' title='bbox 904 672 1109 724; x_wconf 81' lang='lat' dir='ltr'><strong>quaedam</strong></span> <span class='ocrx_word' id='word_1_42' title='bbox 1143 677 1276 724; x_wconf 84' lang='lat' dir='ltr'><strong>atque</strong></span> <span class='ocrx_word' id='word_1_43' title='bbox 1310 672 1497 725; x_wconf 86' lang='lat' dir='ltr'><strong>insignia</strong></span> <span class='ocrx_word' id='word_1_44' title='bbox 1534 673 1620 712; x_wconf 89' lang='lat' dir='ltr'><strong>sin-</strong></span> 
     </span>
     <span class='ocr_line' id='line_1_8' title="bbox 159 745 1620 799; baseline 0.002 -15"><span class='ocrx_word' id='word_1_45' title='bbox 159 745 321 798; x_wconf 82' lang='lat' dir='ltr'><strong>gularis</strong></span> <span class='ocrx_word' id='word_1_46' title='bbox 357 745 464 785; x_wconf 89' lang='lat' dir='ltr'><strong>lucis</strong></span> <span class='ocrx_word' id='word_1_47' title='bbox 501 758 552 785; x_wconf 86' lang='lat' dir='ltr'><strong>ac</strong></span> <span class='ocrx_word' id='word_1_48' title='bbox 588 745 842 798; x_wconf 80' lang='lat' dir='ltr'><strong>splendoris,</strong></span> <span class='ocrx_word' id='word_1_49' title='bbox 878 760 965 798; x_wconf 93' lang='lat' dir='ltr'><strong>quo</strong></span> <span class='ocrx_word' id='word_1_50' title='bbox 999 746 1223 786; x_wconf 86' lang='lat' dir='ltr'><strong>micabunt</strong></span> <span class='ocrx_word' id='word_1_51' title='bbox 1257 746 1296 794; x_wconf 90' lang='lat' dir='ltr'><strong>ii,</strong></span> <span class='ocrx_word' id='word_1_52' title='bbox 1330 747 1402 799; x_wconf 88' lang='lat' dir='ltr'><strong>qui</strong></span> <span class='ocrx_word' id='word_1_53' title='bbox 1436 746 1491 786; x_wconf 91' lang='lat' dir='ltr'><strong>ad</strong></span> <span class='ocrx_word' id='word_1_54' title='bbox 1525 746 1620 787; x_wconf 89' lang='lat' dir='ltr'><strong>illas</strong></span> 
     </span>
     <span class='ocr_line' id='line_1_9' title="bbox 159 819 1620 873; baseline 0.001 -14"><span class='ocrx_word' id='word_1_55' title='bbox 159 819 387 859; x_wconf 87' lang='lat' dir='ltr'><strong>beatorum</strong></span> <span class='ocrx_word' id='word_1_56' title='bbox 430 820 555 859; x_wconf 89' lang='lat' dir='ltr'><strong>sedes</strong></span> <span class='ocrx_word' id='word_1_57' title='bbox 591 819 724 859; x_wconf 89' lang='lat' dir='ltr'><strong>verbo</strong></span> <span class='ocrx_word' id='word_1_58' title='bbox 761 826 805 859; x_wconf 89' lang='lat' dir='ltr'><strong>et</strong></span> <span class='ocrx_word' id='word_1_59' title='bbox 842 820 1049 873; x_wconf 84' lang='lat' dir='ltr'><strong>exemplo</strong></span> <span class='ocrx_word' id='word_1_60' title='bbox 1087 820 1254 860; x_wconf 79' lang='lat' dir='ltr'><strong>caeteris</strong></span> <span class='ocrx_word' id='word_1_61' title='bbox 1291 820 1620 873; x_wconf 64' lang='lat' dir='ltr'><strong>praeluxerunt:</strong></span> 
     </span>
     <span class='ocr_line' id='line_1_10' title="bbox 159 893 1618 946; baseline 0.001 -14"><span class='ocrx_word' id='word_1_62' title='bbox 159 906 272 942; x_wconf 86' lang='lat' dir='ltr'><strong>nam,</strong></span> <span class='ocrx_word' id='word_1_63' title='bbox 292 898 340 933; x_wconf 90' lang='lat' dir='ltr'><strong>ut</strong></span> <span class='ocrx_word' id='word_1_64' title='bbox 355 894 473 945; x_wconf 90' lang='lat' dir='ltr'><strong>apud</strong></span> <span class='ocrx_word' id='word_1_65' title='bbox 490 893 721 933; x_wconf 80' lang='lat' dir='ltr'><strong>Danielem</strong></span> <span class='ocrx_word' id='word_1_66' title='bbox 740 893 944 946; x_wconf 84' lang='lat' dir='ltr'><strong>legimus:</strong></span> <span class='ocrx_word' id='word_1_67' title='bbox 968 897 987 912; x_wconf 74' lang='lat'><strong>‘⁴&#39;</strong></span> <span class='ocrx_word' id='word_1_68' title='bbox 1004 893 1091 946; x_wconf 74' lang='lat' dir='ltr'><strong>Qui</strong></span> <span class='ocrx_word' id='word_1_69' title='bbox 1108 894 1163 934; x_wconf 90' lang='lat' dir='ltr'><strong>ad</strong></span> <span class='ocrx_word' id='word_1_70' title='bbox 1178 894 1394 946; x_wconf 85' lang='lat' dir='ltr'><strong>justitiam</strong></span> <span class='ocrx_word' id='word_1_71' title='bbox 1414 895 1618 935; x_wconf 86' lang='lat' dir='ltr'><strong>erudiunt</strong></span> 
     </span>
     <span class='ocr_line' id='line_1_11' title="bbox 160 966 1620 1020; baseline 0.001 -14"><span class='ocrx_word' id='word_1_72' title='bbox 160 966 332 1015; x_wconf 86' lang='lat' dir='ltr'><strong>multos,</strong></span> <span class='ocrx_word' id='word_1_73' title='bbox 366 966 489 1018; x_wconf 90' lang='lat' dir='ltr'><strong>quasi</strong></span> <span class='ocrx_word' id='word_1_74' title='bbox 512 966 649 1007; x_wconf 79' lang='lat' dir='ltr'><strong>stellae</strong></span> <span class='ocrx_word' id='word_1_75' title='bbox 681 967 912 1020; x_wconf 87' lang='lat' dir='ltr'><strong>fulgebunt</strong></span> <span class='ocrx_word' id='word_1_76' title='bbox 946 968 990 1007; x_wconf 90' lang='lat' dir='ltr'><strong>in</strong></span> <span class='ocrx_word' id='word_1_77' title='bbox 1023 974 1256 1020; x_wconf 83' lang='lat' dir='ltr'><strong>perpetuas</strong></span> <span class='ocrx_word' id='word_1_78' title='bbox 1288 967 1620 1008; x_wconf 70' lang='lat' dir='ltr'><strong>aete1·nitates.&#39;’2</strong></span> 
     </span>
     <span class='ocr_line' id='line_1_12' title="bbox 163 1040 1618 1094; baseline 0.002 -15"><span class='ocrx_word' id='word_1_79' title='bbox 163 1040 273 1080; x_wconf 82' lang='lat' dir='ltr'><strong>Haec</strong></span> <span class='ocrx_word' id='word_1_80' title='bbox 315 1040 446 1093; x_wconf 87' lang='lat' dir='ltr'><strong>igitur</strong></span> <span class='ocrx_word' id='word_1_81' title='bbox 485 1041 540 1080; x_wconf 91' lang='lat' dir='ltr'><strong>ad</strong></span> <span class='ocrx_word' id='word_1_82' title='bbox 583 1041 826 1080; x_wconf 87' lang='lat' dir='ltr'><strong>animarum</strong></span> <span class='ocrx_word' id='word_1_83' title='bbox 871 1055 1024 1081; x_wconf 79' lang='lat' dir='ltr'><strong>causas</strong></span> <span class='ocrx_word' id='word_1_84' title='bbox 1066 1042 1291 1094; x_wconf 83' lang='lat' dir='ltr'><strong>impellere</strong></span> <span class='ocrx_word' id='word_1_85' title='bbox 1338 1049 1471 1094; x_wconf 87' lang='lat' dir='ltr'><strong>atque</strong></span> <span class='ocrx_word' id='word_1_86' title='bbox 1515 1043 1618 1082; x_wconf 87' lang='lat' dir='ltr'><strong>inci-</strong></span> 
     </span>
     <span class='ocr_line' id='line_1_13' title="bbox 159 1114 568 1155; baseline 0 -1"><span class='ocrx_word' id='word_1_87' title='bbox 159 1122 251 1155; x_wconf 85' lang='lat' dir='ltr'><strong>tare</strong></span> <span class='ocrx_word' id='word_1_88' title='bbox 283 1128 362 1154; x_wconf 89' lang='lat' dir='ltr'><strong>nos</strong></span> <span class='ocrx_word' id='word_1_89' title='bbox 394 1114 568 1154; x_wconf 88' lang='lat' dir='ltr'><strong>debent.</strong></span> 
     </span>
    </p>

    <p class='ocr_par' dir='ltr' id='par_1_4' title="bbox 156 1187 1622 2475">
     <span class='ocr_line' id='line_1_14' title="bbox 246 1187 1617 1240; baseline 0 -11"><span class='ocrx_word' id='word_1_90' title='bbox 246 1187 336 1229; x_wconf 85' lang='lat' dir='ltr'><strong>Sed</strong></span> <span class='ocrx_word' id='word_1_91' title='bbox 378 1202 466 1240; x_wconf 93' lang='lat' dir='ltr'><strong>quo</strong></span> <span class='ocrx_word' id='word_1_92' title='bbox 508 1188 687 1227; x_wconf 88' lang='lat' dir='ltr'><strong>tandem</strong></span> <span class='ocrx_word' id='word_1_93' title='bbox 732 1187 869 1227; x_wconf 90' lang='lat' dir='ltr'><strong>Modo</strong></span> <span class='ocrx_word' id='word_1_94' title='bbox 908 1188 1186 1228; x_wconf 83' lang='lat' dir='ltr'><strong>insistemus?</strong></span> <span class='ocrx_word' id='word_1_95' title='bbox 1251 1189 1352 1229; x_wconf 92' lang='lat' dir='ltr'><strong>Hoc</strong></span> <span class='ocrx_word' id='word_1_96' title='bbox 1394 1195 1460 1229; x_wconf 89' lang='lat' dir='ltr'><strong>est</strong></span> <span class='ocrx_word' id='word_1_97' title='bbox 1501 1190 1617 1229; x_wconf 90' lang='lat' dir='ltr'><strong>enim</strong></span> 
     </span>
     <span class='ocr_line' id='line_1_15' title="bbox 159 1260 1619 1316; baseline 0.001 -14"><span class='ocrx_word' id='word_1_98' title='bbox 159 1261 356 1309; x_wconf 80' lang='lat' dir='ltr'><strong>alterum,</strong></span> <span class='ocrx_word' id='word_1_99' title='bbox 412 1261 529 1312; x_wconf 89' lang='lat' dir='ltr'><strong>quod</strong></span> <span class='ocrx_word' id='word_1_100' title='bbox 582 1274 606 1300; x_wconf 91' lang='lat' dir='ltr'><strong>e</strong></span> <span class='ocrx_word' id='word_1_101' title='bbox 647 1260 784 1300; x_wconf 84' lang='lat' dir='ltr'><strong>tribus</strong></span> <span class='ocrx_word' id='word_1_102' title='bbox 835 1261 1109 1313; x_wconf 88' lang='lat' dir='ltr'><strong>propositum</strong></span> <span class='ocrx_word' id='word_1_103' title='bbox 1162 1269 1264 1302; x_wconf 87' lang='lat' dir='ltr'><strong>erat.</strong></span> <span class='ocrx_word' id='word_1_104' title='bbox 1343 1263 1516 1316; x_wconf 88' lang='lat' dir='ltr'><strong>Nempe</strong></span> <span class='ocrx_word' id='word_1_105' title='bbox 1567 1277 1619 1303; x_wconf 92' lang='lat' dir='ltr'><strong>eo</strong></span> 
     </span>
     <span class='ocr_line' id='line_1_16' title="bbox 158 1332 1619 1387; baseline 0.002 -14"><span class='ocrx_word' id='word_1_106' title='bbox 158 1347 289 1386; x_wconf 88' lang='lat' dir='ltr'><strong>quem</strong></span> <span class='ocrx_word' id='word_1_107' title='bbox 330 1332 599 1373; x_wconf 87' lang='lat' dir='ltr'><strong>Constitutio</strong></span> <span class='ocrx_word' id='word_1_108' title='bbox 633 1334 794 1373; x_wconf 83' lang='lat' dir='ltr'><strong>tradit:</strong></span> <span class='ocrx_word' id='word_1_109' title='bbox 826 1333 914 1373; x_wconf 88' lang='lat' dir='ltr'><strong>duo</strong></span> <span class='ocrx_word' id='word_1_110' title='bbox 952 1334 1069 1373; x_wconf 88' lang='lat' dir='ltr'><strong>enim</strong></span> <span class='ocrx_word' id='word_1_111' title='bbox 1107 1335 1149 1373; x_wconf 89' lang='lat' dir='ltr'><strong>in</strong></span> <span class='ocrx_word' id='word_1_112' title='bbox 1188 1349 1238 1374; x_wconf 89' lang='lat' dir='ltr'><strong>ea</strong></span> <span class='ocrx_word' id='word_1_113' title='bbox 1280 1342 1391 1383; x_wconf 89' lang='lat' dir='ltr'><strong>sunt,</strong></span> <span class='ocrx_word' id='word_1_114' title='bbox 1428 1349 1527 1387; x_wconf 77' lang='lat' dir='ltr'><strong>quae</strong></span> <span class='ocrx_word' id='word_1_115' title='bbox 1564 1337 1619 1376; x_wconf 88' lang='lat' dir='ltr'><strong>ad</strong></span> 
     </span>
     <span class='ocr_line' id='line_1_17' title="bbox 156 1406 1618 1460; baseline 0.001 -14"><span class='ocrx_word' id='word_1_116' title='bbox 156 1406 310 1447; x_wconf 81' lang='lat' dir='ltr'><strong>alienae</strong></span> <span class='ocrx_word' id='word_1_117' title='bbox 352 1406 504 1446; x_wconf 89' lang='lat' dir='ltr'><strong>salutis</strong></span> <span class='ocrx_word' id='word_1_118' title='bbox 556 1407 843 1459; x_wconf 76' lang='lat' dir='ltr'><strong>procurandae</strong></span> <span class='ocrx_word' id='word_1_119' title='bbox 896 1406 1078 1446; x_wconf 83' lang='lat' dir='ltr'><strong>modum</strong></span> <span class='ocrx_word' id='word_1_120' title='bbox 1130 1408 1379 1460; x_wconf 84' lang='lat' dir='ltr'><strong>pe1·tinent;</strong></span> <span class='ocrx_word' id='word_1_121' title='bbox 1433 1408 1618 1448; x_wconf 85' lang='lat' dir='ltr'><strong>alterum</strong></span> 
     </span>
     <span class='ocr_line' id='line_1_18' title="bbox 156 1480 1616 1533; baseline 0.002 -13"><span class='ocrx_word' id='word_1_122' title='bbox 156 1481 304 1521; x_wconf 88' lang='lat' dir='ltr'><strong>divina</strong></span> <span class='ocrx_word' id='word_1_123' title='bbox 335 1481 487 1533; x_wconf 85' lang='lat' dir='ltr'><strong>gratia,</strong></span> <span class='ocrx_word' id='word_1_124' title='bbox 522 1480 707 1521; x_wconf 86' lang='lat' dir='ltr'><strong>alterum</strong></span> <span class='ocrx_word' id='word_1_125' title='bbox 740 1481 934 1521; x_wconf 87' lang='lat' dir='ltr'><strong>studium</strong></span> <span class='ocrx_word' id='word_1_126' title='bbox 967 1487 1175 1521; x_wconf 88' lang='lat' dir='ltr'><strong>nostrum.</strong></span> <span class='ocrx_word' id='word_1_127' title='bbox 1241 1482 1392 1523; x_wconf 88' lang='lat' dir='ltr'><strong>“Cum</strong></span> <span class='ocrx_word' id='word_1_128' title='bbox 1425 1482 1616 1533; x_wconf 81' lang='lat' dir='ltr'><strong>eadem,&#39;&#39;</strong></span> 
     </span>
     <span class='ocr_line' id='line_1_19' title="bbox 157 1555 1621 1610; baseline 0.002 -16"><span class='ocrx_word' id='word_1_129' title='bbox 157 1555 309 1607; x_wconf 89' lang='lat' dir='ltr'><strong>inquit,</strong></span> <span class='ocrx_word' id='word_1_130' title='bbox 336 1555 501 1595; x_wconf 87' lang='lat' dir='ltr'><strong>scilicet</strong></span> <span class='ocrx_word' id='word_1_131' title='bbox 527 1555 675 1595; x_wconf 86' lang='lat' dir='ltr'><strong>divina</strong></span> <span class='ocrx_word' id='word_1_132' title='bbox 706 1555 859 1607; x_wconf 89' lang='lat' dir='ltr'><strong>gratia,</strong></span> <span class='ocrx_word' id='word_1_133' title='bbox 897 1555 1129 1608; x_wconf 89' lang='lat' dir='ltr'><strong>“impense</strong></span> <span class='ocrx_word' id='word_1_134' title='bbox 1159 1556 1202 1595; x_wconf 91' lang='lat' dir='ltr'><strong>in</strong></span> <span class='ocrx_word' id='word_1_135' title='bbox 1229 1556 1416 1596; x_wconf 89' lang='lat' dir='ltr'><strong>salutem</strong></span> <span class='ocrx_word' id='word_1_136' title='bbox 1451 1562 1494 1596; x_wconf 90' lang='lat' dir='ltr'><strong>et</strong></span> <span class='ocrx_word' id='word_1_137' title='bbox 1525 1571 1621 1610; x_wconf 86' lang='lat' dir='ltr'><strong>per-</strong></span> 
     </span>
     <span class='ocr_line' id='line_1_20' title="bbox 156 1627 1617 1682; baseline 0.003 -15"><span class='ocrx_word' id='word_1_138' title='bbox 156 1627 390 1668; x_wconf 89' lang='lat' dir='ltr'><strong>fectionem</strong></span> <span class='ocrx_word' id='word_1_139' title='bbox 409 1629 713 1681; x_wconf 83' lang='lat' dir='ltr'><strong>proximorum</strong></span> <span class='ocrx_word' id='word_1_140' title='bbox 731 1628 1019 1669; x_wconf 76' lang='lat' dir='ltr'><strong>incumbere.”</strong></span> <span class='ocrx_word' id='word_1_141' title='bbox 1046 1629 1296 1682; x_wconf 89' lang='lat' dir='ltr'><strong>Utrumque</strong></span> <span class='ocrx_word' id='word_1_142' title='bbox 1314 1631 1617 1671; x_wconf 85' lang='lat' dir='ltr'><strong>necessarium.</strong></span> 
     </span>
     <span class='ocr_line' id='line_1_21' title="bbox 156 1701 1619 1756; baseline 0.002 -15"><span class='ocrx_word' id='word_1_143' title='bbox 156 1701 318 1742; x_wconf 89' lang='lat' dir='ltr'><strong>Divina</strong></span> <span class='ocrx_word' id='word_1_144' title='bbox 351 1701 530 1754; x_wconf 89' lang='lat' dir='ltr'><strong>quidem</strong></span> <span class='ocrx_word' id='word_1_145' title='bbox 564 1702 732 1754; x_wconf 85' lang='lat' dir='ltr'><strong>gratia:</strong></span> <span class='ocrx_word' id='word_1_146' title='bbox 764 1703 868 1754; x_wconf 87' lang='lat' dir='ltr'><strong>quia</strong></span> <span class='ocrx_word' id='word_1_147' title='bbox 901 1702 1098 1755; x_wconf 87' lang='lat' dir='ltr'><strong>“Neque</strong></span> <span class='ocrx_word' id='word_1_148' title='bbox 1129 1704 1203 1755; x_wconf 91' lang='lat' dir='ltr'><strong>qui</strong></span> <span class='ocrx_word' id='word_1_149' title='bbox 1233 1703 1418 1756; x_wconf 87' lang='lat' dir='ltr'><strong>plantat,</strong></span> <span class='ocrx_word' id='word_1_150' title='bbox 1446 1710 1512 1744; x_wconf 91' lang='lat' dir='ltr'><strong>est</strong></span> <span class='ocrx_word' id='word_1_151' title='bbox 1540 1703 1619 1744; x_wconf 88' lang='lat' dir='ltr'><strong>ali-</strong></span> 
     </span>
     <span class='ocr_line' id='line_1_22' title="bbox 156 1775 1621 1828; baseline 0.001 -13"><span class='ocrx_word' id='word_1_152' title='bbox 156 1775 275 1827; x_wconf 86' lang='lat' dir='ltr'><strong>quid,</strong></span> <span class='ocrx_word' id='word_1_153' title='bbox 309 1788 451 1827; x_wconf 89' lang='lat' dir='ltr'><strong>neque</strong></span> <span class='ocrx_word' id='word_1_154' title='bbox 483 1776 556 1827; x_wconf 90' lang='lat' dir='ltr'><strong>qui</strong></span> <span class='ocrx_word' id='word_1_155' title='bbox 589 1776 702 1828; x_wconf 85' lang='lat' dir='ltr'><strong>rigat</strong></span> <span class='ocrx_word' id='word_1_156' title='bbox 737 1776 811 1815; x_wconf 87' lang='lat' dir='ltr'><strong>sed</strong></span> <span class='ocrx_word' id='word_1_157' title='bbox 851 1776 924 1828; x_wconf 90' lang='lat' dir='ltr'><strong>qui</strong></span> <span class='ocrx_word' id='word_1_158' title='bbox 963 1776 1281 1816; x_wconf 88' lang='lat' dir='ltr'><strong>incrementum</strong></span> <span class='ocrx_word' id='word_1_159' title='bbox 1319 1778 1407 1826; x_wconf 89' lang='lat' dir='ltr'><strong>dat,</strong></span> <span class='ocrx_word' id='word_1_160' title='bbox 1437 1775 1621 1818; x_wconf 75' lang='lat' dir='ltr'><strong>Deus.‘’3</strong></span> 
     </span>
     <span class='ocr_line' id='line_1_23' title="bbox 160 1847 1620 1901; baseline 0.002 -14"><span class='ocrx_word' id='word_1_161' title='bbox 160 1847 355 1900; x_wconf 90' lang='lat' dir='ltr'><strong>Ideoque</strong></span> <span class='ocrx_word' id='word_1_162' title='bbox 396 1848 453 1888; x_wconf 89' lang='lat' dir='ltr'><strong>ad</strong></span> <span class='ocrx_word' id='word_1_163' title='bbox 494 1849 607 1888; x_wconf 84' lang='lat' dir='ltr'><strong>hanc</strong></span> <span class='ocrx_word' id='word_1_164' title='bbox 649 1849 973 1901; x_wconf 76' lang='lat' dir='ltr'><strong>impetrandam</strong></span> <span class='ocrx_word' id='word_1_165' title='bbox 1012 1849 1162 1889; x_wconf 83' lang='lat' dir='ltr'><strong>multae</strong></span> <span class='ocrx_word' id='word_1_166' title='bbox 1205 1850 1467 1890; x_wconf 78' lang='lat' dir='ltr'><strong>adhibendae</strong></span> <span class='ocrx_word' id='word_1_167' title='bbox 1518 1858 1620 1890; x_wconf 85' lang='lat' dir='ltr'><strong>sunt</strong></span> 
     </span>
     <span class='ocr_line' id='line_1_24' title="bbox 157 1920 1621 1973; baseline 0.001 -13"><span class='ocrx_word' id='word_1_168' title='bbox 157 1934 328 1973; x_wconf 87' lang='lat' dir='ltr'><strong>preces:</strong></span> <span class='ocrx_word' id='word_1_169' title='bbox 362 1921 479 1973; x_wconf 92' lang='lat' dir='ltr'><strong>quod</strong></span> <span class='ocrx_word' id='word_1_170' title='bbox 503 1920 691 1960; x_wconf 87' lang='lat' dir='ltr'><strong>faciebat</strong></span> <span class='ocrx_word' id='word_1_171' title='bbox 710 1921 880 1969; x_wconf 88' lang='lat' dir='ltr'><strong>Paulus,</strong></span> <span class='ocrx_word' id='word_1_172' title='bbox 901 1921 1006 1961; x_wconf 91' lang='lat' dir='ltr'><strong>dum</strong></span> <span class='ocrx_word' id='word_1_173' title='bbox 1025 1922 1217 1962; x_wconf 87' lang='lat' dir='ltr'><strong>dicebat:</strong></span> <span class='ocrx_word' id='word_1_174' title='bbox 1246 1922 1377 1962; x_wconf 87' lang='lat' dir='ltr'><strong>“Non</strong></span> <span class='ocrx_word' id='word_1_175' title='bbox 1399 1936 1621 1963; x_wconf 86' lang='lat' dir='ltr'><strong>cessamus</strong></span> 
     </span>
     <span class='ocr_line' id='line_1_25' title="bbox 160 1994 1622 2048; baseline 0.002 -15"><span class='ocrx_word' id='word_1_176' title='bbox 160 2007 239 2046; x_wconf 88' lang='lat' dir='ltr'><strong>pro</strong></span> <span class='ocrx_word' id='word_1_177' title='bbox 271 1994 395 2033; x_wconf 87' lang='lat' dir='ltr'><strong>vobis</strong></span> <span class='ocrx_word' id='word_1_178' title='bbox 427 1999 601 2033; x_wconf 89' lang='lat' dir='ltr'><strong>orantes</strong></span> <span class='ocrx_word' id='word_1_179' title='bbox 634 2000 677 2034; x_wconf 92' lang='lat' dir='ltr'><strong>et</strong></span> <span class='ocrx_word' id='word_1_180' title='bbox 709 1994 995 2046; x_wconf 84' lang='lat' dir='ltr'><strong>postulantes,</strong></span> <span class='ocrx_word' id='word_1_181' title='bbox 1019 2000 1066 2034; x_wconf 88' lang='lat' dir='ltr'><strong>ut</strong></span> <span class='ocrx_word' id='word_1_182' title='bbox 1096 1994 1367 2047; x_wconf 87' lang='lat' dir='ltr'><strong>impleamini</strong></span> <span class='ocrx_word' id='word_1_183' title='bbox 1397 1997 1622 2048; x_wconf 83' lang='lat' dir='ltr'><strong>agnitione</strong></span> 
     </span>
     <span class='ocr_line' id='line_1_26' title="bbox 157 2065 1619 2111; baseline 0.002 -4"><span class='ocrx_word' id='word_1_184' title='bbox 157 2066 395 2107; x_wconf 88' lang='lat' dir='ltr'><strong>voluntatis</strong></span> <span class='ocrx_word' id='word_1_185' title='bbox 438 2065 588 2106; x_wconf 74' lang='lat' dir='ltr'><strong>Dei.”4</strong></span> <span class='ocrx_word' id='word_1_186' title='bbox 650 2067 709 2106; x_wconf 88' lang='lat' dir='ltr'><strong>Et</strong></span> <span class='ocrx_word' id='word_1_187' title='bbox 751 2081 850 2106; x_wconf 87' lang='lat' dir='ltr'><strong>cum</strong></span> <span class='ocrx_word' id='word_1_188' title='bbox 892 2067 947 2107; x_wconf 90' lang='lat' dir='ltr'><strong>ad</strong></span> <span class='ocrx_word' id='word_1_189' title='bbox 988 2068 1215 2108; x_wconf 87' lang='lat' dir='ltr'><strong>Romanos</strong></span> <span class='ocrx_word' id='word_1_190' title='bbox 1256 2068 1432 2109; x_wconf 85' lang='lat' dir='ltr'><strong>scribit:</strong></span> <span class='ocrx_word' id='word_1_191' title='bbox 1476 2070 1619 2111; x_wconf 83' lang='lat' dir='ltr'><strong>“Sine</strong></span> 
     </span>
     <span class='ocr_line' id='line_1_27' title="bbox 157 2139 1617 2193; baseline 0.001 -13"><span class='ocrx_word' id='word_1_192' title='bbox 157 2139 478 2181; x_wconf 86' lang='lat' dir='ltr'><strong>intermissione</strong></span> <span class='ocrx_word' id='word_1_193' title='bbox 502 2141 759 2179; x_wconf 86' lang='lat' dir='ltr'><strong>memoriam</strong></span> <span class='ocrx_word' id='word_1_194' title='bbox 781 2141 912 2179; x_wconf 87' lang='lat' dir='ltr'><strong>vestri</strong></span> <span class='ocrx_word' id='word_1_195' title='bbox 937 2139 1048 2180; x_wconf 88' lang='lat' dir='ltr'><strong>facio</strong></span> <span class='ocrx_word' id='word_1_196' title='bbox 1071 2154 1245 2193; x_wconf 87' lang='lat' dir='ltr'><strong>semper</strong></span> <span class='ocrx_word' id='word_1_197' title='bbox 1274 2141 1317 2180; x_wconf 88' lang='lat' dir='ltr'><strong>in</strong></span> <span class='ocrx_word' id='word_1_198' title='bbox 1347 2143 1617 2183; x_wconf 90' lang='lat' dir='ltr'><strong>orationibus</strong></span> 
     </span>
     <span class='ocr_line' id='line_1_28' title="bbox 158 2211 1614 2268; baseline 0.002 -15"><span class='ocrx_word' id='word_1_199' title='bbox 158 2211 325 2254; x_wconf 81' lang='lat' dir='ltr'><strong>meis.”⁵</strong></span> <span class='ocrx_word' id='word_1_200' title='bbox 387 2213 446 2253; x_wconf 89' lang='lat' dir='ltr'><strong>Et</strong></span> <span class='ocrx_word' id='word_1_201' title='bbox 481 2226 581 2253; x_wconf 90' lang='lat' dir='ltr'><strong>cum</strong></span> <span class='ocrx_word' id='word_1_202' title='bbox 614 2214 669 2253; x_wconf 89' lang='lat' dir='ltr'><strong>ad</strong></span> <span class='ocrx_word' id='word_1_203' title='bbox 707 2213 1145 2254; x_wconf 88' lang='lat' dir='ltr'><strong>Thessalonicenses:</strong></span> <span class='ocrx_word' id='word_1_204' title='bbox 1180 2213 1427 2263; x_wconf 85' lang='lat' dir='ltr'><strong>“Gratias,”</strong></span> <span class='ocrx_word' id='word_1_205' title='bbox 1461 2216 1614 2268; x_wconf 89' lang='lat' dir='ltr'><strong>inquit,</strong></span> 
     </span>
     <span class='ocr_line' id='line_1_29' title="bbox 159 2287 1619 2340; baseline 0.001 -12"><span class='ocrx_word' id='word_1_206' title='bbox 159 2288 366 2340; x_wconf 85' lang='lat' dir='ltr'><strong>“agimus</strong></span> <span class='ocrx_word' id='word_1_207' title='bbox 400 2287 498 2326; x_wconf 93' lang='lat' dir='ltr'><strong>Deo</strong></span> <span class='ocrx_word' id='word_1_208' title='bbox 520 2300 693 2339; x_wconf 89' lang='lat' dir='ltr'><strong>semper</strong></span> <span class='ocrx_word' id='word_1_209' title='bbox 723 2301 801 2339; x_wconf 91' lang='lat' dir='ltr'><strong>pro</strong></span> <span class='ocrx_word' id='word_1_210' title='bbox 824 2287 1028 2327; x_wconf 86' lang='lat' dir='ltr'><strong>omnibus</strong></span> <span class='ocrx_word' id='word_1_211' title='bbox 1049 2287 1184 2336; x_wconf 84' lang='lat' dir='ltr'><strong>vobis,</strong></span> <span class='ocrx_word' id='word_1_212' title='bbox 1209 2289 1466 2329; x_wconf 87' lang='lat' dir='ltr'><strong>memoriam</strong></span> <span class='ocrx_word' id='word_1_213' title='bbox 1488 2290 1619 2329; x_wconf 88' lang='lat' dir='ltr'><strong>vestri</strong></span> 
     </span>
     <span class='ocr_line' id='line_1_30' title="bbox 157 2360 1617 2403; baseline 0.001 -2"><span class='ocrx_word' id='word_1_214' title='bbox 157 2360 365 2401; x_wconf 89' lang='lat' dir='ltr'><strong>facientes</strong></span> <span class='ocrx_word' id='word_1_215' title='bbox 404 2361 446 2399; x_wconf 90' lang='lat' dir='ltr'><strong>in</strong></span> <span class='ocrx_word' id='word_1_216' title='bbox 483 2360 755 2400; x_wconf 86' lang='lat' dir='ltr'><strong>orationibus</strong></span> <span class='ocrx_word' id='word_1_217' title='bbox 792 2361 951 2400; x_wconf 87' lang='lat' dir='ltr'><strong>nostris</strong></span> <span class='ocrx_word' id='word_1_218' title='bbox 988 2361 1081 2400; x_wconf 91' lang='lat' dir='ltr'><strong>sine</strong></span> <span class='ocrx_word' id='word_1_219' title='bbox 1114 2360 1496 2402; x_wconf 78' lang='lat' dir='ltr'><strong>intermissione.&#39;’⁶</strong></span> <span class='ocrx_word' id='word_1_220' title='bbox 1557 2363 1617 2403; x_wconf 87' lang='lat' dir='ltr'><strong>Et</strong></span> 
     </span>
     <span class='ocr_line' id='line_1_31' title="bbox 157 2434 272 2475; baseline -0.009 0"><span class='ocrx_word' id='word_1_221' title='bbox 157 2434 272 2475; x_wconf 79' lang='lat' dir='ltr'><strong>alibi.</strong></span> 
     </span>
    </p>

    <p class='ocr_par' dir='ltr' id='par_1_5' title="bbox 159 2507 1620 2778">
     <span class='ocr_line' id='line_1_32' title="bbox 250 2507 1620 2563; baseline 0.003 -16"><span class='ocrx_word' id='word_1_222' title='bbox 250 2507 354 2548; x_wconf 88' lang='lat' dir='ltr'><strong>Non</strong></span> <span class='ocrx_word' id='word_1_223' title='bbox 387 2514 512 2560; x_wconf 87' lang='lat' dir='ltr'><strong>putet</strong></span> <span class='ocrx_word' id='word_1_224' title='bbox 545 2507 677 2559; x_wconf 89' lang='lat' dir='ltr'><strong>igitur</strong></span> <span class='ocrx_word' id='word_1_225' title='bbox 701 2507 934 2560; x_wconf 88' lang='lat' dir='ltr'><strong>quisquam</strong></span> <span class='ocrx_word' id='word_1_226' title='bbox 965 2521 1011 2548; x_wconf 89' lang='lat' dir='ltr'><strong>se</strong></span> <span class='ocrx_word' id='word_1_227' title='bbox 1043 2508 1208 2561; x_wconf 91' lang='lat' dir='ltr'><strong>aliquid</strong></span> <span class='ocrx_word' id='word_1_228' title='bbox 1240 2509 1358 2563; x_wconf 88' lang='lat' dir='ltr'><strong>apud</strong></span> <span class='ocrx_word' id='word_1_229' title='bbox 1388 2510 1620 2563; x_wconf 84' lang='lat' dir='ltr'><strong>proximos</strong></span> 
     </span>
     <span class='ocr_line' id='line_1_33' title="bbox 166 2579 1618 2635; baseline 0.003 -15"><span class='ocrx_word' id='word_1_230' title='bbox 166 2579 473 2633; x_wconf 89' lang='lat' dir='ltr'><strong>profecturum,</strong></span> <span class='ocrx_word' id='word_1_231' title='bbox 511 2581 593 2620; x_wconf 90' lang='lat' dir='ltr'><strong>nisi</strong></span> <span class='ocrx_word' id='word_1_232' title='bbox 631 2581 870 2621; x_wconf 87' lang='lat' dir='ltr'><strong>continenti</strong></span> <span class='ocrx_word' id='word_1_233' title='bbox 907 2582 1159 2634; x_wconf 86' lang='lat' dir='ltr'><strong>precatione</strong></span> <span class='ocrx_word' id='word_1_234' title='bbox 1191 2583 1378 2635; x_wconf 83' lang='lat' dir='ltr'><strong>gratiam</strong></span> <span class='ocrx_word' id='word_1_235' title='bbox 1416 2584 1500 2624; x_wconf 90' lang='lat' dir='ltr'><strong>Dei</strong></span> <span class='ocrx_word' id='word_1_236' title='bbox 1538 2584 1618 2624; x_wconf 88' lang='lat' dir='ltr'><strong>sibi</strong></span> 
     </span>
     <span class='ocr_line' id='line_1_34' title="bbox 159 2654 1618 2708; baseline 0.003 -15"><span class='ocrx_word' id='word_1_237' title='bbox 159 2654 369 2695; x_wconf 88' lang='lat' dir='ltr'><strong>conciliet.</strong></span> <span class='ocrx_word' id='word_1_238' title='bbox 433 2654 538 2696; x_wconf 87' lang='lat' dir='ltr'><strong>Sine</strong></span> <span class='ocrx_word' id='word_1_239' title='bbox 569 2654 651 2695; x_wconf 90' lang='lat' dir='ltr'><strong>hac</strong></span> <span class='ocrx_word' id='word_1_240' title='bbox 681 2655 845 2708; x_wconf 91' lang='lat' dir='ltr'><strong>quippe</strong></span> <span class='ocrx_word' id='word_1_241' title='bbox 875 2655 995 2696; x_wconf 89' lang='lat' dir='ltr'><strong>nulla</strong></span> <span class='ocrx_word' id='word_1_242' title='bbox 1024 2663 1125 2696; x_wconf 89' lang='lat' dir='ltr'><strong>sunt</strong></span> <span class='ocrx_word' id='word_1_243' title='bbox 1151 2657 1296 2698; x_wconf 87' lang='lat' dir='ltr'><strong>studia</strong></span> <span class='ocrx_word' id='word_1_244' title='bbox 1318 2664 1477 2708; x_wconf 87' lang='lat' dir='ltr'><strong>nostra,</strong></span> <span class='ocrx_word' id='word_1_245' title='bbox 1501 2658 1618 2698; x_wconf 86' lang='lat' dir='ltr'><strong>nulla</strong></span> 
     </span>
     <span class='ocr_line' id='line_1_35' title="bbox 159 2726 1620 2778; baseline 0.003 -11"><span class='ocrx_word' id='word_1_246' title='bbox 159 2726 403 2768; x_wconf 89' lang='lat' dir='ltr'><strong>animorum</strong></span> <span class='ocrx_word' id='word_1_247' title='bbox 456 2728 756 2778; x_wconf 89' lang='lat' dir='ltr'><strong>commutatio,</strong></span> <span class='ocrx_word' id='word_1_248' title='bbox 799 2728 918 2770; x_wconf 86' lang='lat' dir='ltr'><strong>nulla</strong></span> <span class='ocrx_word' id='word_1_249' title='bbox 958 2731 1193 2771; x_wconf 90' lang='lat' dir='ltr'><strong>conversio.</strong></span> <span class='ocrx_word' id='word_1_250' title='bbox 1276 2731 1341 2772; x_wconf 90' lang='lat' dir='ltr'><strong>Ut</strong></span> <span class='ocrx_word' id='word_1_251' title='bbox 1391 2732 1506 2771; x_wconf 88' lang='lat' dir='ltr'><strong>enim</strong></span> <span class='ocrx_word' id='word_1_252' title='bbox 1559 2730 1620 2772; x_wconf 86' lang='lat' dir='ltr'><strong>ait</strong></span> 
     </span>
    </p>
   </div>
   <div class='ocr_carea' id='block_1_3' title="bbox 287 2830 1486 2918">
    <p class='ocr_par' dir='ltr' id='par_1_6' title="bbox 287 2830 1486 2918">
     <span class='ocr_line' id='line_1_36' title="bbox 287 2830 1486 2875; baseline 0.004 -12"><span class='ocrx_word' id='word_1_253' title='bbox 287 2830 300 2849; x_wconf 84' lang='lat'>¹</span> <span class='ocrx_word' id='word_1_254' title='bbox 328 2839 341 2863; x_wconf 90' lang='lat'>1</span> <span class='ocrx_word' id='word_1_255' title='bbox 362 2832 435 2865; x_wconf 82' lang='lat' dir='ltr'><strong>Cor.</strong></span> <span class='ocrx_word' id='word_1_256' title='bbox 457 2841 488 2873; x_wconf 87' lang='lat'><strong>9.</strong></span> <span class='ocrx_word' id='word_1_257' title='bbox 623 2831 638 2852; x_wconf 82' lang='lat'>²</span> <span class='ocrx_word' id='word_1_258' title='bbox 660 2833 747 2865; x_wconf 88' lang='lat' dir='ltr'><strong>Dan.</strong></span> <span class='ocrx_word' id='word_1_259' title='bbox 768 2842 816 2866; x_wconf 88' lang='lat'><strong>12.</strong></span> <span class='ocrx_word' id='word_1_260' title='bbox 952 2833 966 2853; x_wconf 75' lang='lat'><strong>³</strong></span> <span class='ocrx_word' id='word_1_261' title='bbox 993 2844 1005 2866; x_wconf 93' lang='lat'>1</span> <span class='ocrx_word' id='word_1_262' title='bbox 1028 2836 1104 2868; x_wconf 89' lang='lat' dir='ltr'><strong>Cor.</strong></span> <span class='ocrx_word' id='word_1_263' title='bbox 1125 2844 1153 2875; x_wconf 84' lang='lat'><strong>3.</strong></span> <span class='ocrx_word' id='word_1_264' title='bbox 1290 2835 1304 2854; x_wconf 82' lang='lat'><strong>‘²</strong></span> <span class='ocrx_word' id='word_1_265' title='bbox 1327 2836 1435 2868; x_wconf 82' lang='lat' dir='ltr'><strong>Colos.</strong></span> <span class='ocrx_word' id='word_1_266' title='bbox 1459 2844 1486 2868; x_wconf 92' lang='lat'><strong>1.</strong></span> 
     </span>
     <span class='ocr_line' id='line_1_37' title="bbox 606 2883 1170 2918; baseline 0.007 -4"><span class='ocrx_word' id='word_1_267' title='bbox 606 2883 618 2902; x_wconf 86' lang='lat'>⁵</span> <span class='ocrx_word' id='word_1_268' title='bbox 644 2885 743 2917; x_wconf 91' lang='lat' dir='ltr'><strong>Rom.</strong></span> <span class='ocrx_word' id='word_1_269' title='bbox 768 2894 794 2917; x_wconf 92' lang='lat'><strong>1.</strong></span> <span class='ocrx_word' id='word_1_270' title='bbox 930 2884 944 2905; x_wconf 77' lang='lat'><strong><em>⁶</em></strong></span> <span class='ocrx_word' id='word_1_271' title='bbox 971 2894 984 2918; x_wconf 90' lang='lat'>1</span> <span class='ocrx_word' id='word_1_272' title='bbox 1005 2886 1120 2918; x_wconf 83' lang='lat' dir='ltr'><strong>Thess.</strong></span> <span class='ocrx_word' id='word_1_273' title='bbox 1144 2895 1170 2918; x_wconf 84' lang='lat'><strong>1.</strong></span> 
     </span>
    </p>
   </div>
  </div>
 </body>
</html>
