1903 3197
263 154 359 198 290
585 141 665 188 De
697 141 885 189 ratione
918 141 1110 190 vivendi
1143 142 1402 191 Socz'etatz's.

258 272 346 312 cito
386 272 444 313 ad
486 287 538 314 ea
578 287 677 326 quae
720 276 812 328 agit
852 289 899 316 se
941 276 1083 329 ipsum
1126 276 1358 326 revocabit,
1395 275 1558 328 quippe
1599 275 1718 316 luctu

263 345 358 398 ipso
388 360 663 400 moeroreque
697 362 927 399 noxarum,
961 351 1119 402 quibus
1154 363 1241 389 non
1279 350 1451 402 ignorat
1484 363 1529 389 se
1561 349 1722 401 saepius

260 419 378 471 apud
417 420 563 460 Deum
599 421 831 471 offendere,
868 422 993 463 facile
1030 423 1266 475 colligetur.
1330 421 1535 462 Alterum
1574 428 1639 462 est
1673 428 1721 462 ut

260 492 332 544 qui
376 492 501 533 facile
543 500 691 534 mente
732 501 775 535 et
817 496 1082 548 cogitatione
1124 496 1209 536 alio
1252 496 1435 544 ducitur,
1471 495 1577 534 dum
1620 508 1721 535 suas

258 566 457 618 quotidie
508 566 663 608 lustrat
709 570 916 618 actiones,
962 571 996 610 is
1047 570 1311 622 peculiarem
1364 568 1572 608 adhibeat
1625 568 1721 608 dili-

253 639 449 691 gentiam
492 645 539 679 ut
581 647 774 681 mentem
817 657 941 683 suam
994 643 1248 691 identidem,
1293 641 1416 693 cujus
1461 641 1555 694 jam
1598 642 1719 682 novit

257 711 423 762 vitium,
467 715 585 753 omni
637 728 720 767 ope
763 715 966 756 cohibeat
1008 722 1140 768 atque
1182 722 1406 766 coerceat;
1456 715 1626 768 sibique
1677 715 1721 754 in

259 787 517 826 memoriam
552 795 724 828 revocet
757 789 1033 841 propositum
1069 803 1207 837 suum,
1236 789 1355 841 quod
1390 794 1456 829 est
1487 802 1533 828 se
1575 789 1719 841 ipsum

258 866 458 898 accurate
494 859 710 900 discutere
747 867 880 913 atque
917 862 1167 914 disquirere,
1204 876 1290 902 non
1327 862 1411 902 huc
1447 867 1580 914 atque
1619 861 1721 901 illuc

256 930 401 971 soluta
438 939 585 972 mente
621 934 781 985 vagari.
856 934 1056 974 Tertium
1089 940 1235 986 potest
1272 948 1366 974 esse
1399 941 1445 975 ut
1478 935 1573 986 quis
1611 933 1721 974 nolit

260 1003 443 1043 nimium
495 1007 797 1058 superstitiose
851 1007 893 1046 in
945 1007 1126 1060 singulis
1179 1007 1424 1059 quibusque
1476 1007 1722 1047 actionibus

257 1077 490 1126 immorari,
531 1092 629 1131 quae
674 1085 849 1133 tempus
891 1080 1101 1133 arripiant
1139 1086 1182 1120 et
1226 1085 1419 1119 mentem
1462 1079 1719 1132 defatigent,

258 1155 304 1190 ut
336 1150 422 1191 alia
454 1152 727 1193 considerare
763 1160 805 1194 et
840 1154 1028 1194 recolere
1058 1154 1151 1206 jam
1188 1153 1431 1205 defatigata
1454 1166 1541 1193 non
1569 1152 1720 1205 possit.

258 1223 430 1265 Inutilis
472 1227 637 1279 quippe
681 1233 745 1267 est
787 1229 930 1268 omnis
973 1228 1143 1267 minuta
1188 1227 1426 1279 diligentia,
1465 1227 1542 1266 sed
1585 1226 1628 1265 in
1670 1225 1722 1266 iis

255 1304 429 1339 tantum
467 1313 565 1352 quae
600 1315 700 1341 vere
730 1302 935 1342 videntur
967 1315 1061 1342 esse
1093 1301 1253 1341 delicta
1285 1307 1420 1352 atque
1452 1305 1643 1352 peccata,
1678 1304 1723 1339 et

257 1372 330 1413 ubi
372 1373 485 1414 inter
525 1375 719 1415 actiones
761 1375 931 1427 aliquas
973 1389 1130 1428 pravas
1172 1373 1440 1414 conscientia
1481 1371 1721 1413 momordit

256 1460 306 1488 ac
343 1448 562 1499 pupugit3
605 1448 663 1488 ibi
701 1448 979 1500 potissimum
1017 1462 1104 1489 non
1138 1448 1243 1487 nihil
1277 1447 1448 1486 insistat
1484 1444 1724 1498 oculosque

257 1521 417 1559 mentis
451 1520 614 1573 infigat,
651 1535 725 1561 seu
762 1523 820 1561 ad
864 1522 1217 1574 cognoscendam
1261 1520 1415 1560 melius
1456 1519 1721 1571 perspicien-

258 1593 450 1645 damque
491 1595 579 1633 vim
612 1594 882 1643 delictorum,
917 1608 991 1634 seu
1034 1594 1091 1634 ad
1133 1594 1288 1633 eadem
1330 1592 1398 1632 vel
1440 1591 1637 1631 cavenda
1678 1591 1722 1630 in

256 1672 493 1719 posterum,
523 1667 591 1707 vel
625 1668 668 1706 in
702 1681 894 1720 przesens
929 1667 1132 1707 deflenda
1165 1681 1215 1706 ac
1250 1665 1530 1718 deploranda.

346 1739 516 1791 Quarta
548 1741 842 1793 interrogatio.
907 1740 954 1781 Si
977 1754 1129 1780 omnes
1152 1741 1348 1779 omnium
1376 1739 1580 1778 horarum
1604 1736 1723 1789 cogi-

258 1812 459 1862 tationes,
493 1814 637 1862 verba,
671 1814 956 1865 actionesque
988 1813 1294 1865 expendendae
1326 1817 1437 1860 sunt,
1461 1811 1549 1850 duo
1582 1824 1640 1850 ex
1671 1823 1724 1850 eo

256 1886 356 1926 oriri
379 1886 582 1926 videntur
614 1886 906 1926 incommoda.
969 1886 1175 1926 Alterum
1209 1885 1328 1938 quod
1363 1884 1573 1924 memoria
1604 1896 1722 1936 saepe

257 1972 336 1999 nos
371 1959 556 2008 deficiet,
601 1960 698 2011 quis
733 1960 849 1999 enim
891 1959 1086 2011 singulas
1121 1960 1316 1998 onmium
1360 1958 1563 1997 horarum
1606 1956 1723 2009 cogi-

257 2032 449 2073 tatIOnes
492 2038 568 2073 aut
611 2034 744 2072 etiam
786 2033 919 2072 verba
961 2033 1212 2072 meminisse
1254 2031 1430 2084 potest?
1508 2031 1625 2070 Nam
1668 2030 1724 2069 de

259 2105 384 2146 factis
427 2107 720 2158 operibusque
763 2106 906 2145 minus
950 2106 1113 2158 negotii
1157 2111 1231 2144 est.
1309 2104 1398 2145 Sed
1440 2116 1528 2143 non
1569 2115 1724 2142 omnes

260 2179 474 2218 memoria
514 2178 672 2218 valent.
755 2178 898 2230 Quale
949 2179 1080 2231 igitur
1122 2179 1201 2218 erit
1251 2177 1333 2217 hoc
1377 2190 1579 2226 examen,
1622 2189 1722 2216 cum

257 2249 467 2303 pleraque
504 2251 547 2289 in
585 2251 711 2290 nobis
749 2251 853 2303 ipsis
893 2251 1137 2290 scrutandis
1176 2250 1415 2290 excidant?
1478 2249 1578 2302 Quo
1611 2250 1724 2290 circa

258 2321 300 2364 S.
346 2322 626 2363 Dorotheus:
674 2323 827 2363 “Cum
880 2323 1224 2372 obliviscamur,”
1278 2324 1431 2375 inquit,
1480 2323 1722 2363 “facillime

256 2395 419 2436 delicta
441 2401 590 2435 nostra
612 2402 655 2435 et
677 2402 871 2448 peccata,
894 2410 1004 2448 opus
1027 2403 1141 2439 esset
1165 2397 1291 2436 nobis
1314 2397 1356 2435 in
1379 2397 1506 2436 horas
1529 2395 1723 2448 singulas

257 2481 362 2510 cura
395 2467 595 2520 diligenti
631 2474 674 2508 et
709 2469 1049 2517 examinatione,
1075 2483 1161 2521 quo
1203 2475 1334 2522 pacto
1376 2469 1725 2509 ambulassemus

258 2541 303 2581 id
325 2541 540 2594 temporis
562 2554 612 2581 ac
634 2540 908 2582 momenti.’'1
946 2541 1151 2582 Alterum
1175 2542 1503 2582 incommodum
1527 2543 1727 2594 estquod

258 2615 361 2655 licet
392 2614 605 2655 memoria
646 2628 734 2655 non
772 2614 990 2665 deficeret,
1027 2615 1233 2655 deficeret
1266 2622 1451 2668 tempus,
1505 2614 1724 2656 tantulum

258 2689 377 2729 enim
417 2688 502 2729 hoc
543 2688 749 2741 spatium,
783 2688 902 2741 quod
946 2688 1076 2729 nobis
1119 2689 1224 2741 ipsis
1255 2688 1540 2729 discutiendis
1572 2688 1726 2728 datum

260 2766 338 2813 est,
381 2761 500 2816 prius
542 2761 728 2803 elabitur
769 2774 902 2815 quam
943 2761 1013 2801 vel
1063 2775 1165 2814 pars
1208 2762 1461 2803 diurnarum
1503 2761 1725 2802 actionum

887 2849 899 2869 ¹
930 2851 999 2883 Ser.
1025 2858 1072 2882 11.
