1903 3197
538 139 606 185 In
640 138 859 201 Regulas
893 139 1154 186 *Modestia
1492 143 1588 201 627

115 270 278 322 senus,1
297 272 479 313 “transit
501 272 544 312 in
566 272 700 313 decus
717 273 920 325 corporis.
963 274 1016 313 In
1035 272 1247 314 exteriori
1268 273 1407 327 gloria
1424 275 1590 314 candor

116 347 335 387 interioris
357 347 556 387 exundat
577 361 585 396 3
619 352 662 386 et
683 347 943 388 abscondita
970 349 1160 400 pectoris
1182 354 1444 388 ornamenta
1465 362 1590 401 spec—

119 421 240 461 ulum
264 421 417 462 frontis
440 420 682 461 irradiant.⁷'
717 421 851 461 Ratio
874 427 1022 461 autem
1045 422 1089 461 in
1111 428 1288 474 promtu
1313 427 1379 462 est
1398 439 1405 462 :
1438 422 1588 475 “Quia

112 509 218 548 «quae
240 496 483 548 procedunt
503 509 529 535 a
549 495 701 548 gratia,
724 500 768 534 et
789 496 943 548 spiritu
969 495 1034 547 (ut
1059 496 1121 535 ait
1145 495 1391 547 Macarius)
1418 495 1586 536 laetitiae

116 571 305 623 praedita
319 577 434 620 sunt;
450 584 548 623 quae
564 575 712 610 autem
727 570 782 610 ab
797 569 1172 623 iniquitate‚plena
1186 576 1287 610 sunt
1301 569 1587 610 turbatione.''

206 645 265 685 Et
316 645 362 686 B.
404 645 628 685 Antonius
679 644 797 697 apud
849 643 1148 684 Athanasium
1200 644 1275 694 ait,
1318 644 1582 685 Sanctorum

112 719 391 773 Angelorum
417 724 645 772 aspectum
675 719 911 759 amabilem
945 724 988 759 et
1019 718 1303 771 tranquillum
1327 732 1447 759 esse:
1480 719 1584 772 quia

109 807 215 834 cum
237 793 321 834 illis
343 799 410 834 est
442 794 659 834 Dominus
691 793 789 833 fons
821 799 864 834 et
897 794 1021 846 origo
1053 793 1229 834 laetitiae.
1296 792 1461 833 Contra
1482 807 1585 833 vero

114 867 332 908 malorum
374 867 631 920 angelorum
668 867 814 908 vultus
855 874 998 908 truces
1040 881 1135 908 esse
1173 881 1223 908 ac
1260 866 1585 917 formidolosos,

109 944 218 996 -quia
249 943 508 983 exciderunt
539 957 565 983 a
595 943 747 996 gratia.
811 942 870 982 Et
902 943 1030 990 idem,
1055 943 1128 995 qui
1158 955 1299 995 supra,
1326 942 1582 982 Emissenus

111 1017 172 1058 de
214 1017 260 1057 B.
305 1017 544 1070 Stephano,
588 1017 711 1069 cujus
752 1017 911 1069 Judaei
953 1017 1108 1057 faciem
1159 1023 1372 1069 tanquam
1424 1016 1581 1057 faciem

114 1091 280 1145 Angeli
302 1091 461 1132 vidisse
484 1092 698 1141 dicuntur,
720 1093 782 1131 sic
805 1092 890 1132 ait:
925 1091 1142 1131 “Habens
1165 1092 1277 1132 intra
1299 1105 1345 1132 se
1369 1091 1582 1144 Spiritum

116 1166 344 1215 Sanctum,
381 1180 430 1206 os
471 1180 561 1219 prae
603 1180 649 1206 se
689 1172 835 1219 gestat
871 1165 1155 1219 angelicum.”
1234 1166 1393 1206 Paulus
1434 1172 1583 1206 autem

113 1243 229 1282 inter
270 1242 434 1282 fructus
482 1241 670 1294 Spiritus
716 1241 929 1294 gaudium
983 1247 1195 1290 numerat,
1238 1241 1357 1294 quod
1404 1242 1583 1294 quidem

114 1317 197 1357 etsi
234 1322 300 1356 est
336 1317 379 1356 in
417 1317 575 1365 animo,
606 1316 752 1369 prodit
789 1316 922 1356 etiam
962 1315 1089 1365 foras,
1124 1322 1167 1356 et
1206 1330 1285 1356 sua
1315 1317 1356 1356 vi
1389 1317 1583 1369 quadam

116 1390 336 1430 hilaritate
368 1390 618 1443 conspergit
651 1404 738 1431 ora.

205 1465 264 1505 Et
302 1464 620 1513 Bonaventura,
661 1463 786 1517 Spec.
826 1464 943 1504 Disc.
984 1478 1023 1517 p.
1068 1475 1098 1503 1.
1137 1478 1170 1504 c.
1212 1475 1275 1504 2.:
1328 1464 1585 1517 “Magnum

116 1540 403 1580 inhabitantis
424 1539 577 1592 gratiae
600 1539 786 1592 signum,
805 1538 1043 1591 spiritualis
1071 1538 1274 1589 laetitia;’'
1293 1553 1331 1592 p.
1351 1539 1413 1590 36.
1431 1539 1511 1580 vol.
1533 1550 1556 1578 2
1576 1553 1584 1580 :

118 1614 320 1656 “Contra
352 1628 455 1654 vero
489 1614 667 1654 tristitia
701 1615 875 1666 signum
911 1612 1197 1653 inhabitantis
1235 1614 1337 1654 mali
1371 1615 1584 1667 spiritus.’'

118 1689 246 1729 Patet
268 1689 311 1728 in
336 1687 452 1737 Saul,
482 1699 512 1728 Ι.
539 1688 645 1740 Reg.
671 1688 745 1739 qui
769 1688 929 1740 egebat
958 1687 1125 1727 cithara
1157 1688 1301 1727 David
1335 1689 1390 1728 ad
1424 1688 1586 1728 lenien-

117 1764 224 1804 dum
254 1763 418 1802 malum
441 1763 653 1815 spiritum.
719 1761 844 1801 Idem
870 1762 1189 1812 Bonaventura‚
1215 1762 1339 1815 Spec.
1367 1763 1456 1802 Dis.
1482 1778 1520 1816 p.
1552 1775 1581 1804 Ι.

114 1853 150 1879 c.
177 1849 240 1878 2.:
284 1836 480 1886 “Solet,''
515 1837 668 1889 inquit,
704 1837 784 1876 “in
819 1850 934 1889 aqua
966 1837 1141 1876 turbida
1172 1837 1307 1877 latere
1341 1839 1586 1890 piscaturus

114 1912 294 1966 spiritus
317 1917 549 1951 tortuosus.
614 1910 688 1951 Sic
709 1910 889 1950 daemon
914 1911 956 1950 in
981 1911 1150 1951 moestis
1173 1911 1430 1952 mentibuss’

208 1992 263 2038 30.
299 1986 520 2026 Serenitas
556 1984 701 2025 vultus
739 1986 781 2024 in
820 1984 1022 2037 religioso
1066 1985 1191 2025 facile
1233 1987 1397 2027 indicat
1438 1987 1586 2027 condi-

116 2062 284 2102 tionem
307 2060 520 2113 religiosae
537 2060 650 2109 vitae,
669 2065 712 2099 et
735 2059 1027 2099 differentiam
1052 2060 1373 2113 discrimenque
1397 2061 1586 2114 religiosi

116 2141 259 2176 status
300 2149 326 2174 a
366 2133 559 2174 seculari.
623 2133 846 2185 Quoniam
889 2134 931 2172 in
973 2134 1120 2174 seculo
1163 2148 1257 2174 rara
1299 2149 1400 2188 an,
1438 2137 1585 2176 incon-

117 2216 328 2262 stansque
369 2209 550 2249 lastitia:
602 2209 714 2248 inter
755 2208 980 2261 religiosos
1022 2222 1123 2248 vero
1172 2209 1448 2262 famulosque
1500 2211 1586 2251 Dei

116 2285 319 2338 perennis
352 2283 617 2336 jucunditaS,
649 2289 696 2323 ut
729 2297 828 2323 vere
862 2283 1063 2323 videatur
1096 2284 1304 2324 cecinisse
1339 2284 1587 2338 Propheta:

116 2359 273 2400 “Ecce
310 2372 443 2411 quam
478 2358 642 2398 bonum
680 2364 723 2398 et
757 2372 890 2411 quam
922 2358 1167 2410 jucundum
1200 2359 1398 2401 habitare
1432 2361 1585 2402 fratres

117 2433 161 2473 in
203 2432 373 2474 unum.’'
456 2432 569 2473 Cum
616 2432 748 2485 igitur
798 2433 1000 2473 homines
1051 2433 1408 2475 animadvertunt
1458 2435 1584 2476 laetos

116 2507 416 2560 religiosorum
442 2507 599 2557 vultus,
622 2512 775 2547 contra
797 2521 899 2547 vero
932 2507 1190 2548 secularium
1220 2523 1339 2562 saepe
1371 2510 1583 2560 turbatos,

116 2587 479 2634 argumentantur
520 2596 577 2621 ex
620 2596 671 2621 eo
714 2587 929 2634 quantum
972 2583 1086 2622 inter
1126 2589 1410 2636 utrorumque
1445 2585 1582 2624 vitam

117 2655 394 2707 interjectum
427 2656 483 2695 sit
514 2655 800 2696 intervallum.
864 2655 991 2696 Patet
1020 2657 1063 2696 id
1094 2658 1228 2696 etiam
1258 2671 1316 2697 ex
1339 2659 1584 2699 contrario:

118 2743 221 2770 nam
263 2744 362 2769 cum
406 2729 503 2782 quis
544 2729 786 2769 vocationis
829 2730 993 2770 donum
1035 2743 1112 2783 per
1155 2731 1365 2772 incuriam
1407 2733 1584 2785 amittit,

119 2818 195 2845 ora
237 2810 390 2853 mutat,
437 2810 481 2844 et
523 2803 814 2843 mutationem
858 2804 991 2844 animi
1034 2810 1195 2845 moesto
1237 2820 1288 2847 ac
1328 2808 1584 2860 perturbato

463 2884 474 2904 ¹
500 2886 602 2918 Hom.
627 2891 654 2926 7.
679 2886 800 2918 Euseb.
824 2886 925 2918 Emis.
946 2887 987 2918 de
1006 2886 1038 2919 S.
1060 2886 1237 2928 Stephano.

292 2940 356 2972 OO
389 2942 413 2971 2
