1903 3197
620 155 698 200 De
729 154 1049 201 Poem'tentiz‘s.
1504 167 1566 211 93

113 291 272 331 ‘centias
305 288 499 341 accipere
533 299 667 338 quam
700 284 932 337 postulare.
995 285 1124 334 Nam,
1154 292 1201 325 ut
1236 285 1346 325 infra
1375 285 1570 325 dicemus

112 378 210 404 cum
234 364 288 403 de
311 360 580 415 poenitentiis
603 359 833 410 loquemur
855 358 1082 409 impositis,
1102 358 1200 409 plus
1218 358 1284 397 hae
1304 358 1571 398 difficultatis

109 437 284 485 habent,
320 448 451 487 quam
496 438 652 485 sponte
689 436 933 482 susceptae3
982 431 1080 482 plus
1118 430 1249 469 etiarn
1289 431 1487 471 utilitatis
1525 438 1568 471 et

112 509 345 551 commodi.
421 508 599 555 Verum,
640 507 673 544 si
718 506 778 544 ita
816 505 881 552 sit,
922 517 1008 543 non
1044 504 1203 543 idcirco
1246 504 1301 543 ab
1344 505 1393 543 iis
1431 505 1566 557 depo-

111 584 281 624 scendis
313 581 674 631 assumendisque
697 577 996 618 desistendum
1031 582 1107 623 est,
1141 576 1332 628 alioquin
1365 591 1441 629 per
1473 591 1568 617 raro

113 658 360 705 subeantur,
392 668 491 695 cum
525 667 597 693 eas
630 666 717 692 non
751 665 924 703 semper
957 650 1165 702 Superior
1196 650 1407 702 injungat,
1442 650 1568 690 intcr-

112 731 305 782 dumque
341 729 514 768 labatur
541 740 692 774 annus,
723 732 766 765 et
797 725 911 773 anni,
935 738 1034 763 cum
1069 737 1141 763 eas
1174 723 1245 762 ille
1278 736 1364 762 non
1397 723 1570 775 irrogat,

110 811 158 844 ut
210 803 320 842 infra
370 802 574 842 dicemus.
658 799 815 850 Neque
861 797 955 836 haec
997 797 1114 836 bona
1156 796 1433 835 ratiocinatio
1476 801 1569 835 est:

111 877 195 916 illae
228 876 325 929 plus
357 875 522 915 habent
555 874 755 913 utilitatis
793 878 835 912 et
873 872 1027 920 meriti,
1067 884 1169 923 ergo
1207 870 1291 909 illae
1330 870 1571 910 subeundae

112 951 382 997 dumtaxat3
445 962 531 988 non
584 948 699 986 enim
752 947 854 998 quia
907 946 1049 984 minus
1106 944 1239 992 utilia,
1304 944 1571 995 minorisque

112 1023 322 1064 nonnulla
350 1024 436 1062 sint
469 1021 621 1068 meriti,
647 1021 807 1060 idcirco
839 1018 1216 1071 praetermittenda
1248 1031 1298 1057 ac
1330 1031 1408 1070 pro
1438 1017 1572 1057 nihilo

112 1096 318 1136 habenda
351 1101 462 1144 sunt,
485 1108 583 1134 cum
614 1092 949 1132 innumerabilia
975 1105 1101 1144 paene
1130 1091 1216 1130 sint
1238 1104 1348 1142 quse,
1373 1091 1573 1142 quamvis

113 1171 171 1210 ab
203 1171 297 1210 aliis
321 1176 363 1209 et
390 1169 577 1208 utilitate
602 1168 833 1207 vincantur
859 1172 901 1205 et
929 1166 1096 1213 merito,
1121 1164 1395 1217 praetermitti
1424 1170 1571 1204 tamen

115 1244 234 1284 nullo
258 1242 390 1283 modo
413 1242 612 1281 debeant.

203 1317 304 1356 Huc
341 1315 521 1362 accedit,
556 1314 673 1365 quod
710 1326 853 1365 poenae
890 1326 915 1351 a
959 1311 1192 1363 Superiore
1227 1311 1455 1362 impositae,
1492 1311 1572 1350 nisi

114 1389 366 1442 aequissimo
401 1394 443 1428 et
480 1387 760 1439 pacatissimo
796 1385 1037 1424 subeantur
1078 1385 1237 1431 animo,
1274 1397 1360 1422 non
1404 1396 1576 1435 semper

114 1469 190 1503 aut
212 1461 400 1502 utilitate
430 1467 505 1500 aut
535 1460 689 1499 merito
716 1464 929 1511 praestant
957 1458 1018 1505 iis,
1043 1471 1152 1509 quas
1184 1457 1302 1496 omni
1337 1455 1573 1504 alacritate,

116 1536 348 1589 Superiore
382 1541 530 1575 tamen
565 1533 851 1586 approbante,
892 1530 1162 1583 suscipimus.
1242 1528 1357 1580 Quia
1394 1528 1576 1568 hilarem

113 1610 313 1649 datorem
336 1608 479 1660 diligit
503 1608 636 1655 Deus,
662 1613 705 1646 et
738 1606 779 1644 in
812 1604 1052 1645 voluntatis
1085 1603 1310 1643 alacritate
1343 1602 1577 1653 studioque

115 1683 259 1723 omnis
292 1689 357 1722 est
395 1682 478 1721 sita
515 1680 656 1719 meriti
695 1679 813 1719 ratio.
878 1677 1013 1717 Tollit
1051 1677 1182 1729 igitur
1222 1675 1335 1715 hanc
1378 1675 1576 1715 fraudem

119 1756 397 1803 Constitutio,
431 1755 537 1794 dum
575 1753 851 1793 assumendae
891 1757 933 1791 et
971 1749 1262 1803 deposcendae
1303 1749 1578 1800 poenitentiae

118 1834 383 1882 potestatem
407 1828 520 1867 facit.

209 1909 263 1952 30.
298 1901 414 1953 Quia
443 1906 570 1953 putat
594 1913 679 1939 non
703 1911 797 1938 csse
828 1910 917 1937 rem
947 1896 1093 1947 magni
1125 1894 1349 1943 momenti,
1373 1907 1514 1946 neque
1537 1894 1579 1933 in

121 1990 172 2016 eo
205 1976 333 2015 sitam
373 1987 466 2013 esse
503 1973 591 2012 vim
629 1972 804 2024 spiritus
842 1970 1091 2021 solidasque
1128 1969 1323 2017 virtutes,
1366 1967 1442 2007 sed
1486 1981 1580 2007 esse

120 2063 186 2089 res
229 2047 496 2096 exteriores;
542 2045 890 2085 Constitutiones
928 2048 1074 2082 autem
1112 2041 1261 2081 solidis
1295 2054 1374 2080 nos
1406 2041 1581 2080 studere

119 2122 362 2171 virtutibus,
396 2126 439 2160 et
470 2119 674 2159 interiora
703 2118 856 2169 jubere
898 2115 1037 2168 magis
1070 2128 1202 2167 quam
1247 2120 1431 2154 externa
1463 2128 1581 2166 quae-

120 2196 225 2236 dam
267 2201 310 2234 et
352 2193 603 2242 adventitia,
636 2203 872 2242 veramque
921 2188 1096 2241 spiritus
1146 2187 1495 2240 progressionem
1540 2187 1582 2226 in

122 2268 355 2309 domandis
406 2265 806 2320 perturbationibus
858 2263 1004 2311 animi,
1053 2261 1442 2313 submittendoque
1503 2275 1582 2301 suo

116 2342 282 2394 judicio
324 2353 551 2392 sensuque,
596 2344 639 2378 et
690 2338 732 2377 in
784 2335 1075 2376 interimenda
1117 2334 1312 2374 funditus
1354 2333 1580 2374 voluntate

125 2416 315 2468 positam
358 2427 460 2454 esse.
540 2412 640 2464 Qua
682 2412 725 2450 in
766 2409 918 2449 fraude
960 2409 1157 2461 plerique
1198 2414 1435 2456 versantur,
1477 2408 1582 2447 dum

126 2489 207 2528 sibi
259 2489 340 2540 ipsi
393 2488 576 2527 nimium
630 2490 917 2532 assentantur,
970 2488 1013 2522 et
1065 2481 1329 2522 mollitudini
1371 2496 1460 2521 suae
1504 2494 1583 2520 nec

127 2561 366 2601 sentientes
400 2559 638 2611 indulgent.
723 2557 810 2598 Sed
849 2569 945 2595 eam
988 2555 1114 2595 facile
1151 2561 1329 2605 exuent,
1367 2555 1402 2594 si
1445 2561 1487 2594 et
1529 2554 1584 2593 ad

126 2633 250 2682 hanc,
293 2639 337 2673 et
381 2632 437 2672 ad
489 2632 596 2671 alias
639 2629 998 2677 constitutiones,
1042 2633 1086 2667 et
1126 2628 1182 2668 ad
1229 2642 1279 2668 ea
1321 2641 1419 2679 quae
1473 2625 1583 2665 infra

127 2707 336 2755 dicentur,
372 2705 614 2745 attendent.
690 2703 1039 2757 Constitutiones
1071 2702 1246 2754 quippe,
1278 2701 1451 2741 tametsi
1487 2713 1585 2752 pro-

127 2780 268 2833 priam
305 2779 519 2820 rationem
557 2778 795 2819 solidarum
831 2776 967 2816 velint
1002 2775 1162 2816 habere
1192 2775 1412 2822 virtutum,
1444 2772 1585 2812 homi-

129 2853 284 2908 nisque
325 2852 569 2904 interioris;
605 2857 756 2893 tamen
797 2855 1004 2891 externas
1046 2849 1179 2890 etiam
1220 2845 1502 2900 poenitentias
1544 2851 1589 2887 et
