1903 3197
320 183 413 239 526
644 180 725 225 De
757 179 946 225 ratione
980 179 1173 225 vivendi
1206 180 1467 226 Socz'elalz's.

314 318 359 352 et
400 326 514 352 verae
555 311 780 352 charitatis
821 318 1076 365 agnoscunt.
1160 313 1348 352 Externi
1386 326 1517 365 porro
1562 313 1653 353 sive
1699 314 1786 353 sint

315 386 549 440 propinqui
585 391 719 438 atque
750 387 938 438 cognati,
962 388 1036 439 qui
1069 400 1387 439 nonnunquam
1422 387 1615 427 invisunt
1647 401 1786 440 aegro—

315 467 423 510 tum,
447 461 538 500 sive
560 461 730 510 medici,
754 461 827 513 qui
851 475 951 500 eum
983 467 1148 510 curant,
1173 467 1216 500 et
1238 461 1514 500 continenter
1537 462 1786 514 inspiciunt,

312 534 552 587 videntque
584 548 646 583 ea,
674 548 772 587 quae
805 542 1071 588 aegrotorum
1106 535 1246 587 gratia
1268 540 1481 587 geruntur
1513 549 1786 588 magnopere

314 608 598 657 aedificantur,
623 622 703 648 nec
725 615 898 649 cessant
921 610 976 649 dc
999 609 1209 662 religione
1232 610 1326 662 ipsa
1350 614 1393 648 et
1420 609 1580 648 sentire
1603 611 1783 662 optime,

312 689 357 724 et
379 683 471 735 ejus
494 683 656 735 ubique
678 684 916 736 praedicare
938 683 1209 724 charitatem.
1275 682 1376 735 Qua
1409 683 1452 722 in
1481 697 1525 722 re
1558 697 1677 736 saepe
1699 683 1782 723 fuit

315 757 594 797 admirationi
620 757 829 797 Societas.

404 831 545 871 Sexta
577 831 697 879 ratio,
723 831 826 883 quia
857 830 1059 882 religiosa
1091 831 1182 870 vita
1216 844 1266 870 ac
1300 830 1507 870 valetudo
1542 831 1783 883 praesertim

313 906 356 945 in
381 905 604 946 Societate
627 904 979 956 magnifacienda
997 910 1074 953 est,
1094 917 1193 943 cum
1217 909 1312 943 tota
1335 910 1504 956 spectet
1523 904 1578 943 ad
1597 904 1783 944 salutem

313 980 571 1019 animarum.
637 978 753 1017 Nam
783 978 818 1017 si
851 977 1060 1030 regularis
1093 977 1252 1030 aliquis
1283 976 1417 1017 homo
1449 984 1611 1030 pereat,
1636 984 1679 1018 et
1710 979 1784 1031 qui

305 1053 394 1093 ¹sibi
427 1058 555 1092 vacat
587 1052 673 1101 uni,
696 1066 807 1092 unus
839 1052 973 1092 homo
1006 1051 1188 1092 tandem
1212 1051 1350 1104 perit:
1385 1058 1431 1091 at
1465 1065 1564 1091 cum
1597 1053 1710 1104 perit
1738 1053 1784 1099 is,

313 1127 388 1180 qui
411 1132 554 1167 totum
579 1140 624 1166 se
646 1127 829 1179 porrigit
856 1132 990 1179 atque
1017 1126 1215 1180 explicat
1237 1127 1293 1166 ad
1316 1125 1502 1166 aliorum
1536 1126 1783 1170 utilitatem,

314 1202 527 1242 damnum
566 1201 660 1253 ejus
697 1215 747 1241 ac
780 1201 998 1253 jacturam
1037 1201 1212 1254 plurimi
1249 1201 1470 1240 sentiunt:
1515 1200 1704 1252 ideoque
1742 1201 1781 1240 in

314 1276 566 1316 morborum
591 1275 794 1328 periculis
827 1276 947 1315 omni
983 1276 1017 1314 is
1052 1289 1155 1315 cura
1190 1275 1429 1327 studioque
1461 1274 1675 1314 fovendus
1708 1281 1782 1314 est.

317 1351 417 1391 Hac
450 1350 505 1390 de
539 1363 671 1389 causa
706 1348 976 1389 Bernardus1
1000 1349 1061 1389 ait
1095 1349 1192 1401 jure
1226 1363 1251 1388 a
1288 1348 1424 1388 Paulo
1458 1348 1654 1388 habitam
1691 1362 1786 1388 esse

313 1425 528 1465 rationem
552 1423 787 1472 Timothei,
812 1437 943 1475 quem
972 1423 1147 1463 modico
1168 1423 1270 1462 vino
1300 1428 1480 1475 propter
1507 1422 1783 1462 stomachum

309 1499 496 1552 jubebat
518 1499 592 1547 uti,
616 1498 718 1550 quia
741 1497 833 1549 ejus
862 1498 963 1546 vita,
988 1497 1139 1549 inquit,
1163 1502 1327 1537 tenerae
1355 1496 1505 1554 adhuc·
1521 1502 1564 1536 et
1587 1497 1783 1536 nascenti

315 1572 526 1612 Ecclesiae
563 1571 886 1624 pernecessaria
924 1577 1026 1611 erat.
1092 1571 1195 1611 Non
1234 1577 1383 1611 autem
1421 1570 1521 1609 hinc
1559 1584 1660 1609 suos
1704 1570 1783 1609 sibi

313 1646 491 1687 volebat
514 1645 754 1685 monachos
787 1646 946 1685 frustra
979 1645 1180 1694 blandiri,
1205 1646 1279 1697 qui
1314 1645 1356 1684 in
1390 1644 1626 1684 solitudine
1647 1644 1782 1683 vitam

314 1721 518 1774 agebant,
562 1720 725 1772 quique
767 1720 847 1759 sibi
891 1725 1064 1759 tantum
1108 1719 1189 1771 ipsi
1232 1718 1461 1767 vacabant,
1505 1731 1593 1757 non
1635 1723 1782 1757 autem

310 1794 539 1848 proximis.
1543 1847 1545 1849 ι

402 1868 605 1921 Septima
636 1868 746 1907 ratio
780 1881 829 1907 ac
862 1872 1095 1919 postrema,
1121 1867 1224 1919 quia
1247 1872 1513 1918 aegrotorum
1537 1866 1627 1905 sive
1650 1865 1781 1905 etiam

311 1941 740 1991 valetudinariorum‚
782 1954 934 1980 omnes
973 1941 1088 1980 enim
1130 1939 1214 1980 hoc
1252 1940 1428 1980 nomine
1470 1938 1781 1992 comprehendi

310 2016 525 2065 volumus,
545 2015 685 2055 multo
708 2022 774 2055 est
798 2015 986 2055 deterior
1008 2015 1213 2064 conditio,
1232 2027 1365 2066 quam
1390 2019 1506 2053 recte
1527 2012 1778 2053 valentium.

313 2090 516 2130 Plurimis
539 2096 687 2130 autem
711 2090 900 2129 deterior
922 2095 989 2129 est
1012 2089 1152 2138 rebus,
1177 2090 1253 2128 sed
1277 2089 1497 2142 praecipue
1519 2088 1682 2127 decem.

406 2171 457 2204 10.
493 2163 609 2216 Quia
632 2164 785 2216 {egroti
816 2163 1013 2216 pluribus
1039 2163 1238 2214 indigent
1271 2175 1403 2215 quam
1432 2161 1638 2209 valentes,
1662 2162 1779 2212 quod

313 2244 379 2278 est
402 2239 587 2277 miseriae
611 2244 654 2277 et
677 2237 953 2276 infelicitatis.
1018 2236 1189 2288 Majore
1216 2242 1364 2276 autem
1387 2235 1582 2275 subsidio
1604 2235 1780 2287 pietatis

312 2312 523 2363 indigent,
542 2318 590 2351 ut
612 2311 673 2351 ait
691 2310 1033 2359 Bonaventura‚‘2
1049 2310 1207 2363 triplici
1227 2311 1403 2350 ratione.
1440 2310 1586 2348 Primo
1604 2314 1782 2361 propter

311 2385 677 2425 sustentationem
719 2385 849 2434 vitae;
892 2385 995 2436 quia
1037 2397 1137 2424 cum
1181 2384 1261 2423 sibi
1307 2383 1410 2436 ipsis
1452 2382 1648 2422 sufficere
1692 2395 1777 2421 non

312 2461 492 2514 possint,
524 2460 558 2499 si
596 2459 651 2499 ab
686 2459 780 2499 aliis
815 2459 948 2498 etiam
984 2458 1296 2510 relinquantur,
1330 2462 1548 2509 coguntur
1582 2455 1778 2501 deficere,

311 2547 391 2574 nec
433 2533 669 2574 subsistere
711 2539 887 2585 queunt.
972 2532 1146 2572 Deinde
1196 2537 1376 2585 propter
1418 2529 1778 2570 restaurationem

310 2608 522 2657 sanitatis,
546 2614 589 2648 et
620 2607 788 2656 virium,
813 2620 922 2659 quas
956 2607 997 2646 in
1034 2606 1196 2647 morbis
1231 2606 1451 2646 amittunt.
1516 2604 1629 2645 Cum
1662 2603 1778 2644 enim

312 2696 442 2722 sanus
479 2688 523 2722 et
560 2681 764 2722 robustus
802 2680 943 2721 solum
987 2686 1115 2733 egeat
1151 2681 1207 2721 ad
1245 2680 1612 2720 sustentationem
1649 2679 1778 2724 victu.

309 2769 427 2808 aeger
448 2761 492 2797 et
514 2756 711 2796 infirmus
732 2755 909 2808 gemina
932 2755 1168 2795 refectione
1203 2755 1382 2807 indiget,
1406 2760 1502 2794 tum
1535 2767 1589 2793 ne
1617 2760 1778 2807 pereat,

309 2836 354 2871 et
376 2831 493 2884 quod
518 2831 555 2872 ei
580 2830 796 2883 reliquum
827 2836 892 2869 est
924 2829 1090 2882 perdat,
1115 2836 1210 2869 tum
1244 2829 1390 2879 etiam,
1414 2834 1472 2878 ut,
1497 2828 1615 2881 quod
1649 2828 1778 2868 amis-

591 2919 603 2938 ¹
630 2921 699 2952 Ser.
720 2927 771 2960 30.
792 2919 826 2951 in
851 2919 944 2951 Cant.
1083 2918 1096 2936 2
1121 2920 1173 2951 De
1196 2929 1252 2950 sex
1276 2919 1336 2950 alis
1363 2918 1491 2951 Praelat.
