1903 3197
213 150 304 195 282
540 148 622 195 De
653 148 843 194 ratione
878 149 1070 196 vivendi
1102 149 1363 197 Socz'etatzzv.

208 280 504 333 respondent:
546 279 692 321 Malos
734 280 853 321 male
893 282 1059 334 perdet,
1103 279 1245 330 etc.,''1
1291 295 1349 321 ex
1398 294 1478 321 suo
1519 294 1593 321 ore
1634 294 1685 321 se

208 353 290 407 ipsi
320 354 630 404 condemnent,
659 359 708 394 ut
739 354 943 395 observat
971 352 1346 408 Chry-sostomus.2
1386 354 1504 394 Tum
1531 360 1683 395 autem

205 427 376 479 optima
412 432 479 467 est
513 425 610 468 haec
645 428 756 468 ratio
793 429 1088 481 cognoscendi
1123 428 1273 481 lapsus
1311 441 1425 477 suos,
1465 441 1564 468 cum
1602 442 1678 469 eos

208 499 253 539 in
288 513 476 553 persona
506 501 693 553 graviori
726 515 860 554 quam
903 502 1118 542 dedeceat
1149 501 1380 554 turpitudo
1411 502 1505 542 vitii
1548 501 1683 542 collo-

208 585 371 622 camus,
395 579 490 613 tum
513 573 668 614 melius
691 574 978 628 intelligimus
1000 588 1133 628 quam
1158 589 1238 615 nos
1261 575 1395 615 etiam
1419 574 1645 615 dedeceat.

295 647 447 688 Tertia
477 649 589 688 ratio
619 655 754 700 atque
775 649 846 689 via
878 648 1150 702 dispiciendi,
1173 648 1559 701 cognoscendique
1591 661 1679 688 non

206 721 342 762 modo
364 721 607 774 singulares
635 735 778 762 noxas
800 728 935 774 atque
960 721 1132 771 delicta,
1155 735 1307 762 verum
1338 722 1472 762 etiam
1504 734 1680 761 cursum

205 805 384 835 Omnem
422 795 524 835 vitae
561 801 734 845 nostrae,
768 801 1029 848 nostrosque
1062 809 1292 848 processus
1332 801 1409 836 aut
1445 808 1681 848 regressus,

204 874 271 909 est
307 869 521 922 inspicere
557 869 766 922 exempla
799 870 1076 918 Sanctorum,
1114 870 1446 922 priscorumque
1484 870 1681 917 Patrum,

200 942 334 994 juxta
351 942 458 982 illud
483 943 671 995 Moysis:
696 943 962 995 “Interroga
980 948 1151 995 patrem
1169 948 1308 991 tuum,
1328 949 1372 983 et
1395 942 1682 983 annuntiabit

202 1016 311 1066 tibi;
345 1016 533 1068 majores
564 1022 675 1065 tuos,
709 1023 752 1056 et
783 1016 933 1056 dicent
964 1014 1112 1056 tibi.’'3
1150 1015 1299 1069 Quare
1332 1022 1376 1056 et
1408 1016 1544 1065 Deus,
1577 1029 1678 1056 cum

204 1091 295 1142 regi
337 1090 574 1141 Jeroboam
616 1089 895 1141 iniquitatem
939 1089 1172 1142 exprobat,
1215 1089 1368 1142 objicit
1420 1088 1481 1129 illi
1529 1088 1680 1129 David

204 1163 346 1203 virum
379 1168 580 1202 sanctum
612 1169 656 1203 et
682 1163 878 1215 justum:
913 1163 1010 1202 “Et
1042 1175 1130 1202 non
1163 1161 1319 1211 fuisti,''
1353 1162 1508 1215 inquit,
1533 1162 1681 1202 “sicut

206 1248 356 1276 servus
413 1249 536 1276 meus
590 1236 748 1285 David,
803 1236 877 1289 qui
930 1235 1168 1276 custodivit
1210 1236 1421 1276 mandata
1473 1249 1583 1285 mea,
1637 1240 1682 1276 et

207 1315 384 1350 secutus
417 1316 482 1349 est
515 1323 586 1349 me
618 1309 662 1349 in
695 1315 791 1350 toto
825 1309 957 1349 corde
994 1307 1133 1349 suo.‘’4
1197 1309 1270 1350 Sic
1307 1310 1441 1350 etiam
1479 1309 1683 1349 meminit

207 1383 357 1423 David
389 1383 500 1423 servi
533 1383 611 1432 sui,
634 1378 735 1423 curn
760 1381 1048 1424 Salomonem
1081 1381 1330 1422 incusaret.5
1392 1381 1524 1434 Quod
1549 1383 1681 1423 etiam

204 1457 404 1510 praecipit
434 1456 685 1497 faciendum
708 1456 902 1508 Joannes
926 1456 1159 1505 Climacus,
1182 1456 1302 1496 hisce
1322 1456 1492 1496 verbis:
1516 1459 1537 1475 “
1553 1456 1679 1496 Nun-

209 1542 344 1582 quam
375 1543 456 1569 nos
485 1530 604 1582 ipsos
630 1529 870 1581 disquirere
899 1535 943 1569 et
970 1529 1212 1581 dijudicare
1235 1529 1498 1578 desinamus,
1519 1529 1683 1582 jugiter

209 1603 623 1657 probatissimorum
669 1603 860 1651 Patrum,
905 1603 979 1656 qui
1031 1608 1134 1643 ante
1186 1616 1266 1643 nos
1313 1602 1594 1643 luminarium
1637 1603 1681 1643 in

211 1678 397 1717 modum
432 1677 760 1730 splenduerunt,
793 1678 930 1717 vitam
963 1682 1007 1717 et
1041 1689 1185 1716 mores
1219 1677 1480 1727 intueamur,
1515 1689 1683 1729 nosque

211 1750 269 1790 ad
301 1750 475 1790 illorum
506 1751 882 1803 comparationem
913 1749 1151 1789 studiosius
1174 1750 1492 1790 examinemus.
1555 1750 1683 1790 Tunc

212 1837 319 1864 sane
361 1830 456 1863 tum
508 1837 588 1864 nos
634 1824 753 1876 ipsos
799 1837 854 1863 ne
894 1823 1129 1875 vestigium
1173 1823 1352 1875 quidem
1396 1823 1685 1876 diligentioris

214 1897 559 1938 conversationis
609 1897 808 1949 attigisse
859 1896 1142 1945 inveniemus,
1185 1896 1263 1936 sed
1305 1896 1489 1936 seculari
1540 1896 1685 1937 adhuc

216 1972 424 2012 instituto
456 1969 740 2011 immorari.''⁶
801 1969 934 2023 Quod
967 1971 1111 2023 ipsum
1138 1970 1296 2023 repetit
1326 1970 1370 2010 in
1403 1970 1489 2011 alio
1523 1969 1686 2020 Gradu,

218 2059 351 2098 quem
386 2047 441 2085 de
473 2045 733 2085 discretione
765 2044 1030 2097 conscripsit.
1094 2044 1155 2084 Et
1178 2043 1414 2097 Gregorius
1445 2045 1489 2084 in
1513 2043 1684 2085 Moral:

215 2118 345 2172 “Qui
384 2117 675 2172 plenissime‚’'
708 2119 861 2171 inquit,
896 2117 1175 2170 “intelligere
1210 2118 1381 2170 appetit
1422 2117 1564 2170 qualis
1605 2123 1685 2167 est,

215 2192 327 2233 tales
380 2193 586 2231 nimirum
639 2191 773 2231 debet
823 2192 1046 2244 inspicere,
1090 2189 1231 2243 qualis
1281 2204 1368 2230 non
1410 2197 1487 2241 est,
1532 2197 1580 2231 ut
1622 2204 1680 2230 ex

214 2265 433 2306 bonorum
466 2265 608 2305 forma
639 2265 856 2313 metiatur,
890 2270 1104 2316 quantum
1137 2265 1231 2317 ipse
1261 2264 1435 2304 deserto
1466 2265 1683 2305 bonorum

209 2338 419 2379 deformis
451 2337 552 2379 est.’'

302 2413 454 2453 Tertia
487 2413 784 2465 interrogatio.
856 2411 944 2452 Cur
985 2417 1076 2451 tam
1118 2410 1323 2463 generale
1363 2416 1407 2451 et
1448 2424 1683 2452 commune

212 2487 458 2528 remedium
497 2487 623 2526 nobis
662 2486 857 2538 suggerit
895 2485 937 2525 P.
965 2485 1176 2537 Ignatius‚
1199 2485 1255 2524 ad
1286 2484 1393 2524 vitia
1425 2490 1468 2525 et
1498 2491 1681 2537 peccata

210 2560 419 2614 pellenda
438 2573 448 2610 ;
484 2559 736 2613 imploratio
763 2560 928 2612 quippe
951 2559 1126 2600 Divinae
1154 2559 1321 2612 gratiae,
1344 2564 1392 2600 ut
1413 2572 1544 2612 supra
1567 2558 1682 2599 dixi-

213 2647 323 2684 mus,
348 2634 477 2674 nimis
510 2639 575 2674 est
607 2646 841 2674 commune
872 2633 1136 2686 praesidium.

298 2708 573 2762 Respondeo
618 2708 824 2761 primum,
865 2706 949 2747 hoc
999 2720 1235 2748 commune
1285 2708 1539 2761 praesidium
1580 2718 1682 2747 con-

254 2821 267 2842 ¹
292 2823 412 2856 Matth.
433 2831 486 2855 21.
579 2823 593 2842 ²
619 2823 722 2854 Hom.
745 2830 795 2862 39.
814 2822 847 2853 in
873 2822 996 2854 Matth.
1088 2821 1102 2841 ³
1125 2823 1226 2854 Deut.
1247 2830 1298 2864 32.
1392 2822 1406 2841 ⁴
1429 2829 1458 2862 3.
1480 2822 1563 2863 Reg.
1587 2829 1636 2862 14.

645 2873 657 2893 5
683 2881 712 2915 3.
735 2873 820 2915 Reg.
844 2881 892 2906 11.
1029 2871 1043 2892 ⁶
1068 2873 1168 2905 Grad.
1190 2882 1242 2905 22.
