1903 3197
429 129 509 175 De
543 128 718 174 Salute
750 127 971 189 Propria
1008 128 1276 189 qnoerenda.
1523 143 1577 187 31

119 263 303 304 aliorum
350 262 536 302 salutern
579 260 900 313 procurandam
948 260 1244 307 accessissent,
1298 274 1388 300 suae
1431 260 1584 300 fecisse

113 337 367 389 jacturam3
419 341 463 374 et
504 334 561 374 ab
604 334 654 373 iis
703 333 850 386 potius
893 332 1058 384 aliquid
1101 332 1298 372 hausisse
1341 334 1457 374 unde
1501 334 1582 386 ipsi

120 410 393 457 laederentur,
437 421 571 460 quam
625 414 672 447 ut
724 407 767 446 in
819 420 892 446 eos
935 405 1305 455 transfunderent,
1355 408 1471 446 unde
1524 407 1584 446 illi

116 484 382 536 juvarentur.
448 481 554 521 Ideo
579 481 766 521 Basilius
799 481 841 520 in
876 480 1160 519 Institutione
1190 479 1497 532 Aspirantium
1528 483 1583 521 ad

121 557 258 596 vitam
291 554 558 608 perfectam:
594 558 617 574 “
636 554 682 595 Si
706 555 779 606 qui
813 554 944 594 corde
976 552 1207 606 perfecto,'’
1232 553 1386 604 inquit,
1412 554 1493 592 “in
1515 555 1585 593 via

122 630 207 670 Dei
245 630 304 669 ita
342 628 615 681 profecerint,
650 635 698 668 ut
733 627 838 667 nihil
877 628 937 666 eis
975 627 1223 666 timendum
1256 627 1322 675 sit,
1357 627 1407 666 iis
1440 628 1586 679 potius

121 703 415 751 concedimus,
442 703 547 755 quin
577 709 621 742 et
643 702 910 754 quandoque
933 701 1150 752 jubemus,
1176 708 1224 740 ut
1249 701 1437 753 propriae
1466 701 1586 740 cellae

121 777 469 819 consolationem
506 777 846 816 intermittentes
876 776 1105 828 proximos
1127 775 1425 816 conveniant.''
1491 775 1588 815 Imo

121 851 278 891 Abbas
320 850 551 891 Abraham
596 851 713 903 apud
759 850 1019 890 Cassianum
1063 848 1152 898 ait,¹
1190 849 1332 889 “Hoc
1375 849 1587 889 illusionis

121 939 261 979 genus
295 939 401 973 esse,
426 938 513 977 quo
547 924 829 977 implicantur
861 923 1049 972 infirmi;
1095 923 1168 975 qui
1205 937 1305 962 cum
1341 929 1385 963 et
1422 924 1478 963 de
1511 937 1588 963 sua

121 999 263 1039 salute
300 999 387 1038 sint
424 998 557 1046 dubii,
597 998 767 1050 ipsique
806 998 951 1037 adhuc
993 998 1245 1050 magisterio
1289 1003 1423 1050 atque
1465 998 1588 1037 insti-

123 1074 294 1113 tutione
326 1079 484 1125 egeant
518 1072 672 1120 aliena,
709 1073 764 1112 ad
804 1072 1123 1111 convertendos
1155 1072 1265 1112 alios
1297 1078 1340 1112 et
1374 1073 1589 1124 regendos

125 1146 352 1187 diabolicis
414 1146 688 1185 illusionibus
751 1145 1051 1197 instigantur.''
1133 1144 1243 1184 Tale
1298 1145 1405 1197 quid
1457 1146 1589 1185 habet

127 1220 386 1267 Bernardus,
421 1225 468 1258 ut
501 1218 611 1258 infra
644 1219 852 1258 dicemus.
915 1218 1071 1258 Altera
1104 1232 1235 1258 causa
1268 1224 1345 1268 est,
1379 1219 1483 1271 quia
1515 1221 1589 1271 qui

127 1294 323 1334 nondum
361 1307 406 1332 se
439 1293 583 1344 ipsum
617 1292 812 1332 excoluit
844 1297 977 1344 atque
1011 1292 1205 1344 perfecit,
1243 1293 1459 1345 numquid
1499 1293 1588 1332 fieri

124 1373 282 1421 potest,
312 1372 360 1406 ut
397 1365 505 1405 alios
543 1366 721 1406 excolat
758 1372 893 1418 atque
930 1365 1158 1418 perficiat?
1235 1365 1352 1405 Nam
1391 1367 1434 1405 in
1472 1367 1590 1405 omni

127 1441 305 1482 animali
347 1439 438 1479 fieri
479 1440 692 1487 videmus,
737 1445 785 1479 ut
828 1439 893 1478 sui
937 1438 1077 1478 simile
1120 1453 1207 1478 non
1259 1439 1378 1491 prius
1425 1441 1591 1493 gignat,

125 1529 259 1569 quam
291 1513 543 1555 absolutum
575 1513 908 1566 perfectumque
942 1513 997 1552 sit
1034 1512 1226 1552 animal:
1266 1513 1309 1552 id
1340 1527 1516 1566 quoque
1550 1515 1591 1553 in

126 1588 309 1642 spiritali
350 1587 528 1627 homine
571 1601 649 1626 usu
692 1588 824 1636 venit,
862 1593 910 1626 ut
951 1586 1060 1626 alios
1102 1587 1168 1626 sui
1210 1586 1374 1626 similes
1415 1588 1593 1639 gignere

130 1677 183 1703 ac
217 1663 372 1702 docere
406 1674 494 1701 non
529 1661 678 1713 possit,
712 1660 793 1700 nisi
828 1660 947 1713 prius
982 1673 1028 1699 se
1060 1660 1154 1712 ipse
1189 1660 1426 1700 instituerit
1460 1667 1593 1713 atque

130 1736 369 1789 perfecerit.
434 1735 591 1786 Itaque
614 1734 799 1786 legimus
822 1740 998 1774 sanctos
1021 1734 1136 1773 viros
1169 1747 1256 1773 non
1289 1734 1409 1786 prius
1439 1735 1593 1774 admo-

129 1809 245 1850 nitos
296 1808 427 1847 fuisse
478 1807 686 1847 divinitus
739 1807 892 1846 alienae
945 1807 1195 1859 quaerendae
1248 1807 1413 1857 salutis,
1457 1821 1590 1859 quam

131 1883 371 1924 evasissent
413 1881 495 1934 ipsi
536 1880 728 1933 perfecti,
773 1880 1050 1932 multumque
1091 1881 1303 1932 temporis
1346 1881 1389 1920 in
1441 1880 1594 1920 solitu-

129 1957 304 1997 dinibus
327 1954 583 2003 latuissent3
619 1960 666 1994 ut
695 1955 750 1994 dc
773 1954 985 2001 Antonio,
1013 1953 1254 2002 Hilarione,
1285 1959 1328 1993 et
1351 1953 1594 2006 Apollonio

127 2030 356 2079 monacho,
379 2029 562 2080 aliisque
594 2028 637 2067 id
670 2041 808 2080 genus
840 2027 1092 2067 hominibus
1125 2028 1337 2067 memoria
1369 2028 1591 2080 proditum

127 2111 228 2146 est:
280 2118 360 2144 nec
411 2103 518 2143 alios
563 2115 833 2154 quemquam
877 2101 1067 2140 voluisse
1119 2101 1288 2148 docere,
1343 2101 1424 2140 nisi
1470 2102 1588 2153 quod

127 2180 246 2233 prius
278 2179 360 2231 ipsi
395 2177 609 2224 fecissent,
644 2182 692 2215 ut
727 2175 846 2228 apud
886 2173 1173 2215 Cassianum2
1204 2175 1404 2227 praecipit
1433 2174 1592 2215 Abbas

135 2251 385 2293 Nesteroth.
468 2254 489 2270 “
508 2250 602 2290 Nec
653 2247 959 2301 quemquam,''
1004 2248 1156 2299 inquit,
1201 2248 1382 2288 “verbis
1434 2248 1592 2289 docere

126 2340 379 2380 praesumas,
402 2325 520 2377 quod
553 2337 685 2376 opere
716 2329 819 2363 ante
852 2335 940 2362 non
974 2320 1160 2361 feceris.'‘

218 2401 337 2441 Hinc
378 2399 549 2451 colligo,
592 2399 626 2437 si
670 2397 767 2449 quis
810 2397 853 2436 in
896 2396 1202 2449 proximorum
1251 2409 1383 2437 causa
1426 2397 1594 2437 minore

128 2488 231 2515 cum
255 2473 445 2514 utilitate
467 2477 672 2519 versatur,
698 2470 792 2522 ejus
815 2471 873 2509 rei
897 2469 1073 2522 culpam
1101 2469 1314 2509 sustinere
1336 2469 1594 2523 plerumque

130 2547 450 2600 negligentiam
493 2545 738 2585 adhibitam
781 2544 824 2583 in
867 2543 1175 2596 progressione
1212 2543 1390 2596 spiritus
1432 2549 1476 2584 et
1511 2545 1594 2584 vir-

132 2627 304 2661 tutum:
338 2634 440 2660 nam
470 2619 544 2672 qui
576 2618 772 2671 pleniore
798 2617 952 2670 spiritu
984 2631 1034 2657 ac
1066 2617 1231 2657 virtute
1259 2631 1305 2657 se
1332 2617 1594 2665 imbuerunt,

131 2695 159 2734 ii
182 2708 358 2747 quoque
380 2695 434 2734 de
457 2707 534 2734 suo
564 2693 732 2732 caeteris
765 2692 900 2731 etiarn
933 2691 1202 2744 impertiunt,
1226 2705 1325 2732 cum
1349 2691 1596 2744 quibusque

131 2782 212 2808 sua
234 2768 351 2808 bona
373 2767 709 2808 communicant.

479 2855 493 2874 1
521 2855 605 2887 Coll.
627 2864 678 2895 24,
700 2866 725 2887 c.
751 2863 798 2895 13.
950 2852 964 2872 2
989 2853 1073 2885 Coll.
1099 2862 1147 2894 14,
1168 2864 1193 2886 c.
1216 2861 1245 2893 9.
