1903 3197
389 168 468 213 De
499 167 669 214 alienas
690 169 1040 229 procuratione
1074 168 1278 216 Salutis.
1503 182 1563 229 45

107 308 150 343 et
171 301 431 354 patientiam
460 299 723 353 discipulum
753 313 879 340 suum
903 300 1163 341 Timotheus
1191 301 1391 342 hortatur
1413 301 1561 355 Apos-

107 375 234 424 tolus,
253 389 353 416 cum
375 376 436 416 ait
454 373 485 415 :l
507 374 696 427 “Argue,
714 375 905 422 obsecra,
929 375 1106 427 increpa
1133 376 1176 414 in
1204 377 1323 416 omni
1351 376 1564 428 patientia

109 455 154 489 et
190 448 421 490 doctrina.''
497 448 690 489 Omnem
734 454 894 497 autem,
937 461 1024 487 non
1066 447 1260 500 aliquam
1303 451 1561 501 patientiam

109 525 287 577 requirit
318 524 361 564 in
394 537 457 572 eo,
481 523 554 576 qui
586 528 821 563 navaturus
844 528 909 562 est
941 535 1120 574 operam
1154 522 1396 562 animabus.

198 598 369 650 Hisque
419 598 550 650 igitur
599 597 713 636 notis
764 601 897 648 atque
944 596 1114 635 indiciis
1166 595 1381 647 intelliget
1422 597 1562 648 qualis

105 673 290 725 quisque
321 671 441 711 sitin
470 670 617 710 studio
646 676 690 710 et
715 670 1021 722 procuratione
1053 668 1207 709 alienae
1239 668 1401 709 salutis.
1472 669 1560 710 Sed

106 759 194 798 quo
215 744 386 797 planius
418 743 545 795 hujus
569 743 906 784 Constitutionis
936 744 1150 795 posterior
1181 756 1281 795 pars
1303 742 1559 795 explicetur,

107 818 284 870 objiciet
319 818 476 870 aliquis
513 818 683 870 primo:
728 817 952 870 quomodo
989 816 1080 856 fieri
1123 822 1280 868 potest,
1320 823 1367 856 ut
1404 822 1565 857 nostrae

104 892 233 932 saluti
281 906 331 931 ac
374 892 628 944 perfectioni
683 905 807 943 aeque
861 891 1057 942 impense
1111 896 1245 942 atque
1299 889 1467 938 alienae,
1520 896 1569 930 ut

106 965 374 1006 Constitutio
392 965 529 1016 jubet,
553 978 731 1017 operam
755 964 935 1013 demus;
970 977 1056 1003 non
1088 963 1203 1002 enim
1226 963 1429 1003 videmur
1458 963 1563 1003 satis

106 1039 232 1079 nobis
265 1052 419 1079 vacare
455 1052 593 1091 posse,
629 1044 673 1078 et
709 1038 864 1077 eadem
902 1050 1035 1089 opera
1073 1037 1116 1076 in
1153 1036 1343 1077 salutem
1383 1051 1433 1077 ac
1470 1050 1569 1089 per-

107 1112 340 1153 fectionem
373 1113 677 1165 proximorum
711 1111 977 1150 incumbere.

197 1186 462 1238 Respondeo
505 1185 679 1237 primo:
729 1184 1100 1224 Constitutionem
1144 1183 1400 1235 intelligere,
1439 1197 1568 1236 opor-

104 1266 196 1300 tere
224 1260 342 1312 prius
365 1272 594 1310 quemque,
618 1263 832 1309 quantum
863 1258 969 1296 satis
993 1257 1059 1304 sit,
1084 1257 1256 1309 privato
1287 1256 1567 1309 perfectionis

108 1332 254 1373 studio
282 1344 448 1379 vacare,
471 1331 589 1383 quod
623 1330 666 1369 in
699 1330 962 1369 novitiorum
996 1329 1206 1369 domibus
1239 1330 1462 1381 praecipue
1493 1329 1570 1379 fit;

109 1405 267 1446 deinde
299 1405 371 1445 ubi
407 1418 453 1444 se
485 1404 527 1443 in
558 1403 792 1443 virtutibus
824 1402 1110 1450 confirmavit,
1144 1402 1318 1455 prodire
1350 1403 1481 1442 etiam
1515 1403 1572 1442 ad

109 1479 282 1520 alienos.
362 1478 592 1519 Secundo:
642 1477 911 1517 Constitutio
949 1490 1036 1516 non
1073 1475 1199 1523 tollit,
1238 1476 1342 1528 quin
1381 1475 1573 1527 quotidi-

110 1554 203 1593 anis
235 1552 401 1600 studiis,
426 1552 557 1592 etiam
584 1558 690 1600 tum,
715 1564 815 1591 cum
847 1550 1151 1603 proximorum
1184 1548 1313 1589 saluti
1346 1550 1570 1595 servimus,

111 1626 237 1666 nobis
271 1627 404 1666 etiam
442 1626 523 1678 ipsi
560 1638 776 1671 vacemus,
812 1623 1054 1677 praesertim
1092 1623 1302 1663 orationis
1339 1637 1389 1662 ac
1426 1636 1576 1675 preca-

110 1700 253 1748 tionis,
294 1699 388 1738 sine
430 1712 516 1750 qua
559 1711 689 1738 nemo
731 1698 819 1737 fere
870 1696 1088 1750 perfectus
1130 1696 1285 1736 evadit.
1351 1695 1574 1736 Orationis

113 1779 260 1813 autem
304 1773 490 1820 nomine,
527 1772 739 1811 discussio
776 1784 951 1823 quoque
989 1771 1053 1810 sui
1091 1770 1280 1822 pectoris
1317 1770 1573 1816 continetur,

113 1846 331 1898 optimum
383 1845 438 1884 ad
490 1845 801 1896 perfectionem
853 1844 1117 1896 praesidium.
1181 1842 1390 1894 Quisquis
1442 1843 1575 1894 igitur

114 1917 354 1971 precationi
391 1917 647 1969 caeterisque
689 1917 905 1968 ejusmodi
940 1916 1096 1955 studiis
1137 1914 1336 1954 sedulam
1378 1914 1575 1966 quotidie

114 2004 293 2044 operam
321 1991 408 2037 dat,
439 1992 473 2030 is
505 1991 611 2030 satis
643 2004 733 2030 suae
765 1990 894 2029 saluti
928 2003 976 2029 ac
1010 1987 1265 2041 perfectioni
1288 1994 1414 2027 vacat
1440 1988 1576 2028 etiam

114 2071 220 2113 tum,
243 2077 343 2104 cum
365 2064 554 2103 consulit
576 2063 739 2103 alienae.

201 2137 396 2190 Objicies
433 2137 652 2177 secundo:
687 2136 806 2188 Quid
845 2141 910 2176 est
948 2136 990 2175 in
1028 2135 1333 2188 proximorum
1376 2134 1579 2187 perfecti-

114 2225 244 2252 onem
271 2211 552 2251 incumbere?
615 2210 775 2250 Nonne
809 2210 915 2250 satis
948 2209 1075 2249 fuerit
1107 2209 1251 2248 dicere
1280 2209 1323 2247 in
1355 2208 1575 2248 salutem?

117 2284 205 2325 Cur
238 2285 281 2324 id
319 2285 452 2337 igitur
480 2284 604 2324 addit
636 2283 935 2324 Constitutio?
997 2282 1072 2322 An
1104 2282 1216 2322 forte
1245 2281 1372 2333 jubet
1403 2281 1464 2321 ita
1496 2294 1576 2320 nos

113 2359 159 2398 in
193 2372 343 2399 eorum
379 2358 566 2398 salutem
602 2358 864 2404 incumbere,
897 2363 945 2396 ut
979 2370 1052 2396 eos
1089 2356 1144 2396 ad
1180 2355 1429 2408 religiosam
1467 2355 1579 2395 hanc

112 2433 249 2472 vitam
283 2439 326 2472 et
357 2432 635 2485 perfectionis
667 2432 892 2483 sequenda
924 2430 1103 2470 consilia
1136 2429 1445 2469 cohortemur?

204 2506 505 2559 Respondeo:
557 2519 644 2545 non
687 2505 730 2544 id
772 2505 1050 2557 potissimum
1095 2503 1363 2544 Constitutio
1404 2503 1579 2542 videtur

116 2578 288 2628 sentire,
331 2585 379 2619 ut
420 2578 476 2619 ad
520 2578 798 2631 Religionem
841 2579 1070 2630 proximos
1113 2577 1354 2617 incitemus.
1420 2575 1577 2627 Neque

114 2651 159 2691 id
188 2657 353 2692 temere
383 2652 732 2705 aggrediendum
765 2659 857 2692 est:
890 2665 989 2692 cum
1023 2665 1089 2691 res
1118 2652 1202 2691 ista
1233 2657 1328 2690 tota
1360 2650 1416 2688 sit
1448 2661 1576 2688 voca-

113 2725 244 2765 tionis
267 2725 527 2778 afflatusque
549 2726 694 2766 divini.
748 2725 837 2766 Sed
861 2725 979 2778 quod
1005 2724 1272 2766 Constitutio
1296 2722 1572 2776 potissimum

113 2798 329 2852 intelligit,
374 2799 417 2839 id
457 2799 640 2848 videtur,
684 2805 732 2839 ut
774 2799 816 2838 in
858 2813 937 2839 suo
975 2812 1195 2851 quemque
1232 2803 1349 2837 statu
1386 2795 1575 2846 vitaeque

741 2886 751 2906 ¹
777 2896 797 2919 2
813 2888 901 2920 Tim.
922 2897 952 2927 4.
