1903 3197
289 206 387 252 616
612 203 693 249 De
726 203 919 251 ratione
951 204 1148 251 vivendi
1180 204 1440 253 Socz'etatzssc.

289 335 586 392 “Aspectus,''
620 337 775 391 inquit,
810 337 942 391 “ejus
972 344 1050 379 aut
1081 338 1311 388 officiosus,
1347 345 1424 380 aut
1457 339 1684 392 demissus,
1718 347 1765 384 et

288 412 509 454 cohibitus
538 412 653 452 intra
681 426 754 463 se;
790 426 961 466 nempe,
991 414 1110 466 quod
1141 428 1229 455 non
1259 414 1469 455 mediocri
1501 414 1620 456 laudi
1650 416 1764 458 inter

287 487 511 542 sapientes
552 487 736 537 ducitur,
780 487 932 528 oculus
984 488 1077 541 ejus
1119 488 1163 529 in
1205 490 1350 542 capite
1392 489 1497 542 ejus,
1542 504 1760 544 nusquam

288 561 481 612 avolans,
505 561 586 602 nisi
608 576 708 602 cum
731 562 881 603 virtuti
904 562 1156 616 paruisset.‘'

379 637 440 677 Et
461 637 517 677 de
546 637 642 690 ipso
673 636 719 677 B.
745 637 970 678 Bernardo
993 626 1234 679 dicitur-ita
1255 638 1405 679 oculos
1428 639 1760 691 circumcidisse,

288 717 339 753 ut
361 711 481 765 quod
514 712 607 764 ipse
639 711 782 765 primo
815 712 1061 752 offenderat
1090 713 1196 761 visu,
1220 712 1304 753 hoc
1337 713 1409 753 ille
1438 719 1564 754 tanto
1596 715 1763 755 itineris

287 787 434 840 spatio
467 799 555 826 non
588 786 798 827 vidisset:
841 793 889 827 ut
923 800 1024 827 cum
1066 786 1210 827 lacum
1251 787 1583 829 Lausanensem
1626 789 1762 831 totius

289 860 377 902 diei
412 861 566 901 itinere
602 862 879 914 perrexisset,
912 867 956 901 et
988 874 1087 901 cum
1120 867 1412 904 stramentum
1445 865 1545 917 equi
1588 864 1630 904 in
1673 878 1762 918 quo

287 936 404 977 sedit
427 935 609 975 minime
631 935 955 976 animadvertit.

378 1009 538 1062 Quoad
562 1010 815 1050 secundum.
880 1009 1040 1050 Tribus
1070 1016 1219 1050 autem
1251 1010 1357 1051 locis
1387 1011 1662 1063 demittendi,
1685 1019 1762 1054 aut

288 1089 407 1124 certe
443 1083 699 1123 continendi
732 1089 835 1123 sunt
870 1083 996 1124 nobis
1028 1084 1153 1133 oculi,
1187 1085 1222 1124 si
1257 1084 1519 1125 Sanctorum
1558 1084 1762 1127 volumus

288 1171 442 1213 parere
474 1159 717 1212 praeceptis.
784 1158 979 1198 Primum
1012 1159 1125 1199 inter
1155 1160 1382 1210 orandum.
1447 1160 1622 1202 Deinde
1651 1162 1763 1203 inter

288 1233 453 1287 epulas.
518 1233 748 1273 Postremo
770 1247 870 1273 cum
894 1233 1123 1287 prodimus
1145 1233 1187 1273 in
1210 1234 1447 1287 publicum.

379 1309 501 1349 Inter
531 1309 748 1349 orandum
786 1309 926 1349 tribus
965 1309 1021 1349 de
1058 1309 1199 1349 causis
1232 1309 1486 1350 continendi
1516 1317 1617 1351 sunt
1648 1310 1763 1352 oculi

286 1397 343 1425 ne
383 1389 624 1437 vagentur:
667 1383 857 1436 primum
892 1383 946 1423 ad
990 1383 1194 1424 vitandas
1235 1384 1532 1425 aberrationes
1575 1386 1762 1437 mentis;

285 1459 494 1507 secundo,
520 1458 775 1498 reverentiae
798 1471 956 1508 causa,
990 1457 1130 1507 tertio,
1154 1464 1334 1511 propter
1355 1458 1705 1500 aedificationem.

379 1534 501 1573 Inter
540 1533 768 1580 orandum,
796 1533 886 1572 sive
927 1532 1101 1585 publice
1138 1531 1228 1572 sive
1268 1533 1485 1585 privatim.
1563 1533 1757 1574 Primum

289 1607 480 1662 quidem,
506 1621 560 1647 ne
581 1607 681 1660 vagi
712 1606 824 1647 oculi
853 1613 1047 1647 mentem
1075 1607 1131 1646 ab
1153 1607 1320 1647 orando
1342 1607 1602 1657 distrahant,
1625 1616 1759 1662 atque

289 1682 513 1732 divellant,
558 1681 718 1722 Matth.
756 1682 794 1722 6.
857 1681 1009 1723 “Cum
1048 1682 1247 1730 oraveris,
1286 1682 1399 1722 intra
1431 1683 1474 1722 in
1506 1683 1758 1723 cubiculum

288 1763 426 1806 tuum,
463 1763 507 1798 et
543 1756 692 1797 clauso
729 1756 843 1796 ostio
877 1770 953 1797 ora
996 1756 1171 1796 Patrem
1208 1755 1370 1796 tuum.”
1434 1756 1562 1797 Ostio
1593 1757 1760 1798 scilicet

286 1832 526 1881 oculorum,
560 1844 648 1872 non
689 1831 859 1871 domus.
943 1830 1206 1872 Cubiculum
1255 1837 1404 1872 autem
1445 1845 1520 1871 cor
1560 1838 1758 1873 nostrum

286 1913 362 1948 est.

379 1981 507 2022 Nilus
536 1981 592 2021 de
623 1980 848 2029 Oratione,
882 1995 915 2021 c.
955 1989 1044 2032 105.
1108 1980 1280 2021 “Habe
1308 1981 1459 2022 oculos
1487 1982 1531 2021 in
1560 1983 1758 2024 oratione

287 2071 376 2098 non
408 2057 652 2103 distractos,
686 2070 737 2096 ac
768 2069 904 2109 vagos
922 2070 931 2105 ;
962 2069 1100 2108 vagus
1122 2055 1239 2096 enim
1261 2061 1396 2108 atque
1427 2069 1574 2097 errans
1605 2057 1757 2099 oculus

287 2146 453 2173 errores
489 2132 648 2172 mentis
686 2131 812 2171 facile
845 2129 1079 2184 coarguit.''
1145 2131 1204 2171 Et
1237 2144 1270 2171 c.
1310 2141 1398 2183 107.
1433 2138 1580 2173 narrat
1620 2146 1757 2186 quen·

288 2207 392 2248 dam
436 2207 624 2247 orationi
666 2206 867 2247 deditum
913 2219 968 2246 ne
1008 2204 1210 2258 Angelos
1251 2206 1430 2259 quidem
1472 2207 1546 2259 qui
1598 2220 1644 2247 se
1695 2206 1757 2248 illi

290 2282 601 2334 adjunxerant,
640 2281 835 2334 aspicere
875 2280 1074 2327 voluisse,
1109 2293 1164 2320 ne
1199 2280 1389 2320 melioris
1430 2281 1489 2321 rei
1535 2281 1755 2333 jacturam

289 2355 453 2396 faceret
504 2361 668 2395 sanctae
721 2354 939 2395 orationis.
1022 2353 1140 2407 Quia
1190 2368 1334 2407 neque
1383 2354 1559 2408 Angeli,
1612 2369 1756 2410 neque

289 2431 565 2483 Principatus
597 2418 804 2482 poterunt
837 2442 916 2468 nos
947 2442 1151 2482 separare
1182 2443 1207 2469 a
1239 2428 1451 2470 charitate
1484 2430 1578 2471 Dei.

380 2504 595 2552 Secundo,
640 2503 894 2543 reverentiae
955 2516 1096 2543 causa.
1183 2502 1300 2556 Quia
1361 2503 1459 2545 Deo
1511 2506 1756 2550 assistimus

288 2593 389 2622 cum
416 2592 604 2627 oramUS,
628 2584 671 2618 et
703 2577 882 2631 quidem
917 2578 959 2618 in
992 2577 1266 2631 Angelorum
1300 2585 1548 2632 conspectu.
1611 2581 1755 2624 Bona—

287 2661 472 2696 ventura
524 2654 579 2693 de
632 2653 809 2693 Inform.
856 2653 986 2693 novit.
1031 2667 1064 2693 c.
1120 2661 1153 2704 5.
1246 2652 1362 2694 “Sta
1413 2662 1666 2706 reverenter,
1709 2665 1755 2701 et

286 2729 428 2783 psalle
460 2728 661 2768 alacriter
691 2728 735 2767 in
770 2726 978 2777 Ecclesia,
1002 2733 1046 2768 et
1077 2727 1236 2768 devote
1267 2741 1415 2768 coram
1447 2728 1646 2782 Angelis,
1676 2734 1752 2786 qui

286 2804 345 2845 ibi
376 2803 509 2855 juxta
538 2809 582 2843 te
610 2808 713 2843 sunt
740 2808 1006 2855 praesentes:
1041 2816 1127 2842 non
1153 2803 1477 2856 circumspicias
1505 2803 1606 2845 hinc
1636 2807 1750 2858 inde,

284 2879 367 2919 nisi
403 2878 637 2918 necessitas
671 2877 796 2918 adsit.
860 2877 1137 2918 Reverentiae
1167 2891 1298 2918 causa
1329 2878 1589 2931 publicanus
1622 2895 1751 2923 orans

252 2987 261 2994 .,
283 2965 372 2993 non
394 2953 529 2993 audet
550 2951 700 2992 oculos
723 2952 766 2992 in
788 2951 950 2992 coelum
973 2951 1135 2994 tollere.
1199 2952 1419 2993 Dominus
1448 2954 1581 2994 etiam
1609 2956 1751 3008 proci-
