1903 3197
554 196 631 241 De
663 197 847 258 agenda
882 198 1056 259 ubique
1089 201 1201 247 vita.
1546 209 1603 251 61

155 341 243 367 non
266 329 308 367 in
331 316 502 381 angulis
525 327 790 377 delitescere,
815 342 955 381 neque
978 330 1019 368 in
1043 330 1279 372 humilibus
1302 336 1459 375 versari
1493 335 1611 387 locis,

156 402 231 441 sed
250 402 293 441 in
311 401 601 441 celeberrimis
618 401 921 453 primariisque
943 402 1192 443 civitatibus
1210 406 1404 446 studiose
1428 409 1611 449 retineri.

151 475 269 528 Ergo
311 488 410 515 cum
452 475 494 514 in
545 474 627 514 illis
669 488 746 514 nos
789 476 940 526 magis,
983 489 1115 527 quam
1159 477 1201 515 in
1243 477 1308 517 his
1351 481 1610 532 detinemur,

151 549 351 588 videmus
380 549 508 589 nobis
535 548 865 600 quodammodo
893 549 1069 601 despici,
1099 563 1149 589 ac
1176 564 1254 602 pro
1283 552 1416 593 nihilo
1452 555 1612 597 haberi.

239 623 389 662 Tertia
430 636 561 662 causa
597 627 663 661 est
699 621 943 674 collegium,
983 636 1056 662 seu
1096 624 1265 674 domus,
1303 626 1336 664 si
1375 626 1495 666 dives
1537 636 1614 670 aut

152 697 288 749 inops,
332 698 366 736 si
418 697 701 736 commodum
744 696 812 736 vel
864 696 1206 745 incommodum,
1249 700 1283 738 si
1336 700 1505 741 celebre
1546 703 1615 742 vel

151 770 393 810 solitarium
417 770 498 819 sit,
531 775 686 809 natura
709 770 824 809 enim
855 783 996 809 rerum
1021 770 1227 823 inopiam,
1253 779 1295 812 et
1318 774 1611 824 incommoda,

145 850 188 884 et
230 843 509 884 solitudinem
559 845 733 896 respuit,
787 850 938 884 contra
979 858 1079 884 vero
1133 859 1275 886 rerum
1328 849 1513 901 copiam,
1568 857 1612 891 et

143 918 244 958 vitae
269 918 514 967 commoda,
537 924 580 957 et
602 917 856 970 frequentiae
880 918 1179 958 celebritatem
1205 920 1396 963 adamat.

234 991 404 1044 Quarta
446 992 645 1031 mutandi
698 998 774 1031 aut
815 991 992 1031 tenendi
1045 991 1140 1032 loca
1183 1007 1314 1034 causa
1364 995 1477 1034 solet
1519 1009 1612 1036 esse

149 1065 366 1118 Superior,
409 1066 443 1104 si
486 1065 520 1104 is
562 1078 699 1117 asper,
743 1065 907 1104 lenisve
949 1065 1016 1116 sit,
1055 1067 1089 1105 si
1133 1067 1266 1106 durus
1303 1074 1379 1107 aut
1414 1069 1543 1118 mitis,
1577 1071 1612 1110 si

147 1139 335 1179 severior
366 1145 442 1178 aut
470 1139 668 1179 blandus.
753 1138 920 1179 Omnes
953 1140 1070 1179 enim
1105 1140 1446 1193 Praepositorum
1479 1142 1614 1184 sacili-

146 1219 284 1254 tatem
323 1226 533 1261 amamus,
572 1213 777 1252 duritiem
812 1214 996 1261 odimus,
1031 1214 1218 1266 ideoque
1255 1222 1330 1255 aut
1365 1216 1479 1257 illius
1511 1232 1613 1258 con-

147 1287 368 1327 sectandae
397 1287 549 1339 gratia,
580 1292 657 1326 aut
683 1286 811 1337 hujus
839 1286 1058 1337 fugiendae
1087 1301 1228 1337 causa,
1254 1289 1395 1329 solum
1430 1290 1616 1331 libenter

145 1363 355 1402 vertimus
378 1361 616 1412 sedemque
639 1365 870 1399 mutamus.

234 1434 402 1487 Quinta
443 1448 573 1475 causa
621 1439 687 1473 est
738 1446 968 1472 munerum
1022 1434 1351 1487 officiorumque
1393 1438 1614 1489 conditio;

146 1509 342 1550 nonnulli
412 1508 528 1548 enim
600 1508 706 1547 dum
778 1520 936 1546 munus
1008 1507 1174 1559 aliquid
1246 1509 1422 1557 obeunt,
1496 1513 1615 1563 quod

149 1597 237 1624 non
291 1596 366 1623 eos
417 1581 546 1622 valde
603 1580 807 1629 delectat,
863 1594 942 1620 nec
1000 1582 1155 1621 melius
1208 1582 1372 1634 aliquid
1426 1589 1468 1623 et
1529 1587 1616 1626 suis

149 1657 390 1698 rationibus
433 1655 722 1708 opportunius
773 1654 843 1694 hic
885 1662 1074 1707 sperant,
1129 1656 1184 1695 de
1236 1658 1481 1698 mutatione
1532 1658 1615 1700 loci

147 1733 340 1784 cogitare
372 1731 597 1783 incipiunt,
632 1735 679 1769 ut
712 1729 811 1768 illuc
845 1729 1044 1781 migrent,
1078 1730 1150 1769 ubi
1183 1732 1347 1782 optatis
1380 1731 1617 1785 fungantur

149 1807 310 1846 officiis.

240 1882 383 1922 Sexta
420 1885 485 1918 est
521 1878 739 1925 valetudO,
784 1891 880 1929 quae
925 1878 1022 1917 coeli
1065 1877 1248 1930 alicujus
1290 1881 1505 1931 gravitate
1547 1881 1615 1921 vel

149 1955 404 1996 salubritate
447 1959 522 1993 aut
563 1952 746 2000 lzeditur,
791 1957 865 1991 aut
895 1952 1082 2003 juvatur.
1148 1953 1271 1992 Facit
1312 1960 1459 1994 autem
1499 1955 1615 1996 Con-

148 2029 317 2069 stitutio
347 2027 472 2067 nobis
499 2027 671 2078 copiam
701 2038 751 2064 ac
781 2031 1047 2077 potestatem
1078 2039 1152 2065 eos
1182 2027 1254 2078 qui
1286 2034 1491 2079 praesunt,
1515 2043 1613 2069 cum

148 2103 377 2157 peregrino
420 2100 532 2140 coelo
574 2099 784 2148 lredimur,
824 2099 1093 2139 admonendi
1120 2098 1138 2138 :'
1179 2100 1338 2140 idcirco
1373 2101 1617 2153 justissima

149 2191 279 2217 causa
307 2176 480 2215 videtur
506 2174 711 2214 manendi
739 2173 806 2212 vel
836 2173 1025 2213 abeundi
1059 2174 1157 2213 coeli
1191 2174 1423 2216 clementia
1453 2177 1520 2217 vel
1554 2179 1616 2217 in-

148 2251 391 2298 clementia,
416 2250 497 2288 nisi
528 2248 638 2288 sorte
660 2247 923 2287 valetudinis
954 2254 1173 2300 praetextu
1205 2249 1343 2289 subsit
1365 2250 1451 2290 alia
1472 2264 1614 2292 causa.

237 2324 438 2378 Septima
461 2337 591 2363 causa
613 2327 759 2375 potest
782 2335 876 2361 esse
904 2321 1124 2374 profectus
1146 2323 1322 2375 spiritus
1345 2337 1396 2363 ac
1417 2324 1589 2365 virtutis
1608 2338 1617 2375 ;

149 2399 250 2453 quia
279 2400 396 2439 enim
432 2397 573 2438 sentio
604 2411 674 2436 me
702 2396 773 2436 hic
808 2396 879 2436 ubi
913 2396 1027 2448 dego
1060 2397 1115 2436 ad
1150 2398 1356 2437 virtutem
1390 2412 1478 2438 non
1511 2400 1616 2440 satis

148 2474 364 2527 progredi,
399 2486 474 2512 seu
507 2478 687 2525 propter
713 2471 855 2511 varias
889 2471 1186 2512 aberrationes
1224 2479 1267 2512 et
1299 2473 1618 2526 impedimenta

152 2561 249 2600 quae
291 2547 361 2587 hic
402 2546 680 2599 potissimum
704 2547 911 2594 oriuntur,
951 2559 1025 2585 seu
1064 2553 1244 2599 propter
1279 2548 1447 2600 aliquas
1481 2548 1615 2588 animi

151 2621 501 2674 perturbationes
533 2633 583 2660 ac
619 2620 842 2660 molestias
877 2633 974 2672 quae
1011 2634 1081 2660 me
1114 2621 1184 2661 hic
1219 2622 1317 2662 Deo
1350 2636 1504 2662 vacare
1538 2636 1617 2675 pro

152 2694 379 2734 voluntate
411 2707 498 2734 non
531 2694 690 2743 sinunt,
723 2693 883 2733 idcirco
916 2694 970 2734 de
1003 2695 1248 2735 mutatione
1270 2695 1353 2736 loci
1386 2696 1614 2736 consilium

152 2768 288 2821 capio.

242 2840 413 2881 Octava
435 2847 478 2882 et
499 2848 723 2895 postrema
740 2856 881 2892 causa,
896 2856 994 2895 quae
1013 2856 1221 2896 magnam
1243 2843 1418 2897 praefert
1440 2843 1617 2896 pietatis

151 2915 359 2970 speciem,
381 2921 529 2969 potest
551 2930 644 2958 esse
666 2916 783 2957 salus
805 2917 1111 2970 proximorum
1130 2931 1140 2969 ;
1172 2918 1275 2970 quia
1297 2917 1412 2958 enim
1434 2917 1617 2959 adverto
