1903 3197
541 132 620 177 De
650 136 777 177 recta
813 132 1084 177 intenlionc.
1451 140 1544 187 247

85 264 413 318 hypocritarum
466 263 509 303 id
560 263 794 316 proprium.
889 263 1125 314 Propterea
1178 261 1377 302 Christus
1427 260 1546 313 apud

88 338 385 378 Matthaeum:
419 339 440 356 “
458 336 569 377 Cum
599 336 705 376 facis
735 335 1075 387 eleemosynam,
1101 334 1190 374 noli
1219 335 1325 374 tuba
1356 332 1546 381 cane1·e,'’

86 412 241 463 inquit,
277 412 426 451 “sicut
458 410 699 463 hypocritae
736 409 903 449 faciunt
937 409 980 447 in
1014 408 1253 460 synagogis
1287 414 1330 447 et
1364 409 1407 446 in
1440 408 1546 446 vicis

85 490 134 524 ut
174 484 512 525 honorificentur
552 483 608 523 ab
648 480 958 522 h01ninibus.''1
1036 481 1153 520 Ecce
1195 481 1300 532 quid
1343 486 1544 532 spectent

85 558 169 606 isti,
185 564 228 598 et
251 572 337 610 quo
360 571 508 598 eorum
531 570 653 596 mens
676 557 886 604 intendat,
911 562 1004 595 tota
1026 554 1083 594 ad
1106 553 1294 593 laudem.
1358 553 1544 592 Basilius

86 638 300 685 praeterea
331 631 511 682 quaerit:
545 628 817 681 “Quomodo
839 629 1035 669 convinci
1066 627 1221 679 aliquis
1248 631 1404 679 potest,
1429 626 1548 677 quod

86 704 259 758 placere
299 703 549 743 hominibus
591 703 797 742 studeat?
872 703 930 742 Et
972 701 1220 754 respondet,
1258 700 1293 739 si
1330 699 1548 739 officiosus

88 777 442 830 deprehendatur
477 790 580 829 erga
617 790 691 816 eos
734 790 759 815 a
800 776 958 828 quibus
999 775 1214 822 laudatur,
1254 778 1404 813 contra
1446 786 1547 812 vero

86 851 233 904 segnis
262 852 304 890 in
336 864 409 891 eos
439 864 464 890 a
487 850 645 902 quibus
667 850 940 902 vituperatur
970 855 1013 889 et
1036 845 1368 901 improbatur.''²
1429 846 1549 885 Talis

89 930 236 965 autem
279 931 344 964 est
386 924 459 976 qui
511 929 673 964 rectam
727 929 920 963 mentem
973 936 1059 962 non
1110 921 1254 969 habet,
1299 934 1387 960 non
1434 919 1549 958 enim

86 998 264 1039 laudem
303 998 639 1049 laudatoresque
677 1010 777 1036 suos
814 997 1057 1036 detestatur
1094 1009 1143 1035 ac
1181 995 1302 1047 fugit,
1337 993 1413 1033 sed
1451 1006 1552 1032 con-

90 1078 281 1120 sectatur
314 1078 357 1112 et
390 1071 540 1111 ambit.

180 1146 433 1188 Secundum
468 1145 641 1197 signum
676 1150 805 1183 rectae
841 1144 1000 1183 mentis
1031 1148 1095 1182 est
1127 1142 1272 1182 sobria
1301 1141 1479 1181 tristitia
1510 1146 1553 1180 et

93 1220 320 1268 exultatio,
359 1218 441 1258 hoc
489 1223 554 1257 est
595 1217 630 1256 si
673 1223 856 1256 externo
909 1216 1103 1268 quodam
1155 1215 1346 1268 corporis
1388 1214 1553 1261 habitu,

93 1298 336 1344 ornatuque
377 1291 564 1331 vestium
608 1290 837 1329 moderato
888 1289 1119 1329 benefacta
1170 1288 1428 1336 dissimules,
1473 1300 1551 1326 nec

90 1367 381 1421 poenitentem
423 1366 559 1404 vitam
603 1369 827 1404 ostentes:
880 1368 928 1402 ut
969 1363 1003 1402 si
1041 1363 1225 1414 jejunes,
1269 1362 1415 1401 vultus
1456 1361 1552 1400 tris-

90 1441 235 1481 titiam
278 1453 364 1479 non
406 1438 610 1486 affectes;
654 1438 687 1477 si
724 1436 1020 1477 humilitatem
1059 1436 1249 1481 sectaris,
1284 1436 1471 1475 vestium
1510 1434 1554 1473 id

91 1513 310 1567 squallore
333 1526 420 1553 non
443 1512 634 1561 indices,
667 1524 721 1550 ne
750 1524 808 1551 ex
838 1510 905 1550 his
933 1509 1110 1550 videare
1138 1509 1369 1562 gloriolam
1399 1521 1554 1560 quam-

92 1587 196 1628 dam
238 1586 454 1639 aucupari.
519 1585 628 1625 Ideo
671 1584 921 1624 Dominus:
969 1583 1122 1624 “Cum
1155 1583 1378 1635 jejunatis,
1418 1580 1553 1621 nolite

90 1661 184 1703 fieri
226 1662 336 1702 sicut
376 1660 630 1713 hypocritae,
674 1659 828 1699 tristes.
908 1658 1223 1698 Exterminant
1266 1657 1380 1696 enim
1424 1655 1556 1695 facies

93 1750 205 1784 suaS,
249 1741 298 1775 ut
338 1740 522 1788 pareant
562 1732 814 1773 hominibus
853 1729 1193 1784 jejunantes;”S
1238 1730 1322 1770 hoc
1357 1736 1422 1769 est
1464 1743 1556 1769 cor-

94 1814 304 1862 rumpunt
333 1813 376 1847 et
404 1807 604 1859 perdunt,
627 1805 832 1845 affectato
862 1805 1026 1844 scilicet
1055 1803 1219 1857 pallore
1249 1803 1394 1842 vultus
1422 1808 1557 1854 atque

93 1882 280 1922 tristitia.
320 1881 487 1920 Tristes
510 1884 657 1919 autem
681 1877 875 1931 appellat
897 1883 1075 1930 propter
1097 1877 1318 1917 tristitiam
1342 1876 1558 1929 corporis;

97 1954 248 1995 Graece
285 1960 361 2002 est,
407 1956 624 2001 anaema-rost
674 1951 839 2001 Italice,
881 1951 1031 1991 tetrici.
1098 1950 1210 1990 Haec
1256 1956 1403 1990 autem
1446 1950 1557 1989 indi-

96 2033 198 2069 cant
226 2028 333 2067 istos
364 2041 454 2066 suae
477 2027 651 2066 studere
681 2025 811 2073 laudi,
836 2024 941 2064 dum
968 2023 1170 2076 jejunant
1199 2023 1330 2064 illotis
1353 2022 1555 2071 vultibus,

94 2102 378 2155 pannosique*
401 2100 618 2140 incedunt.
683 2098 895 2151 Origenes
928 2098 971 2137 in
1003 2098 1118 2138 hunc
1147 2097 1349 2137 Matthaei
1383 2097 1557 2136 locum:

95 2176 238 2216 “Non
272 2174 452 2223 inveni,''
488 2174 640 2226 inquit,
678 2173 857 2213 “verius
891 2173 1065 2225 signum
1099 2172 1203 2212 boni
1238 2171 1390 2220 cordis,
1421 2184 1554 2223 quam

95 2250 131 2290 si
169 2254 370 2302 erumpat
407 2248 521 2288 foras
557 2247 788 2287 dulcedine
826 2247 995 2296 mentis,
1034 2252 1077 2286 et
1119 2245 1362 2298 frequentia
1399 2244 1556 2285 sobriae

96 2322 381 2363 exultationis
415 2328 458 2361 et
490 2320 712 2361 tristitiae.”

188 2396 290 2436 Huc
319 2395 452 2435 etiam
482 2394 657 2442 faciunt,
682 2408 779 2446 quae
811 2394 854 2433 in
883 2393 998 2433 hunc
1028 2393 1171 2433 locum
1201 2393 1351 2433 scribit
1379 2392 1559 2446 Augus-

99 2470 246 2509 tinus:
294 2469 386 2508 “In
423 2466 540 2517 hoc,'’
580 2468 732 2520 inquit,
771 2466 1003 2519 “capitulo
1046 2468 1243 2507 maxime
1284 2468 1558 2508 animadver-

99 2542 282 2583 tendum
315 2548 391 2590 est,
414 2555 501 2582 non
533 2542 577 2581 in
608 2541 702 2581 solo
736 2555 878 2581 rerum
902 2540 1217 2594 ‘corporearum
1250 2541 1390 2581 nitore
1426 2547 1558 2593 atque

98 2629 275 2669 pompa,
318 2616 394 2655 sed
437 2616 569 2656 etiam
611 2615 655 2655 in
696 2615 800 2668 ipsis
843 2615 1043 2655 sordibus
1089 2614 1253 2665 lutosis,
1296 2628 1389 2655 esse
1430 2627 1558 2666 posse

95 2688 391 2741 jactantiam.'’
455 2689 515 2729 Et
556 2702 693 2729 mox:
737 2688 863 2741 “Qui
906 2689 948 2728 in
991 2688 1260 2741 professione
1303 2686 1559 2728 Christiani-

100 2763 216 2812 tatis,
241 2762 448 2802 inusitato
481 2762 697 2815 squallore
729 2776 779 2802 ac
811 2762 1011 2802 sordibus
1043 2763 1235 2803 intentos
1266 2762 1310 2801 in
1342 2774 1387 2800 se
1418 2759 1560 2800 homi-

262 2850 275 2870 1
299 2851 419 2883 Matth.
440 2851 470 2882 6.
649 2850 662 2868 ‘²
687 2852 769 2892 Reg.
791 2852 882 2882 brev.
904 2862 935 2892 q.
957 2859 1008 2891 33.
1188 2849 1201 2868 3
1225 2849 1344 2880 Matth.
1368 2848 1397 2880 6.
