1903 3197
564 159 631 205 ln
665 158 880 221 Regulczs
915 158 988 204 M
982 157 1178 204 odes-tice.
1519 157 1581 200 66
1588 167 1612 214 5

231 301 298 334 2¹¹1.
334 294 448 347 Quia
472 294 668 334 mendax
691 299 824 344 negat
848 292 1005 339 Deum,
1030 292 1104 344 qui
1129 291 1290 331 veritas
1313 296 1400 340 est,
1434 287 1614 329 diabolo

141 375 287 409 autem
314 368 520 417 adhaeret,
544 368 618 420 qui
641 368 696 407 ab
719 367 842 407 initio
867 367 1062 406 mendax
1088 372 1165 405 est.
1197 415 1200 418 ἢ

229 442 300 483 Ac
337 443 476 483 Beato
511 442 690 494 quidem
727 441 928 480 Hermeti
962 441 1080 480 visus
1115 445 1182 479 est
1215 438 1418 491 Angelus
1452 443 1612 486 custos,

143 517 217 570 qui
259 517 372 556 inter
405 522 564 556 caetera
598 515 810 555 mandata
844 514 927 554 hoc
962 515 1095 554 etiam
1131 513 1265 561 dedit,
1300 519 1348 552 ut
1380 512 1613 552 veritatem

143 591 355 643 diligeret.
419 590 544 643 Quia,
577 590 641 642 Jo.
668 590 718 629 8:
753 589 872 628 “Ille
901 588 1124 629 homicida
1156 594 1222 627 est
1252 587 1308 626 ab
1331 587 1468 633 initio,
1493 591 1536 625 et
1569 585 1613 624 in

144 665 330 706 veritate
351 678 438 704 non
461 664 631 713 stetit;'’
651 664 867 703 mendacii
891 663 1055 716 quippe
1076 669 1202 715 pater
1224 668 1300 701 est.
1345 660 1612 708 Dorotheus,

147 738 238 780 Ser.
276 750 328 791 9:
361 739 582 791 “Propter
618 738 898 778 mendacium
937 751 962 777 a
999 737 1097 776 Deo
1135 750 1214 776 nos
1253 736 1533 783 secernimus,
1571 738 1616 773 et

146 813 353 866 maligno,
397 813 480 853 hoc
523 819 598 859 est,
642 812 820 852 diabolo
861 810 1227 864 agglutinamur.'’
1309 809 1428 849 Hinc
1471 808 1615 848 omnis

147 889 344 929 mendax
363 887 671 928 abominabilis
689 888 805 941 apud
826 888 973 927 Deum
994 901 1001 936 ;
1035 893 1078 927 et
1101 886 1223 926 Prov.
1239 885 1276 925 6.
1293 885 1452 925 dicitur
1469 883 1615 923 odisse

146 963 269 1002 Deus
302 962 497 1015 linguam
536 962 806 1009 mendacem,
838 968 881 1002 et
911 961 1206 1015 proferentem
1245 959 1503 1008 mendacia;
1538 956 1613 1009 qui

146 1044 295 1078 autem
320 1037 505 1077 fideliter
526 1044 674 1090 agunt,
698 1037 875 1089 placent
898 1037 946 1076 ei.

236 1119 304 1164 3¹¹¹.
340 1111 456 1165 Quia
490 1112 663 1152 mentiri
698 1111 850 1152 servile
887 1117 963 1158 est,
1000 1117 1043 1150 et
1081 1109 1436 1162 ignominiosum.
1501 1105 1613 1146 Plut.

147 1188 203 1228 de
240 1188 309 1227 lib.
346 1188 557 1227 Educan:
592 1185 964 1226 “Assuefaciendi
1008 1184 1144 1232 sunt,’'
1178 1184 1330 1236 inquit,
1364 1186 1384 1201 “
1399 1182 1532 1235 pueri,
1567 1186 1616 1221 ut

150 1276 252 1302 vera
289 1262 449 1310 d1cant,
483 1275 569 1313 qua
606 1262 648 1300 in
687 1275 730 1301 re
767 1274 941 1301 summa
978 1266 1044 1299 est
1081 1258 1398 1307 sanctimonia;
1443 1255 1617 1295 mentiri

149 1337 265 1376 enim
290 1336 443 1376 servile
466 1342 542 1383 est,
567 1336 837 1388 dignumque
860 1335 978 1388 apud
1002 1347 1155 1373 omnes
1177 1333 1378 1372 homines
1400 1332 1502 1371 odio
1523 1344 1531 1380 3
1566 1344 1617 1370 ac

148 1424 203 1451 ne
227 1411 511 1450 mendacibus
535 1411 713 1463 quidem
738 1411 870 1449 servis
894 1407 1247 1461 ignoscendum.’'

239 1485 592 1537 Ignominiosum
609 1484 881 1536 autem,quia
899 1483 1064 1522 samam
1083 1482 1367 1521 contaminat.
1395 1479 1526 1519 Eccli.
1548 1489 1616 1519 20:

150 1558 487 1612 “Opprobrium
524 1571 714 1610 nequam
752 1558 795 1597 in
832 1557 1011 1597 homine
1044 1556 1335 1603 mendacium,
1375 1560 1418 1594 et
1461 1555 1503 1593 in
1542 1566 1617 1593 ore

150 1633 577 1686 indisciplinatorum
604 1633 778 1672 assidue
805 1632 934 1680 erit;''
958 1632 1081 1679 idest,
1106 1644 1256 1670 eorum
1285 1630 1358 1682 qui
1389 1642 1477 1668 non
1503 1629 1617 1668 bene

148 1707 337 1747 instituti
371 1713 498 1747 sunt:
530 1708 705 1759 signum
739 1712 804 1746 est
837 1706 952 1745 enim
991 1705 1118 1745 malae
1154 1704 1437 1751 educationiS,
1474 1701 1617 1755 qualis

151 1781 264 1822 solet
287 1795 381 1821 esse
404 1795 627 1821 servorum
651 1781 989 1833 infimorumque
1011 1779 1251 1819 hominum.

239 1862 309 1906 4¹¹¹.
347 1854 464 1907 Quia
496 1855 775 1895 mendacium
797 1855 909 1894 veris
939 1854 1071 1894 etiam
1101 1853 1228 1893 dictis
1257 1852 1390 1891 fidem
1422 1852 1617 1903 abrogat.

156 1929 269 1971 Cum
294 1931 390 1982 quis
414 1929 530 1969 enim
553 1928 688 1968 semel
715 1928 917 1968 inventus
940 1934 1006 1967 est
1028 1928 1235 1976 mendax,
1259 1940 1345 1966 non
1370 1926 1406 1965 ei
1430 1925 1620 1977 amplius

153 2004 281 2044 facile
323 2004 522 2044 creditur.
618 2003 775 2055 Itaque
826 2008 1004 2055 rogatus
1055 2001 1320 2041 Aristoteles
1372 2001 1476 2053 quid
1530 1999 1619 2039 suis

157 2078 398 2118 mendaciis
448 2078 681 2117 mendaces
729 2083 1098 2129 assequerentur3
1142 2076 1236 2125 hoc,
1279 2075 1431 2127 inquit,
1476 2080 1523 2114 ut
1565 2087 1620 2114 ne

151 2160 247 2194 tum
271 2153 449 2205 quidem
473 2152 523 2191 iis
546 2151 786 2200 credamus,
810 2165 908 2191 cum
931 2164 1033 2190 vera
1055 2150 1260 2190 dixerint.

243 2227 451 2280 Ephrem,
476 2227 531 2266 de
560 2226 822 2266 Mendacio:
846 2229 867 2244 “
883 2224 970 2277 Qui
993 2225 1177 2274 autem,’'
1201 2225 1353 2277 inquit,
1372 2223 1620 2263 “assuescit

154 2302 327 2342 mentiri
362 2300 526 2340 nullam
550 2301 592 2340 in
615 2300 758 2340 verbis
781 2300 869 2339 suis
891 2299 1061 2339 obtinet
1087 2299 1394 2339 auctoritatem
1414 2312 1422 2347 3
1456 2298 1620 2337 invisus

154 2377 287 2417 etiam
312 2382 378 2415 est
409 2375 508 2415 Deo
534 2375 707 2428 pariter,
731 2381 775 2415 et
795 2374 1058 2414 hominihus.
1124 2373 1212 2413 Hic
1233 2373 1353 2413 nullo
1376 2373 1419 2412 in
1442 2373 1620 2425 negotio

153 2451 375 2503 probatur,
406 2456 449 2490 et
481 2451 524 2489 in
557 2450 677 2489 omni
711 2449 993 2502 responsione
1025 2456 1255 2501 suspectus
1287 2447 1386 2488 est.''

242 2523 534 2577 Augustinus,
577 2523 647 2563 lib.
693 2523 861 2564 Contra
905 2523 1053 2562 Mend.
1093 2536 1125 2563 c,
1163 2535 1216 2572 4:
1256 2523 1351 2562 “Et
1388 2522 1507 2574 quod
1555 2526 1621 2560 est

155 2598 456 2646 miserabilius,
495 2598 629 2638 etiam
671 2598 753 2650 ipsi
791 2597 884 2649 jam
927 2597 1051 2649 quasi
1094 2597 1231 2636 nostri
1273 2596 1426 2644 effecti,
1469 2608 1622 2647 quem-

156 2671 399 2712 admodum
437 2671 565 2711 nobis
601 2672 783 2711 credant
820 2671 1006 2723 reperire
1047 2684 1135 2710 non
1175 2670 1396 2723 possunt,''
1420 2675 1498 2708 etc.
1562 2668 1623 2708 Et

156 2759 295 2785 mox:
339 2745 513 2785 “Vides
555 2758 643 2797 quo
683 2745 840 2784 tendat
884 2744 968 2784 hoc
1015 2743 1193 2794 malum,
1237 2750 1285 2783 ut
1331 2743 1495 2783 scilicet
1537 2755 1625 2782 non

155 2819 299 2860 solum
341 2832 422 2859 nos
468 2818 552 2858 illis
604 2818 775 2871 ipsique
821 2818 959 2867 nobis,
1002 2818 1078 2858 sed
1130 2818 1273 2857 omnis
1325 2817 1457 2858 frater
1507 2815 1628 2857 omni

155 2894 277 2935 fratri
315 2907 402 2933 non
441 2893 660 2933 immerito
691 2893 894 2933 videatur
930 2905 1025 2932 esse
1061 2891 1327 2945 suspectus.''
