1903 3197
648 137 729 182 De
760 136 1014 183 Examina
1469 152 1491 182 2
1501 149 1561 196 59

100 271 354 323 priusquam
394 267 543 308 fecerit
590 267 859 307 mentionem
911 272 1167 307 caeterarum
1218 281 1409 320 precum,
1452 267 1557 309 facit

103 342 347 382 Examinis.
411 343 433 360 “
452 339 679 388 Utantur,''
711 340 864 391 inquit,
894 339 1127 391 “quotidie
1158 340 1435 380 conscientiae
1467 353 1558 381 suae

104 414 432 456 examinatione
469 410 737 460 consueta,”1
770 417 813 451 et
854 411 1055 451 meminit
1086 411 1272 464 duplicis
1314 414 1558 462 Examinis,

102 488 223 528 nulla
250 487 457 527 orationis
487 485 690 526 mentalis
720 485 943 525 mentione
972 484 1099 534 facta,
1122 485 1297 524 tametsi
1327 486 1370 524 in
1400 485 1559 526 Decla-

102 561 341 601 rationibus
364 574 471 600 mox
494 559 542 599 fit
555 557 764 613 Smentiofl
823 558 1008 607 Deinde,
1031 559 1132 610 quia
1154 559 1363 598 orationis
1384 565 1559 611 tempus

100 634 235 674 semel
277 634 320 673 in
357 633 427 672 die
460 632 751 672 communiter
786 632 949 680 statuit,
985 631 1202 671 examinis
1238 637 1388 672 autem
1422 631 1557 672 semel

100 714 232 760 atque
254 708 420 747 iterum.

187 781 245 820 Et
285 793 387 819 vero
440 779 645 818 Examen
697 779 840 830 ipsum
889 783 955 817 est
1000 778 1365 831 praestantissima
1407 779 1556 819 oratio.

101 853 320 894 Climacus
369 852 496 899 enim,
541 865 682 890 rerum
731 850 1019 904 spiritualium
1069 851 1368 903 peritissimus,
1411 851 1560 890 condi-

95 927 238 966 tiones
295 939 403 978 quas
459 926 613 965 statuit
669 925 849 977 optimae
911 925 1131 973 orationis,
1190 925 1233 964 in
1291 938 1342 963 eo
1407 923 1557 964 Gradu

97 1013 225 1052 quem
270 999 326 1038 de
367 998 579 1039 Oratione
622 998 848 1050 inscripsit,
892 997 1117 1050 aptissime
1158 998 1202 1037 in
1243 996 1325 1037 hoc
1357 1004 1556 1037 nostrum.

100 1073 287 1125 quadrat
319 1072 534 1111 Examen.
615 1071 747 1110 Initio
780 1071 908 1120 enim,
939 1070 1043 1110 dum
1075 1071 1194 1110 varie
1222 1070 1429 1109 describit
1465 1083 1559 1110 ora-

96 1145 273 1193 tionem,
317 1144 510 1197 appellat
556 1144 675 1183 illam
718 1143 906 1183 tribunal
959 1143 1184 1195 quoddam
1232 1143 1459 1195 judicandi
1512 1156 1558 1183 se

95 1219 250 1270 ipsum,
290 1223 527 1268 antequam
564 1217 709 1256 veniat
747 1217 839 1256 dies
877 1216 1069 1256 Domini.
1135 1215 1365 1264 “Oratio‚'’
1404 1216 1556 1268 inquit,

95 1294 117 1310 “
131 1292 203 1339 eis,
227 1291 301 1342 qui
330 1296 445 1329 recte
477 1295 615 1337 orant,
639 1289 756 1328 curia
779 1295 822 1328 et
849 1288 1063 1340 judicium
1087 1294 1130 1327 et
1153 1288 1342 1328 tribunal
1376 1289 1559 1328 Domini

93 1370 196 1404 ante
237 1363 431 1403 futurum
468 1362 680 1402 Tribunal
723 1361 824 1401 est.'’
887 1361 1106 1400 Nimirum
1149 1361 1253 1413 quia
1293 1361 1336 1401 in
1378 1375 1424 1401 se
1466 1363 1559 1414 ipse

89 1437 231 1489 judex
288 1443 364 1484 est,
417 1435 522 1475 dum
580 1436 623 1474 in
675 1435 961 1486 semetipsum
1013 1434 1109 1486 quis
1162 1434 1351 1485 inquirit,
1396 1440 1440 1474 et
1480 1447 1558 1474 sua

93 1509 219 1557 facta,
257 1509 386 1557 dicta,
426 1509 620 1560 cogitata
657 1507 816 1557 deflet3
863 1506 982 1559 quod
1020 1506 1204 1547 facimus
1242 1507 1284 1545 in
1324 1506 1555 1546 Examine.

95 1582 154 1622 Et
181 1582 314 1635 paulo
343 1581 466 1629 infra,
490 1582 600 1621 duas
624 1581 859 1620 Examinis
881 1579 1126 1632 quotidiani
1149 1578 1558 1632 particulas,—gra-

91 1655 250 1695 tiarum
293 1655 522 1703 actionem,
556 1660 599 1693 et
636 1653 953 1694 confessionem
986 1652 1227 1704 culparum,
1261 1652 1304 1691 in
1340 1653 1555 1705 optimam

94 1728 338 1767 orationem
376 1726 586 1776 includit;
635 1729 774 1766 “ante
811 1726 993 1774 omnia‚''
1037 1725 1190 1777 inquit,
1230 1725 1309 1764 “in
1347 1725 1556 1764 orationis

93 1806 252 1840 nostrae
294 1799 582 1852 chirographo
624 1799 859 1850 gratiarum
906 1799 1123 1838 actionem
1167 1798 1381 1837 sinceram
1419 1803 1556 1838 statu-

90 1887 226 1913 amus
291 1874 343 1912 In
375 1872 512 1912 altero
544 1872 703 1911 deinde
730 1885 854 1911 versu
887 1871 1219 1919 confessionem,
1255 1877 1299 1910 et
1332 1871 1557 1911 contritio-

90 1959 192 1986 nem
221 1945 354 1985 animi
385 1959 442 1985 ex
472 1945 626 1984 intimo
655 1945 815 1984 affectu
845 1944 1137 1996 prodeuntem
1167 1957 1395 1996 ponamus,
1419 1949 1557 1995 atque

90 2019 151 2058 ita
186 2019 392 2071 deinceps
426 2018 538 2070 Regi
571 2019 768 2057 omnium
803 2017 1146 2069 postulationem
1180 2017 1423 2057 indicemus
1458 2030 1557 2057 nos-

87 2097 210 2132 tram.
275 2090 482 2143 Optimus
513 2090 594 2140 hic,
627 2103 759 2142 quem
798 2090 998 2142 praedixi,
1037 2090 1245 2129 orationis
1280 2089 1438 2130 modus
1474 2096 1552 2140 est,

88 2165 200 2204 sicut
232 2164 408 2204 cuidam
442 2178 499 2203 ex
537 2163 741 2203 fratribus
783 2163 840 2203 ab
877 2163 1034 2216 angelo
1077 2162 1163 2202 Dei
1201 2163 1553 2203 demonstratum

89 2236 216 2278 est.''3
277 2237 379 2277 Non
412 2242 477 2277 est
508 2238 640 2289 igitur
672 2237 829 2276 mirum
862 2236 897 2276 si
931 2236 974 2276 P.
1000 2236 1199 2288 Ignatius
1230 2235 1314 2276 hoc
1343 2236 1556 2276 orationis

85 2324 234 2363 genus,
266 2312 384 2363 quod
421 2310 626 2350 Examen
660 2309 945 2363 appellamus,
979 2310 1146 2349 caeteris
1175 2310 1407 2362 generibus
1441 2323 1552 2362 prae-

86 2384 196 2424 ferre
261 2384 594 2436 quodammodo
650 2384 860 2424 videatur.
963 2382 1247 2435 Intelligebat
1313 2383 1441 2432 enim,
1495 2383 1550 2423 ad

87 2458 436 2509 progressionem
487 2457 664 2510 spiritus
715 2462 847 2509 atque
902 2456 1074 2496 virtutis
1120 2461 1309 2508 quantas
1370 2455 1556 2496 haberet

84 2529 196 2569 vires
256 2531 320 2570 sui
395 2531 530 2583 ipsius
591 2530 776 2583 diligens
838 2530 1062 2582 inquisitio
1123 2534 1257 2582 atque
1323 2529 1548 2570 discussio.

84 2601 266 2655 Quarto,
290 2616 346 2642 ex
375 2603 510 2656 ipsius
532 2617 708 2656 quoque
737 2603 877 2643 Patris
906 2601 1114 2654 exemplo
1143 2607 1278 2654 atque
1300 2601 1416 2642 facto
1438 2602 1544 2641 satis

84 2675 266 2728 intelligi
298 2681 455 2728 potest,
485 2677 637 2728 quanti
667 2676 828 2716 faceret
863 2675 946 2716 hoc
980 2675 1288 2727 quotidianum
1317 2687 1407 2713 suae
1449 2686 1552 2712 con-

82 2749 275 2790 scientiae
308 2762 509 2800 examen,
531 2749 891 2802 quandoquidem
923 2762 1011 2789 non
1042 2748 1179 2789 semel
1208 2753 1340 2800 atque
1373 2747 1549 2795 iterum,

182 2836 195 2856 1
219 2838 261 2868 In
283 2848 316 2879 p.
336 2846 368 2879 3.
388 2849 416 2871 c.
440 2847 467 2870 1.
487 2840 503 2877 ἕ
523 2846 571 2871 ιι.
663 2838 676 2857 ²
700 2839 736 2871 P.
756 2847 787 2879 4.
810 2849 837 2871 c.
856 2848 888 2879 4.
908 2838 978 2871 dec.
1000 2838 1038 2869 B.
1131 2836 1145 2856 ³
1169 2836 1267 2868 Clim.
1288 2835 1388 2867 Grad.
1407 2833 1460 2866 28.

256 2898 287 2929 R
320 2900 344 2929 2
