1903 3197
306 160 394 189 222
624 145 704 190 De
737 145 926 191 ratione
961 144 1152 191 vivendi
1185 145 1444 192 Socielalz's.

301 277 356 316 ad
389 282 564 325 seterna,
598 290 715 329 saepe
750 277 824 317 illa
858 291 944 317 non
977 291 1057 331 pro
1093 278 1260 327 mediis,
1293 278 1368 317 sed
1407 292 1486 330 pro
1523 277 1609 317 fine
1643 278 1766 318 adhi-

300 351 466 391 bentur.
529 350 683 403 Atque
705 351 767 390 ita
787 365 923 404 prava
946 352 1129 392 efficitur
1151 351 1310 391 mentis
1334 352 1519 391 intentio
1538 364 1546 401 ;
1576 365 1766 404 cumque

301 438 353 464 ea
375 424 510 464 oculis
540 425 737 476 subjecta
767 425 853 465 sint
883 427 1053 475 nostris,
1078 426 1219 478 magis
1249 425 1382 465 etiam
1414 439 1491 464 nos
1522 432 1700 465 movent
1723 432 1767 466 et

300 497 495 538 afficiunt
540 512 672 551 quam
725 505 901 549 aeterna,
944 514 1042 552 quae
1096 514 1181 540 non
1233 499 1448 547 videntur,
1493 513 1634 551 neque
1686 500 1767 540 sub

301 586 478 612 sensum
521 572 657 612 ullum
700 573 874 613 cadunt.
938 574 1123 614 AEterna
1165 579 1312 613 autem
1356 574 1532 626 propria
1573 579 1768 613 mentem

302 660 426 687 suam
459 660 546 686 non
579 646 843 699 detorquent
875 653 1008 700 atque
1040 647 1278 693 inflectunt,
1302 660 1401 687 cum
1435 648 1528 699 ipsa
1555 648 1641 686 sint
1670 647 1767 687 finis

301 727 476 769 noster;
525 721 712 773 ideoque
746 721 886 761 multo
925 727 990 761 est
1022 721 1247 761 honestius
1286 735 1437 761 eorum
1476 735 1553 773 spe
1592 727 1768 761 metuve

300 796 413 845 duci,
452 809 584 847 quam
627 809 704 847 spe
747 801 823 835 aut
865 802 983 835 metu
1027 795 1346 848 temporalium.
1412 794 1544 847 Quod
1588 795 1766 846 quidem

301 883 363 918 ea,
408 883 506 921 quae
549 868 820 921 parenthesis
874 870 970 909 loco
1021 875 1167 909 noster
1217 870 1344 909 Pater
1392 870 1618 917 interserit,
1664 870 1768 909 satis

303 943 527 983 indicant:
573 942 826 994 “Quamvis
867 943 969 982 hinc
1012 943 1143 982 etiam
1181 942 1324 994 juvari
1367 943 1624 991 debeant;’'
1668 957 1767 995 quae

303 1016 481 1069 quidem
511 1016 644 1055 verba
674 1017 815 1067 magis
846 1017 1062 1068 pertinere
1084 1016 1287 1055 videntur
1316 1016 1371 1055 ad
1401 1029 1525 1068 spem
1556 1017 1769 1056 mercedis

302 1096 491 1139 aeternae,
522 1096 598 1130 aut
629 1096 804 1130 aeternae
837 1104 982 1142 poenae
1016 1095 1195 1139 metum,
1223 1103 1357 1142 quam
1391 1090 1446 1129 ad
1480 1090 1769 1143 temporalem

300 1164 368 1204 vel
423 1163 670 1204 mercedem
722 1163 791 1204 vel
843 1178 1034 1216 poenam.
1096 1164 1416 1204 Verumtamen
1470 1164 1613 1203 minus
1659 1178 1769 1217 pura

303 1251 426 1278 mens
469 1243 544 1285 est,
589 1251 688 1277 cum
733 1251 884 1278 eorum
928 1238 1060 1278 etiam
1104 1251 1252 1277 amore
1305 1238 1446 1290 magis
1498 1251 1630 1290 quam
1686 1238 1768 1278 Dei

301 1312 514 1352 charitate
548 1317 759 1361 movetur,
794 1318 840 1352 ut
871 1311 953 1352 hoc
988 1313 1130 1364 ipsum
1164 1311 1276 1351 infra
1307 1311 1515 1364 pluribus.

390 1385 674 1438 Temporalia
716 1392 864 1426 autem
909 1386 1036 1435 bona,
1080 1392 1128 1425 ut
1170 1386 1225 1425 de
1270 1385 1336 1424 his
1389 1385 1507 1438 prius
1559 1386 1768 1434 dicamus,

303 1461 462 1512 quibus
495 1459 608 1499 flecti
643 1466 718 1500 aut
750 1460 941 1512 torqueri
977 1473 1099 1499 meus
1133 1466 1250 1499 recta
1282 1465 1440 1512 potest,
1475 1460 1558 1500 tria
1589 1461 1769 1500 omnino

302 1540 433 1574 sunt:
463 1533 720 1585 jucundum,
760 1532 876 1582 utile,
914 1533 1179 1582 honestum;
1228 1534 1387 1585 quibus
1424 1533 1611 1573 totidem
1655 1534 1771 1574 mala

304 1607 598 1661 respondent:
632 1607 767 1656 dolor,
793 1614 1040 1659 paupertas,
1066 1608 1318 1659 ignominia.
1384 1608 1503 1660 Ergo
1527 1614 1574 1647 ut
1596 1608 1769 1647 illorum

303 1695 402 1734 spes
440 1681 700 1733 plerumque
736 1694 815 1720 nos
858 1682 913 1720 ad
957 1682 1123 1721 bonum
1158 1680 1301 1729 trahit,
1341 1682 1402 1721 ita
1436 1681 1591 1721 horum
1627 1688 1770 1722 metus

303 1770 328 1796 a
372 1755 488 1795 malo
523 1755 732 1803 retrahit;
767 1769 823 1794 ex
860 1769 948 1807 quo
983 1754 1043 1803 fit,
1080 1761 1127 1794 ut
1163 1756 1307 1794 minus
1340 1756 1496 1794 virium
1531 1755 1692 1795 habeat
1728 1757 1770 1796 in

304 1830 524 1883 plerisque
555 1828 743 1868 charitas
780 1829 875 1877 Dei,
911 1829 979 1868 vel
1013 1829 1067 1868 ad
1101 1829 1321 1881 agendum
1360 1829 1587 1881 quidpiam
1614 1830 1680 1869 vel
1716 1830 1771 1870 ad

306 1904 565 1952 cavendum,
615 1909 748 1955 atque
791 1903 892 1942 hinc
933 1908 1027 1943 tota
1069 1904 1261 1956 pravitas
1303 1904 1471 1944 mentis.
1542 1904 1773 1944 Faciamus

306 1978 389 2018 hoc
422 1977 595 2030 planius
628 1976 854 2029 exemplis.

392 2051 642 2091 Videbatur
676 2051 828 2091 Petrus
863 2051 1089 2104 apostolus
1117 2051 1331 2103 Magistro
1364 2066 1442 2091 suo
1475 2052 1586 2092 bene
1618 2067 1772 2093 consu-

306 2127 404 2174 lere,
430 2139 528 2165 cum
554 2126 595 2164 in
620 2131 771 2165 monte
796 2125 976 2165 Thabor
997 2125 1326 2165 tabernaculum
1350 2126 1387 2165 ei
1411 2125 1502 2164 fieri
1525 2127 1774 2179 cupiebat3l

308 2199 384 2239 sed
418 2212 565 2238 revera
598 2212 723 2238 suam
756 2199 901 2251 potius
933 2199 1206 2251 voluptatem
1241 2205 1283 2238 et
1315 2200 1610 2249 commodum,
1640 2214 1773 2252 quam

307 2273 469 2314 Christi
508 2273 695 2325 gloriam
734 2286 785 2312 ac
819 2272 995 2321 bonum,
1030 2273 1268 2325 spectabat.
1334 2272 1465 2325 Quod
1504 2288 1561 2313 ex
1598 2281 1772 2315 antece-

307 2346 514 2387 dentibus
553 2345 646 2398 ejus
684 2346 825 2386 verbis
863 2346 968 2385 satis
1006 2346 1170 2398 liquet:
1225 2347 1436 2386 “Bonum
1475 2354 1540 2388 est
1581 2361 1660 2387 nos
1702 2348 1773 2389 hic

307 2418 459 2461 esse.’'1
525 2420 752 2472 Idemque,
786 2426 986 2459 metuens
1024 2433 1077 2459 ne
1115 2419 1435 2472 jucundissima
1468 2421 1668 2473 Magistri
1706 2422 1771 2462 sui

311 2494 631 2533 consuetudine
663 2493 914 2545 privaretur,
938 2494 1192 2546 increpabat
1222 2507 1334 2542 eum,
1358 2495 1567 2546 quoniam
1601 2495 1775 2536 dixerat

309 2568 450 2608 multa
487 2568 568 2607 sibi
607 2581 632 2607 a
667 2567 830 2608 Scribis
863 2573 905 2607 et
938 2568 1210 2621 Principibus
1242 2568 1529 2621 perferenda:
1565 2568 1773 2620 “Absit,”

308 2642 462 2695 inquit,
502 2645 565 2682 “a
602 2648 656 2691 te,
697 2642 919 2692 Domine3
968 2655 1053 2682 non
1098 2642 1177 2682 erit
1213 2642 1292 2682 tibi
1333 2641 1477 2682 1]Οο.”2
1538 2643 1774 2696 Propterea

308 2715 425 2756 dixit
457 2716 517 2755 illi
552 2716 779 2756 Christus:
814 2719 836 2735 “
856 2716 957 2755 Non
989 2716 1107 2769 sapis
1140 2729 1190 2756 ea
1222 2730 1320 2769 quae
1353 2716 1438 2756 Dei
1471 2722 1582 2765 sunt,
1614 2717 1689 2757 sed
1723 2730 1774 2757 ea

309 2803 406 2843 quae
430 2789 697 2832 hominum.'’
761 2790 937 2843 Nempe
967 2790 1067 2842 quia
1097 2789 1340 2843 temporale
1368 2790 1533 2843 aliquid
1556 2795 1600 2831 et
1621 2790 1775 2831 huma-

719 2879 733 2924 }
762 2881 884 2915 Matth.
907 2887 955 2923 17.
1136 2878 1150 2899 ²
1174 2879 1294 2914 Matth.
1318 2879 1365 2914 16.
