1903 3197
387 179 466 224 De
499 179 670 225 aliem
693 180 1041 240 procuratione
1079 180 1281 226 Salutis.
1504 196 1562 238 41

112 319 278 354 naturae
312 318 404 352 tam
442 311 675 363 diligenter
710 310 966 362 conquisita,
1001 316 1093 350 tam
1136 318 1335 352 accurate
1377 311 1571 364 perfecta

108 400 160 428 ac
182 385 397 440 perpolita
416 399 423 424 :
456 384 540 424 huc
566 384 759 436 prudens
781 383 1078 435 operariorum
1101 385 1308 434 delectus,
1333 399 1571 439 eorumque

110 461 184 514 qui
222 461 277 500 ad
314 465 484 499 tantam
524 457 793 511 provinciam
831 457 977 497 idonei
1015 457 1253 509 aliquando
1291 459 1421 498 futuri
1458 460 1572 500 sint:

108 533 194 574 huc
228 533 416 584 denique
451 531 589 570 multa
623 530 718 578 alia,
747 544 845 582 quae
877 531 920 569 in
955 530 1355 570 Constitutionibus
1384 532 1440 571 ad
1475 546 1573 585 pro-

109 606 349 647 curandam
372 605 616 644 animarum
640 603 827 643 salutem
847 618 895 644 ac
918 604 1232 656 perfectionem
1251 603 1573 656 sapientissime

111 679 366 731 excogitata
402 683 513 717 sunt.
582 677 684 717 Non
722 678 838 717 enim
875 682 943 717 tot
975 677 1216 717 studiorum
1257 677 1572 727 contentiones,

109 758 176 792 tot
198 752 378 799 labores,
402 757 470 791 tot
492 750 749 802 adjumenta
778 755 955 798 naturae,
980 755 1047 790 tot
1067 750 1260 802 gratuita
1283 750 1367 789 Dei
1392 763 1574 790 munera

108 825 164 865 ad
203 839 282 865 nos
319 825 557 864 dumtaxat
589 823 858 864 excolendos
890 823 1268 876 perficiendosque
1300 823 1572 875 referuntur;

110 901 131 917 “
147 896 236 938 Sed
260 898 494 949 unicuique
514 897 645 937 datur
670 896 965 937 manifestatio
993 896 1181 949 Spiritus
1211 897 1267 937 ad
1296 897 1571 947 utilitatem,'’

113 970 276 1011 Paulus
326 969 418 1019 ait,1
460 984 618 1023 nempe
669 970 852 1011 aliorum
899 976 943 1010 et
983 971 1298 1023 proximorum.
1362 970 1494 1023 Quod
1538 972 1573 1011 si

109 1050 236 1085 tanto
278 1045 424 1085 studio
473 1044 763 1084 instrumenta
808 1044 904 1096 ipsa
945 1058 1262 1096 comparamus,
1305 1045 1464 1097 quibus
1515 1045 1571 1085 ad

111 1117 336 1158 Christum
387 1118 557 1157 animas
614 1117 919 1170 adjungamus,
973 1124 1139 1170 quanto
1191 1119 1371 1159 tandem
1423 1119 1572 1159 studio

109 1190 175 1231 his
227 1191 447 1231 instructis
497 1190 711 1243 praesidiis
755 1191 798 1230 in
841 1204 990 1231 earum
1033 1191 1220 1231 salutem
1271 1206 1322 1232 ac
1373 1192 1574 1245 perfecti-

108 1277 239 1304 onem
282 1263 609 1304 incumbemus!
689 1262 900 1303 Alienum
944 1264 1106 1317 quippe
1147 1278 1174 1304 a
1214 1265 1384 1305 ratione
1426 1266 1492 1314 sit,
1531 1271 1575 1306 et

109 1336 240 1390 plane
271 1336 513 1385 ridiculum,
537 1337 580 1375 in
610 1336 888 1376 instrumenti
921 1337 1265 1389 necessariaeque
1292 1337 1574 1390 supellectilis

109 1422 263 1450 nervos
304 1422 458 1449 omnes
500 1409 737 1457 intendere,
777 1409 819 1448 in
862 1409 957 1462 ipsa
993 1423 1096 1449 vero
1140 1411 1387 1450 animarum
1429 1424 1574 1460 causa,

110 1495 295 1535 quarum
346 1482 488 1534 gratia
538 1482 649 1522 tanti
700 1481 812 1522 fiunt
862 1489 1112 1536 apparatus,
1160 1497 1259 1523 cum
1311 1483 1480 1524 desidia
1531 1489 1576 1524 et

108 1555 318 1608 languore
358 1556 529 1595 versari.
614 1555 679 1596 Ut
712 1556 746 1595 si
786 1556 909 1596 miles
952 1557 994 1595 in
1036 1570 1259 1597 armorum
1300 1557 1576 1609 telorumque

106 1629 279 1682 copiam
318 1628 661 1681 comparandam
694 1634 814 1669 totus
851 1629 1103 1680 incumbat;
1141 1637 1296 1683 postea
1324 1644 1438 1680 vero,
1474 1644 1573 1671 cum

108 1702 282 1743 hostem
310 1702 478 1751 viderit,
509 1709 553 1743 et
586 1702 750 1743 bellum
785 1704 1036 1754 insonuerit,
1065 1710 1141 1744 aut
1173 1705 1358 1757 turpiter
1390 1705 1447 1745 ab
1480 1705 1573 1745 acie

110 1776 308 1829 refugiat,
350 1784 426 1817 aut
468 1777 511 1817 in
563 1778 654 1818 acie
697 1779 792 1830 ipsa
834 1779 990 1830 ignave
1033 1779 1310 1832 molliterque
1351 1793 1397 1820 se
1438 1786 1573 1833 gerat.

112 1849 223 1903 Quis
261 1864 361 1890 eum
400 1864 488 1890 non
522 1852 642 1890 omni
685 1851 879 1891 irrisione
914 1858 958 1891 et
992 1865 1125 1904 poena
1159 1853 1342 1905 dignum
1375 1853 1576 1905 judicet?

112 1923 288 1977 Nempe
331 1924 486 1964 eadem
528 1925 585 1964 sit
627 1925 822 1964 irrisione
864 1925 1093 1975 ludendus,
1128 1927 1283 1966 eadem
1326 1932 1369 1966 et
1410 1926 1577 1978 majore

111 2011 244 2050 poena
280 1997 550 2050 plectendus,
575 1998 649 2050 qui
687 2011 785 2038 cum
823 1998 867 2038 in
904 1998 1126 2039 literarum
1159 1999 1324 2049 studiis,
1352 2005 1396 2039 et
1426 1999 1575 2052 hujus-

111 2071 230 2111 modi
289 2071 592 2124 praesidiorum
656 2078 870 2124 apparatu
922 2073 1033 2112 vires
1096 2086 1249 2113 omnes
1306 2079 1575 2126 aetatemque

112 2145 458 2194 continuaverit;
492 2150 657 2198 postea,
691 2158 792 2185 cum
835 2145 892 2186 ad
934 2146 1170 2186 servandas
1212 2147 1380 2187 animas
1419 2147 1573 2199 juvan-

111 2218 278 2271 dasque
308 2225 490 2259 vocatus
522 2218 661 2267 fuerit,
700 2220 883 2272 ignavus
915 2225 1047 2272 atque
1085 2221 1198 2261 iners
1234 2221 1278 2260 in
1311 2234 1362 2260 eo
1395 2234 1574 2261 munere

113 2291 475 2344 deprehendatur.
538 2291 819 2344 Augustinus
851 2293 906 2332 ad
945 2293 1208 2333 Dioscorum
1242 2294 1282 2332 in
1320 2307 1365 2333 re
1399 2294 1529 2334 simili
1548 2292 1575 2334 :²

111 2365 401 2405 “Ridiculum
428 2365 531 2414 est,''
566 2366 717 2419 inquit,
751 2370 886 2406 “cum
918 2373 1151 2420 propterea
1183 2367 1404 2420 superflua
1435 2367 1574 2408 multa

111 2437 326 2488 didiceris,
345 2444 393 2478 ut
415 2439 494 2479 tibi
518 2452 644 2479 aures
665 2439 892 2480 hominum
916 2441 972 2480 ad
996 2441 1239 2482 necessaria
1260 2447 1572 2494 praeparentur,

112 2511 208 2564 ipsa
242 2513 486 2553 necessaria
518 2526 606 2553 non
638 2514 787 2563 teneri,
818 2514 977 2566 quibus
1009 2515 1281 2568 excipiendis
1318 2529 1391 2555 eas
1428 2529 1575 2568 persu-

113 2584 282 2637 perflua
317 2586 657 2639 praeparaveris:
704 2592 748 2626 et
784 2587 889 2626 dum
927 2589 1153 2641 occuparis
1189 2594 1238 2628 ut
1274 2588 1427 2639 discas,
1460 2589 1575 2629 unde

111 2657 245 2698 facias
286 2659 487 2710 intentos,
527 2659 643 2700 nolle
684 2660 860 2712 discere,
897 2661 1015 2714 quod
1065 2662 1320 2703 infundatur
1360 2659 1574 2702 intentis.”

116 2731 265 2785 Lege:
296 2732 400 2773 facit
431 2733 546 2773 enim
578 2733 635 2774 ad
667 2747 768 2776 rem.

203 2804 367 2856 Tertio,
411 2806 454 2846 id
507 2806 690 2860 intelligi
741 2813 889 2861 potest
937 2822 995 2849 ex
1036 2808 1294 2849 difficultate
1344 2805 1576 2847 revocandi

461 2893 472 2913 ¹
500 2903 512 2926 1
542 2896 619 2928 Cor.
644 2905 692 2929 12.
843 2896 857 2915 ²
881 2898 945 2939 Ep.
966 2897 1018 2939 56,
1038 2899 1080 2929 ad
1096 2898 1208 2929 Diosc.
