1903 3197
254 168 342 214 182
571 159 650 213 De
683 159 876 213 mlione
907 160 1098 214 vivendi
1131 163 1393 213 Socz'elatz's.

246 293 463 341 accidit.’'¹
543 297 650 341 Ideo
683 300 788 341 nihil
818 314 980 350 eorum,
1006 300 1156 354 inquit,
1180 313 1279 352 quae
1312 296 1562 339 acciderunt
1592 295 1739 336 illum¹

247 380 591 424 commoverunt,
624 374 727 415 licet
763 376 912 427 gravia
949 374 1023 415 illa
1059 380 1194 426 atque
1232 371 1522 413 intolerabilia
1559 375 1711 411 essent,

249 449 351 488 Hoc
402 462 507 502 ergo
558 448 639 489 fuit
688 451 980 490 tentationem
1034 453 1316 495 antevertere,
1363 458 1619 498 comparare
1669 458 1718 485 se

246 521 456 563 adv-ersus
499 537 608 571 eam,
647 524 765 571 dum,
803 537 857 564 ne
895 524 937 563 in
975 537 1071 563 eam
1111 523 1332 569 incideret,
1366 520 1626 560 verebatur:
1674 524 1717 559 et

247 596 331 636 hoc
375 597 533 638 timore
579 612 752 651 semper
799 599 983 651 quisque
1030 597 1163 637 debet
1210 609 1315 645 esse,
1353 609 1408 635 ne
1451 594 1717 646 imparatum

247 672 505 712 tentationis
537 673 601 712 vis
634 673 792 713 obruat
825 678 958 725 atque
990 676 1252 725 prosternat.

336 746 489 787 Tertia
538 748 795 787 tentationis
848 747 1014 799 species
1064 744 1313 798 appellatur
1363 743 1566 788 occulta;
1618 747 1719 782 sunt

249 821 365 861 enim
417 822 686 861 tentationes
729 822 946 874 quaedam,
991 834 1090 872 quze
1137 818 1466 859 deliberationis
1518 817 1718 856 ordinem

249 894 595 947 praeterfrigiunt,
651 896 903 946 sensimque
955 895 1151 946 irrepunt
1213 892 1338 932 nobis
1392 905 1479 931 non
1531 890 1721 930 sentien-

249 968 378 1007 tibus.
483 968 604 1007 Talis
679 967 791 1008 solet
858 981 952 1007 esse
1014 967 1203 1006 tentatio
1267 964 1558 1009 coenodoxiae,
1622 977 1721 1016 quae

250 1042 420 1082 occulte
463 1055 557 1081 sese
600 1041 803 1089 insinuat,
849 1041 1050 1092 quamvis
1093 1039 1285 1092 prudens
1327 1045 1370 1078 et
1413 1038 1612 1078 oculatus
1654 1037 1721 1077 sis.

252 1116 448 1155 Prudens
493 1115 608 1154 enim
653 1123 744 1155 erat
789 1115 947 1163 David,
993 1121 1036 1154 et
1082 1119 1233 1154 tamen
1280 1112 1465 1153 occultae
1508 1112 1723 1165 superbiae

250 1195 425 1229 tumore
468 1189 690 1242 deceptus,
743 1189 956 1242 populum
1007 1187 1134 1240 jubet
1177 1200 1365 1235 omnem,
1412 1186 1479 1226 cui
1527 1191 1745 1238 praeerat„

253 1262 531 1311 numerar132
585 1265 640 1304 de
692 1278 780 1316 quo
833 1262 1070 1316 Gregorius
1114 1263 1156 1301 in
1202 1261 1457 1305 Moralibus,
1503 1258 1724 1309 “David,’'

254 1338 407 1390 inquit,
454 1338 593 1377 “Deo
635 1343 749 1377 teste
801 1337 1018 1381 laudatus,
1061 1341 1328 1376 secretorum
1382 1335 1466 1374 Dei
1514 1334 1723 1380 conscius,

251 1418 426 1452 tumore
470 1413 709 1464 repentinae
753 1411 956 1451 elationis
997 1409 1184 1455 inflatus,
1229 1409 1396 1462 populu
1451 1408 1749 1448 numerando

252 1485 464 1538 peccavit,
507 1491 550 1525 et
601 1485 790 1538 populus
842 1497 1021 1537 poenam
1074 1483 1276 1535 suscepit,
1330 1482 1431 1534 quia
1483 1481 1726 1522 secundum

255 1558 412 1598 merita
464 1558 644 1610 plebum
692 1559 987 1611 disponuntur
1032 1558 1165 1597 corda
1208 1563 1437 1596 rectorum.
1523 1556 1641 1608 Quin
1684 1560 1728 1595 et

255 1634 351 1685 ipse
404 1633 563 1677 David,
621 1633 693 1673 ubi
753 1638 917 1685 apertae
973 1630 1254 1671 coenodoxia:
1312 1630 1475 1670 crimen
1532 1629 1725 1681 agnovit,

256 1707 502 1759 ingemuit:
556 1712 598 1747 et
652 1712 752 1759 post
794 1707 957 1746 factum
1014 1705 1145 1745 corde
1197 1718 1438 1757 percussus,
1492 1703 1754 1751 ‘Peccavi,''

258 1780 413 1833 inquit,
438 1780 589 1820 ‘valde
620 1781 662 1819 in
691 1780 774 1820 hoc
805 1780 943 1824 facto;
976 1779 1053 1818 sed
1083 1792 1247 1831 precor,
1284 1778 1488 1825 Domine,
1512 1782 1560 1816 ut
1589 1782 1731 1816 trans-

259 1854 373 1894 feras
416 1854 694 1906 iniquitatem
739 1855 848 1894 servi
893 1853 967 1901 tui,
1012 1853 1114 1905 quia
1156 1851 1290 1892 stulte
1332 1852 1400 1904 egi
1444 1850 1596 1890 nimis)
1673 1851 1731 1892 Et

260 1928 483 1982 perierunt
526 1929 581 1968 de
632 1928 811 1981 populo,
857 1941 991 1980 quam
1042 1926 1259 1966 numerari
1309 1926 1511 1977 jusserat,
1555 1930 1732 1978 septua-

261 2002 387 2056 ginta
424 2002 586 2043 millia:
621 2002 826 2042 nimirum
863 2016 917 2042 ne
949 2001 1046 2054 quis
1083 2001 1224 2041 levem
1263 1999 1437 2052 culpam
1477 2005 1603 2052 putet
1637 2013 1732 2040 esse

259 2077 522 2129 jactantiam
581 2091 631 2117 ac
687 2074 1038 2116 coenodoxiam.'‘
1133 2073 1303 2114 Eadem
1350 2073 1533 2113 occultae
1586 2087 1733 2114 coeno-

265 2151 416 2191 doxiae
462 2151 651 2191 tentatio
702 2150 894 2203 pulsavit
947 2148 1196 2197 Ezechiam,
1235 2147 1375 2187 virum
1428 2154 1630 2187 sanctum
1682 2161 1734 2188 ac

265 2224 541 2277 prudentem,
600 2237 699 2264 cum
774 2223 1122 2276 Babyloniorum
1189 2221 1345 2273 legatis
1409 2235 1510 2261 suos
1582 2234 1736 2261 omnes

264 2298 498 2339 thesauros
538 2298 742 2347 ostendit,
786 2297 950 2338 scilicet
991 2296 1143 2349 gloriae
1180 2309 1311 2336 causa
1348 2302 1391 2335 et
1429 2295 1763 2335 ostentationis-

266 2373 422 2412 inanis.
457 2376 479 2392 “
496 2372 695 2412 Laetatus
718 2371 819 2420 est‚''
845 2371 997 2424 inquit,
1021 2371 1097 2410 “in
1120 2369 1313 2410 adventu
1337 2382 1486 2408 eorum
1511 2367 1737 2416 Ezechias,

267 2452 312 2487 et
342 2446 536 2486 ostendit
565 2447 627 2487 eis
659 2446 842 2486 domum
873 2450 1134 2493 aromatum,
1165 2449 1209 2484 et
1241 2456 1395 2483 aurum
1428 2448 1472 2482 et
1505 2448 1736 2494 argentum

269 2525 314 2560 et
347 2521 576 2573 pigmenta
606 2520 738 2569 varia,
766 2525 991 2573 unguenta
1021 2532 1209 2572 quoque,
1241 2523 1285 2557 et
1316 2516 1500 2557 domum
1532 2528 1737 2556 vasorum

270 2607 466 2644 suorum,
487 2599 531 2634 et
562 2594 711 2634 omnia
737 2607 837 2646 quae
868 2593 1030 2634 habere
1061 2596 1237 2645 poterat
1268 2591 1312 2630 in
1343 2590 1559 2631 thesauris
1591 2586 1740 2631 suis.’'3

271 2668 511 2722 Propterea
542 2666 830 2721 reprehensus
862 2673 928 2708 est
959 2665 1115 2707 acriter
1145 2679 1171 2706 a
1203 2665 1399 2705 Domino
1433 2678 1511 2718 per
1544 2664 1738 2713 Esaiam,
1752 2698 1760 2703 Δ,

273 2743 529 2796 audivitque
561 2741 867 2795 hujuscemodi
901 2753 1150 2782 sermonem
1195 2739 1404 2780 Domini:
1458 2739 1614 2779 “Ecce
1647 2738 1760 2779 dies-

270 2817 463 2867 venient,
494 2824 538 2858 et
573 2816 826 2857 auferentur
859 2815 1008 2856 omnia
1045 2828 1145 2868 quae
1182 2820 1284 2855 sunt
1320 2814 1363 2853 in
1402 2813 1537 2854 domo
1573 2817 1661 2860 tua,
1697 2816 1744 2853 et

530 2904 542 2924 1
567 2906 652 2938 Ibid.
674 2913 704 2946 3.
842 2904 856 2923 ‘⁴'
878 2913 908 2937 2.
932 2906 1012 2945 Reg.
1035 2912 1087 2944 24.
1231 2901 1246 2921 3
1268 2912 1298 2943 4.
1322 2903 1404 2944 Reg.
1426 2910 1478 2933 20.
