1903 3197
585 148 664 194 De
696 147 1015 194 Pcmlt'lcntz'zk.
1445 159 1461 188 1
1475 153 1534 202 37

78 286 277 340 Quorum
301 283 485 323 aiterum
509 286 575 321 est
598 279 764 320 aversio
788 279 993 330 quaedam
1013 292 1037 317 a
1055 278 1154 317 Deo
1178 277 1365 317 Summo
1389 276 1534 326 B0n0;

76 359 261 400 alterum
284 364 431 397 autem
454 355 677 396 conversio
709 352 766 394 ad
796 366 846 392 ea
869 366 968 404 quae
1001 357 1102 391 sunt
1125 358 1281 391 creata.
1346 351 1534 391 Aversio

77 447 164 474 non
199 438 264 472 est
297 433 388 471 sine
420 429 512 482 ejus
544 429 617 481 qui
651 441 730 467 nos
762 426 922 466 creavit
956 425 1123 477 injuria,
1158 431 1201 465 et
1234 425 1326 476 ejus
1358 425 1536 465 honoris

77 506 379 554 dimiiiutione,
414 503 622 556 quoniam
658 501 712 541 ab
748 514 799 539 eo
838 499 1080 539 recedimus
1110 498 1183 549 qui
1217 504 1282 537 est
1315 511 1535 537 summum

77 580 255 628 bonum,
279 585 322 618 et
343 578 558 618 bonorum
582 575 778 615 omnium
803 573 921 612 fonte
945 571 1166 617 derelicto,
1198 570 1388 610 fodimus
1412 571 1537 609 nobis

1223 643 1234 666 ³
1301 644 1538 684 Conversio

79 656 99 672 ‘¹
117 654 336 701 cisternas,
359 665 457 703 quae
480 650 702 689 continere
725 661 812 687 non
835 646 984 686 valent
1016 644 1212 697 aquam.”

78 740 181 766 vero
213 725 268 765 ad
304 738 369 763 res
407 729 574 763 creatas
610 735 698 761 non
732 728 797 761 est
835 721 926 760 sine
958 720 1185 761 voluntate
1221 733 1272 759 ac
1306 718 1537 758 dulcedine

78 813 240 839 sensus
305 799 425 849 Ergo
457 797 500 837 id
532 810 676 849 poenae
709 810 847 849 genus
879 797 1109 848 optimum,
1135 796 1253 848 quod
1287 802 1330 835 et
1362 794 1539 834 honoris

79 872 178 912 Deo
220 871 369 911 oblato
422 870 624 922 injuriam
668 870 985 922 quodammodi
1033 870 1174 917 sarcit,
1219 875 1262 909 et
1303 867 1536 921 voluptarii

79 958 231 985 sensus
268 943 556 996 cupiditatem
594 945 730 996 punit.
794 942 903 983 Tale
942 950 1006 983 est
1043 942 1149 982 illud
1188 943 1305 995 quod
1342 948 1385 982 et
1419 942 1540 994 igno-

80 1019 260 1058 miniam
298 1019 493 1058 continet
529 1023 573 1057 et
606 1017 829 1057 dolorem:
878 1017 1178 1069 ignominiam,
1222 1030 1309 1068 qua
1349 1015 1538 1056 violatus

80 1092 221 1132 honos
248 1091 580 1144 quodammodo
612 1097 931 1143 compensetur,
957 1104 1034 1130 nec
1068 1091 1184 1130 enim
1216 1090 1347 1143 plane
1378 1095 1422 1130 et
1444 1103 1543 1129 vere

81 1165 354 1217 compensari
386 1170 534 1217 potest
566 1177 787 1216 unquam3
821 1163 1016 1203 dolorem
1049 1178 1162 1213 vero,
1186 1177 1274 1216 quo
1306 1163 1543 1215 castigetur

81 1244 125 1278 et
159 1239 364 1291 puniatur
396 1243 607 1290 percepta
640 1237 854 1289 voluptas.
920 1238 1057 1277 Poena
1092 1238 1224 1290 igitur
1258 1238 1341 1286 illa,
1367 1251 1464 1289 quae
1501 1242 1544 1276 et

80 1311 179 1364 plus
222 1310 475 1362 ignominiae
517 1311 712 1350 continet
749 1316 792 1350 et
830 1310 1003 1357 doloris
1034 1324 1084 1350 ea
1122 1311 1350 1363 aptissima
1386 1316 1452 1350 est
1488 1310 1544 1349 ad

81 1383 323 1423 dolendum
366 1383 727 1436 expiandumque
772 1390 1013 1436 peccatum.
1077 1384 1178 1435 Jam
1220 1397 1322 1423 vero
1364 1396 1543 1436 poenam

82 1456 337 1509 impositam
370 1456 468 1508 plus
499 1456 660 1496 habere
683 1456 921 1506 dedecoris,
945 1457 1220 1509 eandemque
1252 1457 1350 1510 plus
1383 1456 1545 1496 doloris

83 1530 252 1570 inurere
294 1529 450 1569 saltem
494 1530 652 1579 animo,
690 1544 823 1582 quam
862 1530 974 1570 ultro
1012 1536 1274 1583 susceptam,
1313 1530 1406 1582 jam
1445 1536 1547 1569 ante

83 1603 322 1652 docuimus,
366 1603 469 1655 quia
510 1609 553 1643 et
595 1617 652 1643 ex
705 1604 952 1656 improviso,
996 1611 1038 1645 et
1080 1611 1232 1645 contra
1272 1604 1546 1647 voluntatem

83 1677 172 1718 fere
208 1678 377 1718 accidit.
455 1678 522 1717 Ea
559 1678 690 1730 igitur
727 1679 868 1730 magis
904 1692 928 1718 a
966 1685 1147 1731 peccato
1186 1693 1265 1719 nos
1302 1678 1466 1731 expiat,
1505 1683 1549 1718 et

86 1751 227 1803 magis
253 1757 420 1803 purgat.

172 1823 441 1875 Quanquam
503 1829 651 1863 autem
716 1824 922 1876 imposita
988 1839 1122 1877 pcena
1187 1839 1365 1865 sensum
1428 1837 1546 1876 saepe

88 1912 176 1938 non
230 1898 371 1950 inagis
425 1897 546 1937 laedit
594 1903 638 1937 et
686 1898 921 1946 excruciat,
971 1912 1103 1949 quam
1160 1899 1274 1939 ultro
1331 1885 1546 1950 suscepta,

85 1978 237 2013 tamen
280 1972 420 2024 magis
463 1971 596 2011 afficit
638 1977 680 2011 et
722 1970 843 2011 laedit
892 1971 1100 2020 animum,
1145 1986 1244 2012 cum
1296 1973 1550 2012 adversetur

86 2044 312 2086 voluntati.
376 2044 516 2084 Dolor
549 2051 697 2084 autem
732 2045 866 2084 animi
901 2045 1042 2098 major
1079 2053 1144 2086 est
1177 2060 1310 2099 quam
1345 2046 1548 2099 corporIS,

86 2126 135 2161 ut
164 2133 295 2171 supra
324 2118 528 2177 diximus.
593 2117 766 2157 Deinde
800 2117 901 2158 licet
935 2119 1061 2159 dolor
1095 2133 1246 2160 sensus
1275 2121 1317 2159 in
1348 2125 1550 2172 suscepta

88 2208 168 2234 sua
200 2192 429 2233 voluntate
465 2205 598 2245 poena
634 2191 776 2244 major
809 2199 933 2240 esset,
967 2199 1118 2233 tamen
1153 2195 1255 2246 quia
1287 2194 1330 2234 in
1368 2199 1550 2247 peccato

91 2267 230 2308 multo
272 2266 413 2318 major
449 2271 515 2306 est
552 2266 719 2306 aversio
756 2279 781 2305 a
818 2266 927 2312 Deo,
966 2280 1099 2318 quam
1138 2268 1192 2308 ad
1230 2281 1321 2308 rem
1360 2274 1551 2309 creatam

90 2341 329 2393 adjunctio,
354 2340 513 2380 idcirco
536 2339 834 2393 ignominiam,
858 2354 956 2392 qua:
979 2342 1193 2381 aversioni
1217 2341 1276 2381 issi
1299 2341 1547 2395 respondet,

93 2415 233 2455 multo
256 2413 468 2466 majorem
492 2427 668 2453 necesse
691 2419 756 2453 est
779 2427 882 2462 esse,
907 2427 1040 2466 quam
1068 2415 1352 2456 inflictionem
1377 2415 1548 2455 doloris.

93 2488 208 2529 Cum
231 2495 379 2528 autem
411 2488 651 2540 ignominia
682 2487 831 2527 multis
863 2488 1061 2540 partibus
1093 2488 1235 2541 major
1256 2490 1322 2537 sit,
1347 2489 1436 2529 imo
1459 2488 1553 2529 sola

91 2575 210 2614 saepe
247 2562 304 2601 sit
340 2562 384 2601 in
421 2561 635 2614 impositis
672 2561 825 2614 poenis,
864 2575 997 2613 quam
1040 2562 1153 2602 ultro
1195 2563 1420 2616 susceptis,
1459 2562 1555 2614 jure

94 2636 298 2676 dicuntur
327 2635 412 2675 illae
442 2636 583 2688 magis
612 2648 690 2675 nos
713 2648 739 2674 a
760 2634 899 2688 culpis
931 2636 1149 2688 noxisque
1177 2650 1373 2689 purgare.
1437 2635 1554 2675 Con-

95 2709 295 2750 firmatur
331 2723 387 2749 ex
431 2708 715 2749 similitudine
756 2710 1015 2749 sacramenti
1053 2709 1341 2757 Poenitentiae,
1381 2709 1424 2747 in
1466 2721 1554 2759 quo

97 2784 190 2824 sine
222 2783 494 2833 verecundia,
527 2782 785 2833 humilitate,
818 2790 861 2823 et
895 2783 1108 2823 dedecore
1145 2782 1428 2823 confessionis
1465 2795 1550 2821 non

742 2872 755 2892 ³
777 2873 843 2914 Jer.
865 2881 895 2904 2.
