1903 3197
377 144 631 191 Patientia
664 145 869 206 exemplo
905 144 954 190 S.
972 144 1072 207 Job
1106 143 1402 191 assumenda.
1529 156 1620 205 575

166 280 269 331 ipsa,
305 284 353 319 ut
394 292 525 331 supra
560 277 768 325 diximus,
800 290 888 317 non
930 277 1064 317 modo
1107 276 1196 316 ulla
1230 276 1308 316 viri
1351 276 1631 317 miseratione

165 352 440 404 tangebatur,
474 351 550 391 sed
594 350 686 402 ejus
723 349 910 389 halitum
955 349 1234 390 exhorrebat.
1316 348 1469 402 Quid?
1512 351 1631 402 quod

165 425 298 465 etiam
340 425 540 465 convitiis
580 422 903 476 proscindebat,
940 422 1360 475 simplicitatemque
1402 422 1461 462 illi
1503 437 1628 463 suam

165 499 453 551 exprobabat,
488 504 542 547 et,
577 497 695 549 quod
743 496 1026 536 deterrimum
1070 502 1146 543 est,
1183 496 1238 535 ad
1286 496 1436 536 odium
1479 503 1631 537 contra

167 572 313 611 Deum
348 570 673 611 exstimulabat.
751 567 1013 618 “Benedic,’'
1048 569 1199 620 inquit,
1231 572 1254 589 “
1269 569 1427 615 Deum,
1462 575 1506 609 et
1539 583 1631 610 mo-

163 645 277 685 rere.'
353 645 423 685 De
464 658 552 697 qua
595 643 831 696 Gregorius
872 641 1053 682 Theol.:
1088 641 1242 682 “Cum
1289 642 1439 690 esset,''
1478 643 1630 695 inquit,

163 718 283 770 “Job
315 717 543 758 insanabili
576 718 802 769 invisaque
834 715 966 769 plaga
999 721 1263 764 cruentatuS,
1297 714 1491 755 habebat
1528 729 1630 755 con-

282 645 290 660 5

157 791 321 843 jugem,
355 804 453 843 quae
495 790 552 830 ad
594 789 824 830 solandam
866 789 1166 829 calamitatem
1209 789 1389 829 tetriora
1423 789 1628 841 qufedam

162 863 438 913 adhibebat;
490 863 745 904 exulcerato
796 863 912 903 enim
965 876 1159 915 corpore,
1204 862 1400 902 animum
1454 876 1630 914 quoque

162 939 414 978 exulcerare
436 951 704 991 magnopere
726 936 980 978 nitebatur.’'
1013 937 1072 976 Et
1097 936 1442 989 Chrysostomus
1461 950 1467 975 :
1486 935 1628 988 “Quae

161 1011 362 1063 conjux,“
405 1012 557 1064 inquit,
604 1015 742 1060 “erat,
787 1010 964 1051 diabolo
1016 1011 1200 1050 efficitur
1241 1009 1390 1058 telum,
1434 1010 1629 1062 dumque

161 1085 340 1126 diabolo
374 1085 568 1138 linguam
603 1083 858 1124 commodat
892 1097 1030 1132 suam,
1062 1084 1104 1123 in
1132 1083 1271 1123 virum
1306 1083 1492 1135 sagittas
1526 1096 1629 1122 con-

161 1157 372 1211 torquet.’'
455 1157 591 1209 Cujus
623 1157 769 1198 stultae
800 1157 995 1197 foeminae
1028 1156 1246 1209 longiores
1279 1156 1477 1208 querelas
1509 1155 1627 1208 apud

162 1231 456 1284 Septuaginta
497 1231 645 1271 videre
681 1231 794 1279 licet,
838 1245 870 1270 c.
917 1241 951 1269 2.
996 1230 1039 1269 in
1083 1235 1239 1270 catena
1282 1243 1435 1282 graeca.
1515 1228 1627 1281 Quae

162 1305 339 1357 quidem
397 1305 545 1344 omnia
601 1304 884 1344 vehementer
940 1304 1247 1357 aegritudinem
1305 1316 1629 1354 moeroremque

159 1379 366 1430 patientis
397 1378 737 1431 amplificabant.
801 1378 871 1417 De
913 1377 1077 1418 intimis
1103 1377 1282 1428 quidem
1321 1375 1391 1415 ille
1433 1377 1493 1416 ita
1525 1390 1627 1416 con-

160 1453 379 1504 queritur:
406 1451 703 1492 “Abominati
741 1456 842 1491 sunt
879 1464 949 1490 me
986 1450 1211 1503 quondam
1245 1449 1476 1489 consiliarii
1515 1450 1627 1498 mei,

161 1531 204 1566 et
233 1539 364 1578 quem
397 1526 594 1566 maxime
625 1524 876 1578 diligebam,
900 1530 1124 1564 aversatus
1158 1529 1223 1563 est
1256 1523 1362 1572 me,”
1385 1536 1476 1575 cap.
1509 1534 1567 1574 19.

248 1598 366 1651 Quid
404 1599 460 1638 de
497 1599 733 1639 solantium
770 1598 966 1638 dicemus
1003 1597 1189 1637 officiis?
1228 1596 1441 1648 numquid
1479 1596 1535 1635 ab
1568 1598 1629 1635 eis

160 1671 302 1712 solatii
337 1672 502 1725 aliquid
539 1672 802 1713 haurIebat?
844 1671 1059 1723 numquid
1098 1683 1248 1710 eorum
1284 1669 1626 1709 misericordiam

162 1760 249 1786 non
279 1746 572 1786 desideravit?
636 1745 766 1786 Certe
795 1750 882 1785 tres
915 1744 1043 1785 amici
1077 1744 1168 1796 ejus
1202 1756 1325 1795 reges
1358 1742 1628 1782 insultabant

162 1820 210 1868 ei,
232 1825 280 1859 ut
303 1819 462 1860 dicitur
476 1819 630 1859 Tobiae
655 1830 702 1868 2.,
717 1818 819 1858 licet
841 1817 1092 1858 condixisse
1115 1817 1327 1864 dicantur,
1346 1815 1443 1855 “Ut
1466 1816 1626 1867 pariter

162 1894 385 1934 venientes
407 1893 634 1933 visitarent
663 1905 763 1932 eum
791 1897 837 1932 et
860 1891 1190 1931 consolarentur
1209 1889 1243 1929 :‘''
1268 1889 1373 1942 quid
1397 1889 1512 1928 enim
1536 1889 1628 1941 ipse

162 1967 278 2015 dicit,
310 1981 402 2019 cap.
434 1967 517 2006 16?
579 1965 926 2006 “Consolatores
957 1964 1129 2004 onerosi
1162 1977 1317 2003 omnes
1348 1976 1426 2002 vos
1459 1962 1625 2011 estis;''

161 2047 204 2081 et
238 2054 270 2080 e.
308 2051 368 2092 19,
400 2040 684 2092 “Usquequo
721 2038 914 2092 affligitis
946 2038 1140 2078 animam
1174 2050 1331 2084 meam,
1367 2042 1409 2075 et
1439 2036 1627 2075 atteritis

162 2127 232 2154 me
255 2113 554 2154 sermonibus:
587 2125 652 2162 en,
679 2112 823 2152 decies
855 2110 1120 2151 confunditis
1154 2123 1235 2159 me,
1258 2115 1301 2149 et
1333 2122 1421 2148 non
1453 2109 1626 2148 erubes-

162 2188 259 2227 citis
282 2187 580 2240 opprimentes
603 2185 708 2226 me.'’
772 2185 851 2235 Et;
886 2187 906 2205 “
922 2184 1095 2236 Nempe
1119 2184 1198 2223 etsi
1222 2182 1428 2235 ignoravi,
1453 2195 1625 2221 mecum

162 2261 241 2300 erit
263 2261 510 2313 ignorantia
533 2273 631 2300 mea
652 2273 659 2299 :
692 2265 738 2299 at
759 2272 836 2299 vos
858 2263 1011 2298 contra
1034 2271 1103 2297 me
1126 2255 1354 2308 erigimini,
1380 2261 1423 2294 et
1446 2255 1627 2306 arguitis

163 2347 233 2373 me
255 2333 500 2386 opprobriis
524 2331 667 2372 meis.'’
728 2332 788 2372 Et
811 2330 932 2379 infra,
956 2329 1085 2370 valde
1108 2328 1450 2368 misericordiam
1476 2340 1624 2367 eorum

162 2406 409 2446 desiderat:
446 2405 752 2445 “Miseremini
785 2404 882 2453 mei,
915 2401 1179 2443 miseremini
1214 2401 1310 2451 mei,
1351 2400 1507 2440 saltem
1549 2414 1627 2440 vos

163 2479 290 2518 amici
324 2479 420 2527 mei,
444 2479 547 2531 quia
579 2492 735 2519 manus
768 2476 950 2518 Domini
982 2476 1129 2528 tetigit
1159 2488 1238 2514 me.
1304 2473 1452 2526 Quare
1483 2486 1628 2525 perse-

163 2552 345 2604 quimini
389 2565 459 2591 me
500 2552 611 2591 sicut
652 2551 786 2600 Deus,
819 2556 862 2590 et
899 2549 1102 2589 carnibus
1145 2548 1254 2587 meis
1297 2543 1624 2587 saturamini?''

166 2624 381 2664 Carnibus
413 2629 560 2664 autem
593 2623 912 2671 saturabantur,
936 2622 1038 2674 quia
1067 2634 1167 2661 cum
1191 2620 1363 2659 dolores
1390 2618 1483 2670 ejus
1513 2617 1627 2656 miti-

163 2711 267 2750 gare
318 2697 501 2738 solando
553 2696 816 2744 debuissent,
871 2695 1119 2735 maluerunt
1176 2706 1335 2745 augere
1391 2691 1590 2731 convitiis
1617 2704 1625 2729 :

164 2770 281 2822 quod
330 2770 639 2810 detestandum
687 2767 956 2809 crudelitatis
1009 2773 1075 2807 est
1119 2779 1268 2818 genus.
1352 2764 1422 2804 De
1473 2763 1627 2803 iisdem

164 2843 314 2883 amicis
338 2844 408 2883 ille
431 2844 548 2893 dicit,
571 2856 602 2883 c.
627 2842 664 2883 6.
713 2842 977 2882 “Venerunt
1009 2852 1186 2892 quoque
1217 2851 1356 2890 usque
1388 2836 1444 2877 ad
1478 2849 1559 2885 me,
1584 2841 1628 2875 et
