1903 3197
413 181 646 226 Sludz'mn
683 180 914 226 servanda·
950 181 994 226 C
991 182 1334 228 onstz'tntz‘cmes.
1552 199 1568 230 1
1584 197 1609 244 7

137 314 439 355 observatione
462 313 750 353 discedamus.
815 312 1076 352 Constantia
1099 314 1262 366 quippe
1286 314 1602 356 firmitudinem

136 389 358 441 quandam
393 387 525 426 animi
569 386 773 438 designat
808 399 859 425 ac
894 391 1030 433 notat,
1067 393 1110 426 et
1144 393 1280 427 tenax
1318 389 1361 427 in
1399 396 1605 443 suscepta

138 461 354 502 sententia
394 460 682 512 propositum,
725 458 855 510 quale
907 459 1013 498 illud
1069 460 1253 500 Davidis
1296 461 1338 500 in
1381 463 1605 504 servandis

140 535 319 576 Domini
354 533 574 574 mandatis
616 539 751 584 atque
789 532 1021 584 praeceptis
1042 531 1066 581 ;1
1098 533 1171 584 qui
1207 533 1382 574 dicebat
1418 536 1602 586 “Juravi

136 616 178 650 ct
200 608 332 649 statui
355 607 573 647 custodire
588 606 950 658 judiciajustitiae
973 605 1096 646 tuae.''
1133 607 1222 647 Ubi
1243 607 1429 647 Basilius
1449 622 1456 648 :
1482 609 1601 660 jura-

137 688 343 729 mentum,
396 681 546 732 inquit,
599 680 715 719 dixit
767 679 942 718 firmum
995 680 1129 719 animi
1182 681 1471 733 propositum,
1515 696 1605 734 quo

135 757 353 810 pleraeque
395 768 537 794 rerum
580 754 872 793 humanarum
917 753 1241 793 confirmantur.
1311 755 1432 794 Talis
1475 756 1607 808 igitur

133 830 266 870 animi
304 828 486 868 firmitas
518 827 694 879 taleque
727 826 1002 879 propositum
1041 827 1083 866 in
1116 826 1493 868 Constitutionum
1527 829 1607 869 ob-

132 903 374 944 servatione
397 902 636 953 requiritur.
705 900 804 952 Qua
837 900 1088 939 conditione
1116 900 1464 953 deprehenditur
1489 916 1607 943 error

133 991 293 1023 eorum,
331 976 404 1028 qui
441 975 508 1014 vel
550 975 694 1027 pravis
737 974 923 1014 aliorum
968 974 1185 1026 exemplis
1228 982 1303 1015 aut
1345 976 1498 1024 verbis,
1537 977 1605 1016 vel

134 1050 416 1091 inflammatis
448 1048 772 1101 cupiditatibus,
796 1047 863 1087 vel
897 1049 1030 1087 etiam
1062 1048 1379 1101 defatigatione
1410 1050 1602 1101 quadam

131 1124 264 1165 animi
294 1124 350 1163 ab
379 1128 581 1162 accurata
615 1122 760 1174 legum
797 1121 998 1161 custodia
1032 1121 1157 1161 facile
1191 1130 1474 1172 revocantur;
1515 1137 1602 1164 non

131 1199 247 1239 enim
270 1197 439 1244 desunt,
462 1196 535 1247 qui
570 1208 669 1234 cum
705 1195 777 1234 diu
814 1196 858 1234 in
897 1209 1045 1234 earum
1080 1196 1227 1235 studio
1262 1203 1395 1248 atque
1428 1198 1597 1237 exerci-

130 1273 296 1312 tatione
337 1270 493 1309 versati
538 1275 649 1315 sunt,
689 1274 845 1320 postea
888 1270 1013 1320 quasi
1057 1269 1287 1322 defatigati
1332 1271 1598 1321 lassescant;

131 1359 209 1385 nec
231 1344 287 1384 ad
320 1349 569 1383 extremum
594 1355 732 1393 usque
763 1343 1059 1381 constantiam
1084 1348 1275 1383 teneant.
1341 1343 1602 1385 Constantia

128 1419 259 1471 igitur
281 1417 521 1469 requiritur,
545 1430 644 1468 quae
666 1421 761 1455 tum
786 1415 1050 1467 repellendiS
1073 1415 1244 1455 fortiter
1265 1418 1598 1468 tentationibus,

128 1499 222 1532 tum
258 1492 313 1531 ad
351 1497 601 1531 extremum
637 1503 778 1541 usque
815 1489 857 1528 in
893 1490 1049 1529 eadem
1085 1489 1464 1530 Constitutionum
1500 1506 1600 1533 cura

128 1564 448 1618 perseverando
471 1563 726 1603 declaratur.
792 1563 936 1602 Pariet
966 1568 1114 1602 autem
1148 1563 1260 1603 hanc
1291 1566 1599 1613 constantiam,

129 1645 176 1680 ut
207 1639 314 1678 infra
339 1638 545 1685 dicemus,
571 1636 849 1689 perfectionis
871 1650 1021 1686 amor;
1055 1650 1154 1688 quae
1179 1638 1360 1688 quidam
1388 1639 1600 1690 perfectio

131 1712 508 1753 Constitutionum
532 1710 837 1750 observatione
860 1710 1118 1750 continetur.

215 1786 364 1825 Tertia
405 1784 625 1824 conditio:
672 1784 904 1836 requiritur
940 1784 1175 1823 solicitudo
1210 1790 1252 1824 et
1287 1785 1518 1837 diligentia
1555 1787 1598 1826 in

129 1858 426 1899 custodiendis
463 1858 776 1909 servandisque
810 1857 1224 1897 Constitutionibus.
1296 1858 1409 1898 Haec
1446 1865 1596 1899 autem

130 1932 410 1972 incumbendi
438 1931 570 1971 verbo
600 1930 871 1980 declaratur;
913 1931 1206 1978 “constanti,''
1231 1931 1385 1982 inquit,
1412 1933 1599 1974 “animo

129 2004 486 2046 incumbanms'':
525 2006 598 2056 qui
623 2005 738 2044 enim
764 2004 978 2044 incumbit
1002 2005 1045 2043 in
1069 2018 1159 2043 rem
1184 2004 1388 2056 aliquam,
1412 2010 1533 2045 totus
1555 2006 1599 2046 in

128 2093 180 2120 ea
221 2086 296 2127 est,
341 2080 468 2131 eique
510 2079 705 2118 intentus
756 2078 885 2117 rebus
937 2077 1031 2116 aliis
1078 2091 1165 2117 non
1208 2078 1436 2118 detinetur.
1524 2078 1596 2119 Sic

127 2153 408 2193 incumbebat
450 2152 492 2191 in
539 2151 681 2204 legem
727 2151 920 2199 Domini,
963 2151 1038 2202 qui
1080 2149 1289 2199 dicebat,2
1322 2151 1599 2204 “Quomodo

130 2226 266 2267 dilexi
306 2226 448 2278 legem
471 2231 606 2273 tuam,
630 2230 726 2265 tota
759 2225 829 2264 die
860 2224 1091 2264 meditatio
1121 2238 1220 2264 mea
1250 2224 1351 2264 est.''
1430 2225 1598 2278 Magna

128 2300 220 2352 ejus
272 2300 469 2353 profecto
520 2298 766 2347 solicitudo,
809 2298 883 2350 qui
926 2304 1070 2337 totum
1114 2297 1231 2337 diem
1284 2297 1595 2347 meditabatur,

127 2374 503 2426 quemadmodum
547 2373 690 2425 legem
735 2372 917 2412 Domini
960 2372 1210 2411 custodiret.
1297 2371 1396 2412 Hac
1445 2379 1593 2413 autem

127 2448 377 2489 conditione
408 2446 716 2486 insimulantur
748 2446 787 2494 ii,
819 2446 903 2498 qui,
940 2445 1040 2485 licet
1072 2445 1365 2485 constantiam
1399 2445 1593 2498 aliquam

127 2522 170 2561 in
231 2521 453 2562 servandis
513 2520 914 2560 Constitutionibus
978 2525 1126 2559 tenere
1188 2519 1430 2568 videantur,
1494 2533 1593 2560 eam

126 2601 275 2635 tamen
316 2595 636 2635 solicitudinem
680 2608 766 2635 non
809 2594 1033 2643 adhibent,
1069 2607 1202 2646 quam
1249 2606 1328 2646 par
1375 2599 1467 2643 est;
1514 2594 1592 2635 sed

130 2670 395 2709 remissiores
437 2669 656 2709 interdum
692 2675 804 2717 sunt,
844 2674 887 2708 et
922 2682 1000 2708 usu
1036 2668 1183 2721 potius
1218 2668 1424 2720 quodam,
1458 2681 1592 2720 quam

131 2743 273 2784 studio
303 2743 540 2795 deditaque
569 2756 702 2795 opera
726 2742 1076 2783 Constitutiones
1106 2747 1290 2781 servant.
1354 2741 1591 2793 Propterea

129 2816 260 2869 igitur
296 2818 338 2856 in
374 2817 700 2858 Constitutione
743 2817 902 2857 dicitur
940 2815 1285 2856 “incumbamus
1308 2814 1352 2865 ;''
1395 2814 1591 2855 studium

602 2905 612 2925 ¹
639 2907 690 2939 Ps.
717 2905 786 2938 118.
924 2905 937 2924 ²
962 2906 1014 2937 Ps.
1040 2904 1109 2936 118.

300 2967 327 2997 C
