1903 3197
678 149 756 194 De
793 149 1038 196 Caslz'tczle.
1088 214 1090 216 v
1499 164 1524 207 3
1534 163 1587 210 51

128 283 230 324 “Ut
272 282 454 331 oleum,'’
507 282 659 334 inquit,
705 284 860 320 “mare
912 282 1044 320 etiam
1097 281 1282 320 invitum
1325 281 1430 321 facit
1472 288 1591 321 tran-

127 357 321 410 quillum,
368 357 428 397 sic
475 356 689 408 jejunium
742 354 937 393 nolentia
989 367 1164 405 quoque
1225 368 1276 394 ac
1327 355 1587 395 reluctantia

128 432 319 484 corporis
348 430 561 470 incentiva
591 425 880 480 restinguit.’'1
944 427 1159 478 Idemque
1185 427 1272 466 ait:
1307 428 1430 479 “Qui
1461 428 1592 468 forni-

127 505 311 546 cationis
361 503 560 557 spiritum
611 502 782 541 vincere
832 500 935 548 vult,
984 500 1089 539 dum
1132 501 1271 539 ventri
1325 501 1590 553 obsequitur,

129 581 308 634 perinde
360 578 499 618 facere
547 590 597 616 ac
643 575 677 615 si
724 574 821 615 oleo
873 574 1100 613 flammam
1145 574 1414 625 extinguat.''
1492 575 1592 614 Hoc

127 652 407 694 abstinentiae
435 650 628 690 remedio
662 649 868 688 adversus
903 647 1131 687 libidinem
1169 647 1234 686 usi
1264 653 1365 686 sunt
1397 647 1592 700 plerique

129 729 404 773 Sanctorum,
437 737 546 776 quos
588 737 675 762 non
714 735 889 761 necesse
932 721 1075 760 habeo
1114 720 1310 771 singulos
1354 722 1592 761 nominare.

131 802 231 841 Hoc
269 800 578 849 Hieronymus,
615 797 688 848 qui
723 796 778 835 ad
816 795 1109 834 Eustochium
1147 795 1208 834 ita
1242 795 1298 834 de
1333 808 1379 833 se
1417 795 1594 836 scribit:

131 873 397 914 “Pallebant
438 885 513 911 ora
542 870 730 922 jejuniis,
763 875 806 908 et
839 874 1157 921 repugnantem
1202 881 1378 907 carnem
1431 868 1598 909 hebdo-

130 949 357 988 madarum
383 945 528 985 inedia
549 942 879 995 subjugabam.'’
946 942 1046 982 Hoc
1069 948 1172 981 ante
1204 943 1347 994 ipsum
1380 942 1597 991 Hilarion,

129 1023 250 1074 cujus
282 1019 589 1065 adolescentia,
613 1031 712 1057 cum
746 1017 888 1056 carnis
918 1016 1170 1055 titillaretur
1200 1015 1375 1065 aculeis,
1399 1016 1480 1055 sibi
1514 1017 1595 1069 ipsi

130 1096 413 1136 vehementer
434 1093 567 1132 iratus
586 1105 593 1130 :
619 1095 640 1110 “
657 1091 754 1143 Ego
777 1090 853 1138 te,'’
879 1090 1030 1141 inquit,
1053 1089 1220 1129 “aselle
1244 1089 1413 1138 faciam,
1439 1095 1486 1128 ut
1509 1103 1596 1129 non

130 1169 346 1217 calcit1·es;
382 1180 460 1206 nec
491 1171 533 1204 te
562 1164 728 1204 hordeo
761 1163 889 1211 alam,
919 1164 994 1202 sed
1027 1162 1186 1215 paleis;
1214 1162 1429 1214 fameque,
1454 1176 1504 1202 ac
1527 1163 1597 1202 siti

131 1240 394 1283 conficiam.''
430 1240 522 1278 Nec
541 1238 675 1284 aliter,
693 1251 824 1289 quam
846 1237 1073 1276 minitatus
1092 1242 1167 1285 est,
1187 1236 1308 1285 fecit,
1335 1236 1597 1276 “herbarum

132 1316 247 1356 enim
280 1327 421 1362 succo,
449 1318 496 1352 ut
531 1311 831 1362 Hieronymus
865 1310 1024 1358 scribit,
1056 1315 1098 1349 et
1132 1310 1282 1362 paucis
1316 1310 1465 1349 caricis
1498 1316 1599 1362 post

132 1389 324 1429 triduum
347 1386 415 1426 vel
448 1384 729 1437 quatriduum
760 1383 1037 1423 deficientem
1066 1383 1259 1422 animam
1283 1383 1598 1423 sustentabat.''

132 1464 292 1503 Narrat
344 1461 476 1500 etiam
530 1459 573 1498 B.
608 1458 828 1509 Jordanus
880 1457 935 1496 de
984 1470 1087 1496 sene
1129 1456 1337 1508 quodam,
1380 1458 1453 1509 qui
1497 1471 1596 1496 cum

133 1537 309 1577 fratrem
332 1538 672 1586 conquerentem
697 1532 903 1579 audisset,
927 1531 1046 1582 quod
1079 1531 1225 1582 pravis
1258 1531 1599 1582 cogitationibus

133 1614 485 1664 oppugnaretur:
521 1604 685 1658 “Ego,''
710 1605 862 1656 inquit,
881 1608 1137 1656 “nunquam
1166 1604 1412 1643 istiusmodi
1436 1604 1601 1656 cogita-

133 1684 324 1724 tionibus
353 1686 636 1734 oppugnatus
669 1677 800 1718 sum.''
861 1678 974 1718 Cum
1005 1678 1076 1717 ille
1107 1679 1346 1726 miraretur,
1375 1691 1425 1717 ac
1454 1677 1604 1729 potius

135 1757 297 1799 offendi
340 1769 391 1795 eo
434 1755 563 1801 dicto,
597 1759 809 1805 tanquam
851 1752 1041 1792 hominis
1078 1753 1335 1804 arrogantis,
1369 1751 1603 1801 videretur,

134 1840 228 1873 tum
261 1842 423 1870 senex:
457 1827 711 1866 “Nimirum
750 1825 868 1878 ego,'’
900 1826 1051 1878 inquit,
1076 1830 1168 1865 “ex
1202 1839 1289 1877 quo
1327 1825 1467 1865 factus
1501 1838 1598 1864 sum

136 1903 387 1952 monachus,
412 1916 491 1942 nec
514 1914 638 1954 pane,
665 1914 744 1939 nec
766 1913 891 1951 aqua,
918 1913 997 1938 nec
1020 1912 1176 1938 somno
1200 1899 1384 1938 satiatus
1407 1911 1601 1950 unquam

135 1977 267 2020 sum.''

225 2053 277 2092 Id
320 2051 438 2103 quod
476 2050 531 2090 ad
568 2055 722 2102 potum
760 2048 928 2095 attinet,
960 2047 1076 2087 idem
1114 2047 1158 2087 B.
1186 2047 1486 2098 Hieronymus
1517 2045 1602 2087 hoc

138 2126 378 2167 Eustochio
407 2124 561 2176 virgini
595 2123 671 2162 dat
704 2122 882 2171 consilii,
906 2127 954 2161 ut
985 2135 1063 2160 suo
1102 2120 1309 2173 exemplo
1338 2120 1488 2160 vinum
1521 2134 1600 2173 pro

135 2214 303 2241 veneno
344 2199 493 2251 fugiat.
577 2196 661 2238 “Si
704 2196 846 2248 quid,‘'
889 2195 1040 2247 inquit,
1085 2195 1164 2233 “in
1207 2207 1278 2233 me
1319 2199 1466 2246 potest
1508 2208 1603 2234 esse

136 2274 315 2322 consilii,
358 2273 392 2312 si
442 2278 626 2325 experto
678 2270 878 2318 creditur,
924 2269 1007 2309 hoc
1058 2269 1250 2321 primum
1302 2281 1472 2315 moneo,
1518 2267 1602 2308 hoc

137 2350 343 2397 obtestor,
367 2354 415 2388 ut
446 2360 608 2400 sponsa
642 2345 804 2386 Christi
826 2345 975 2384 vinum
1009 2343 1147 2395 fugiat
1179 2356 1258 2395 pro
1280 2341 1485 2382 veneno.''
1541 2342 1602 2383 Et

139 2437 280 2463 mox:
324 2422 524 2462 “Vinum
577 2426 620 2460 et
669 2418 966 2459 adolescentia
1018 2417 1184 2469 duplex
1237 2423 1303 2456 est
1351 2416 1600 2456 incendium

137 2497 385 2549 voluptatis.
438 2494 556 2547 Quid
580 2494 725 2534 oleum
756 2493 946 2533 flammae
977 2491 1232 2543 adjicimus!
1280 2490 1399 2543 Quid
1432 2490 1601 2530 ardenti

139 2570 395 2623 corpusculo
418 2569 614 2609 fomenta
637 2568 804 2620 ignium
829 2564 1177 2606 ministramus?”
1215 2564 1346 2617 Quod
1371 2564 1600 2604 consilium

140 2644 335 2683 maxime
357 2643 413 2683 ad
442 2643 621 2694 juvenes
645 2647 841 2694 spectat;
874 2653 989 2688 nam,
1014 2645 1061 2679 ut
1085 2639 1201 2678 idem
1228 2639 1289 2678 ait
1311 2638 1366 2677 ad
1398 2637 1574 2677 Furiam
1594 2650 1601 2676 :

140 2717 278 2757 “Non
314 2716 478 2756 AEtnaei
511 2716 644 2768 ignes,
677 2728 763 2755 non
792 2714 993 2754 vulcania
1026 2713 1166 2762 tellus,
1199 2726 1287 2752 non
1310 2711 1527 2751 Vesuvius
1560 2715 1605 2750 et

143 2791 362 2844 Olympus
403 2790 537 2830 tantis
574 2789 800 2829 ardoribus
832 2794 1033 2835 aestuant,
1068 2793 1115 2827 ut
1149 2785 1363 2838 juveniles
1401 2783 1604 2824 medullae

764 2876 776 2896 ¹
801 2878 901 2909 Grad.
924 2884 975 2916 27.
