<?xml version="1.0" encoding="UTF-8"?>
<!DOCTYPE html PUBLIC "-//W3C//DTD XHTML 1.0 Transitional//EN"
    "http://www.w3.org/TR/xhtml1/DTD/xhtml1-transitional.dtd">
<html xmlns="http://www.w3.org/1999/xhtml" xml:lang="en" lang="en">
 <head>
  <title>
</title>
<meta http-equiv="Content-Type" content="text/html;charset=utf-8" />
  <meta name='ocr-system' content='tesseract 3.04.00' />
  <meta name='ocr-capabilities' content='ocr_page ocr_carea ocr_par ocr_line ocrx_word'/>
</head>
<body>
  <div class='ocr_page' id='page_1' title='image "./nicolaiorlandini00orla/nicolaiorlandini00orla_0325.png"; bbox 0 0 1903 3197; ppageno 0'>
   <div class='ocr_carea' id='block_1_1' title="bbox 654 134 1563 193">
    <p class='ocr_par' dir='ltr' id='par_1_1' title="bbox 654 134 1563 193">
     <span class='ocr_line' id='line_1_1' title="bbox 654 134 1563 193; baseline 0.001 -14"><span class='ocrx_word' id='word_1_1' title='bbox 654 135 732 180; x_wconf 80' lang='lat' dir='ltr'>De</span> <span class='ocrx_word' id='word_1_2' title='bbox 765 134 879 179; x_wconf 70' lang='lat' dir='ltr'>Exa</span> <span class='ocrx_word' id='word_1_3' title='bbox 885 135 1021 181; x_wconf 71' lang='lat' dir='ltr'>mine.</span> <span class='ocrx_word' id='word_1_4' title='bbox 1467 148 1529 192; x_wconf 84' lang='lat'>30</span> <span class='ocrx_word' id='word_1_5' title='bbox 1539 148 1563 193; x_wconf 88' lang='lat'><strong>5</strong></span> 
     </span>
    </p>
   </div>
   <div class='ocr_carea' id='block_1_2' title="bbox 97 264 1570 2823">
    <p class='ocr_par' dir='ltr' id='par_1_2' title="bbox 104 264 1570 686">
     <span class='ocr_line' id='line_1_2' title="bbox 105 264 1570 321; baseline -0.004 -11"><span class='ocrx_word' id='word_1_6' title='bbox 105 270 263 310; x_wconf 85' lang='lat' dir='ltr'>nostris</span> <span class='ocrx_word' id='word_1_7' title='bbox 295 268 487 321; x_wconf 78' lang='lat' dir='ltr'>lapsibus</span> <span class='ocrx_word' id='word_1_8' title='bbox 519 280 605 307; x_wconf 91' lang='lat' dir='ltr'>non</span> <span class='ocrx_word' id='word_1_9' title='bbox 628 272 720 306; x_wconf 90' lang='lat' dir='ltr'>tam</span> <span class='ocrx_word' id='word_1_10' title='bbox 754 266 928 306; x_wconf 88' lang='lat' dir='ltr'>moerori</span> <span class='ocrx_word' id='word_1_11' title='bbox 951 267 1241 318; x_wconf 59' lang='lat' dir='ltr'>tristitiaeque,</span> <span class='ocrx_word' id='word_1_12' title='bbox 1265 278 1397 318; x_wconf 87' lang='lat' dir='ltr'>quam</span> <span class='ocrx_word' id='word_1_13' title='bbox 1426 264 1570 305; x_wconf 87' lang='lat' dir='ltr'>humi—</span> 
     </span>
     <span class='ocr_line' id='line_1_3' title="bbox 105 339 1569 392; baseline -0.003 -10"><span class='ocrx_word' id='word_1_14' title='bbox 105 344 216 383; x_wconf 81' lang='lat' dir='ltr'>litati</span> <span class='ocrx_word' id='word_1_15' title='bbox 241 356 318 381; x_wconf 90' lang='lat' dir='ltr'>nos</span> <span class='ocrx_word' id='word_1_16' title='bbox 341 342 505 389; x_wconf 87' lang='lat' dir='ltr'>demus,</span> <span class='ocrx_word' id='word_1_17' title='bbox 537 340 619 379; x_wconf 87' lang='lat' dir='ltr'>illis</span> <span class='ocrx_word' id='word_1_18' title='bbox 647 340 763 378; x_wconf 91' lang='lat' dir='ltr'>enim</span> <span class='ocrx_word' id='word_1_19' title='bbox 797 339 901 378; x_wconf 87' lang='lat' dir='ltr'>nihil</span> <span class='ocrx_word' id='word_1_20' title='bbox 931 339 1196 391; x_wconf 85' lang='lat' dir='ltr'>proficimus,</span> <span class='ocrx_word' id='word_1_21' title='bbox 1222 340 1310 379; x_wconf 91' lang='lat' dir='ltr'>imo</span> <span class='ocrx_word' id='word_1_22' title='bbox 1340 339 1422 379; x_wconf 86' lang='lat' dir='ltr'>illis</span> <span class='ocrx_word' id='word_1_23' title='bbox 1451 352 1569 392; x_wconf 82' lang='lat' dir='ltr'>saepe</span> 
     </span>
     <span class='ocr_line' id='line_1_4' title="bbox 106 412 1569 468; baseline -0.003 -12"><span class='ocrx_word' id='word_1_24' title='bbox 106 416 333 468; x_wconf 78' lang='lat' dir='ltr'>dejicimur</span> <span class='ocrx_word' id='word_1_25' title='bbox 364 415 537 463; x_wconf 89' lang='lat' dir='ltr'>animo;</span> <span class='ocrx_word' id='word_1_26' title='bbox 571 418 613 452; x_wconf 89' lang='lat' dir='ltr'>et</span> <span class='ocrx_word' id='word_1_27' title='bbox 642 425 720 465; x_wconf 88' lang='lat' dir='ltr'>spe</span> <span class='ocrx_word' id='word_1_28' title='bbox 750 418 908 460; x_wconf 86' lang='lat' dir='ltr'>nostra,</span> <span class='ocrx_word' id='word_1_29' title='bbox 940 425 1038 463; x_wconf 64' lang='lat' dir='ltr'>quse</span> <span class='ocrx_word' id='word_1_30' title='bbox 1073 412 1170 451; x_wconf 91' lang='lat' dir='ltr'>Deo</span> <span class='ocrx_word' id='word_1_31' title='bbox 1203 412 1281 451; x_wconf 89' lang='lat' dir='ltr'>niti</span> <span class='ocrx_word' id='word_1_32' title='bbox 1312 412 1456 461; x_wconf 87' lang='lat' dir='ltr'>debet,</span> <span class='ocrx_word' id='word_1_33' title='bbox 1487 412 1569 452; x_wconf 88' lang='lat' dir='ltr'>hac</span> 
     </span>
     <span class='ocr_line' id='line_1_5' title="bbox 104 484 1568 539; baseline -0.003 -9"><span class='ocrx_word' id='word_1_34' title='bbox 104 490 369 537; x_wconf 78' lang='lat' dir='ltr'>roboramur,</span> <span class='ocrx_word' id='word_1_35' title='bbox 406 489 447 527; x_wconf 90' lang='lat' dir='ltr'>in</span> <span class='ocrx_word' id='word_1_36' title='bbox 485 500 609 539; x_wconf 88' lang='lat' dir='ltr'>spem</span> <span class='ocrx_word' id='word_1_37' title='bbox 643 485 797 525; x_wconf 79' lang='lat' dir='ltr'>auxilii</span> <span class='ocrx_word' id='word_1_38' title='bbox 836 484 1026 524; x_wconf 81' lang='lat' dir='ltr'>coelestis</span> <span class='ocrx_word' id='word_1_39' title='bbox 1060 485 1274 536; x_wconf 79' lang='lat' dir='ltr'>erigimur.</span> <span class='ocrx_word' id='word_1_40' title='bbox 1340 484 1487 537; x_wconf 77' lang='lat' dir='ltr'>Quare</span> <span class='ocrx_word' id='word_1_41' title='bbox 1525 491 1568 527; x_wconf 81' lang='lat' dir='ltr'>ct</span> 
     </span>
     <span class='ocr_line' id='line_1_6' title="bbox 107 557 1568 610; baseline -0.003 -8"><span class='ocrx_word' id='word_1_42' title='bbox 107 564 150 602; x_wconf 83' lang='lat' dir='ltr'>B.</span> <span class='ocrx_word' id='word_1_43' title='bbox 168 562 402 609; x_wconf 85' lang='lat' dir='ltr'>Antonius,</span> <span class='ocrx_word' id='word_1_44' title='bbox 440 566 488 600; x_wconf 91' lang='lat' dir='ltr'>ut</span> <span class='ocrx_word' id='word_1_45' title='bbox 520 560 668 600; x_wconf 85' lang='lat' dir='ltr'>scribit</span> <span class='ocrx_word' id='word_1_46' title='bbox 702 558 975 598; x_wconf 79' lang='lat' dir='ltr'>Athanasius</span> <span class='ocrx_word' id='word_1_47' title='bbox 1005 559 1047 597; x_wconf 93' lang='lat' dir='ltr'>in</span> <span class='ocrx_word' id='word_1_48' title='bbox 1082 557 1175 609; x_wconf 89' lang='lat' dir='ltr'>ejus</span> <span class='ocrx_word' id='word_1_49' title='bbox 1209 559 1309 606; x_wconf 86' lang='lat' dir='ltr'>vita,</span> <span class='ocrx_word' id='word_1_50' title='bbox 1342 572 1568 610; x_wconf 85' lang='lat' dir='ltr'>nunquam</span> 
     </span>
     <span class='ocr_line' id='line_1_7' title="bbox 105 631 1184 686; baseline -0.006 -10"><span class='ocrx_word' id='word_1_51' title='bbox 105 636 406 676; x_wconf 83' lang='lat' dir='ltr'>recordatione</span> <span class='ocrx_word' id='word_1_52' title='bbox 439 634 606 686; x_wconf 90' lang='lat' dir='ltr'>peccati</span> <span class='ocrx_word' id='word_1_53' title='bbox 638 632 815 672; x_wconf 87' lang='lat' dir='ltr'>tristitia</span> <span class='ocrx_word' id='word_1_54' title='bbox 846 645 921 671; x_wconf 90' lang='lat' dir='ltr'>ora</span> <span class='ocrx_word' id='word_1_55' title='bbox 953 631 1184 671; x_wconf 78' lang='lat' dir='ltr'>contraxit.</span> 
     </span>
    </p>

    <p class='ocr_par' dir='ltr' id='par_1_3' title="bbox 97 704 1570 1779">
     <span class='ocr_line' id='line_1_8' title="bbox 191 704 1568 758; baseline -0.001 -10"><span class='ocrx_word' id='word_1_56' title='bbox 191 709 346 750; x_wconf 84' lang='lat' dir='ltr'>Altera</span> <span class='ocrx_word' id='word_1_57' title='bbox 367 722 468 748; x_wconf 87' lang='lat' dir='ltr'>vera</span> <span class='ocrx_word' id='word_1_58' title='bbox 494 707 623 758; x_wconf 89' lang='lat' dir='ltr'>hujus</span> <span class='ocrx_word' id='word_1_59' title='bbox 653 705 755 746; x_wconf 88' lang='lat' dir='ltr'>mali</span> <span class='ocrx_word' id='word_1_60' title='bbox 787 706 953 747; x_wconf 87' lang='lat' dir='ltr'>curatio</span> <span class='ocrx_word' id='word_1_61' title='bbox 983 711 1049 745; x_wconf 89' lang='lat' dir='ltr'>est</span> <span class='ocrx_word' id='word_1_62' title='bbox 1081 704 1338 745; x_wconf 85' lang='lat' dir='ltr'>confirmare</span> <span class='ocrx_word' id='word_1_63' title='bbox 1372 705 1568 746; x_wconf 78' lang='lat' dir='ltr'>anImum</span> 
     </span>
     <span class='ocr_line' id='line_1_9' title="bbox 103 777 1569 836; baseline -0.003 -13"><span class='ocrx_word' id='word_1_64' title='bbox 103 797 180 836; x_wconf 87' lang='lat' dir='ltr'>spe</span> <span class='ocrx_word' id='word_1_65' title='bbox 216 781 364 821; x_wconf 81' lang='lat' dir='ltr'>Divini</span> <span class='ocrx_word' id='word_1_66' title='bbox 396 780 600 833; x_wconf 80' lang='lat' dir='ltr'>praesidii,</span> <span class='ocrx_word' id='word_1_67' title='bbox 632 785 679 819; x_wconf 92' lang='lat' dir='ltr'>ut</span> <span class='ocrx_word' id='word_1_68' title='bbox 713 793 830 832; x_wconf 72' lang='lat' dir='ltr'>saepe</span> <span class='ocrx_word' id='word_1_69' title='bbox 859 779 952 831; x_wconf 88' lang='lat' dir='ltr'>jam</span> <span class='ocrx_word' id='word_1_70' title='bbox 986 779 1191 826; x_wconf 82' lang='lat' dir='ltr'>diximus,</span> <span class='ocrx_word' id='word_1_71' title='bbox 1223 783 1266 818; x_wconf 89' lang='lat' dir='ltr'>et</span> <span class='ocrx_word' id='word_1_72' title='bbox 1301 777 1344 817; x_wconf 86' lang='lat' dir='ltr'>id</span> <span class='ocrx_word' id='word_1_73' title='bbox 1381 778 1569 818; x_wconf 89' lang='lat' dir='ltr'>assiduis</span> 
     </span>
     <span class='ocr_line' id='line_1_10' title="bbox 102 851 1568 909; baseline -0.003 -14"><span class='ocrx_word' id='word_1_74' title='bbox 102 856 302 909; x_wconf 88' lang='lat' dir='ltr'>precibus</span> <span class='ocrx_word' id='word_1_75' title='bbox 340 854 581 907; x_wconf 89' lang='lat' dir='ltr'>implorare.</span> <span class='ocrx_word' id='word_1_76' title='bbox 658 853 774 892; x_wconf 91' lang='lat' dir='ltr'>Nam</span> <span class='ocrx_word' id='word_1_77' title='bbox 810 853 844 892; x_wconf 88' lang='lat' dir='ltr'>si</span> <span class='ocrx_word' id='word_1_78' title='bbox 887 852 969 892; x_wconf 94' lang='lat' dir='ltr'>hoc</span> <span class='ocrx_word' id='word_1_79' title='bbox 1004 852 1130 892; x_wconf 89' lang='lat' dir='ltr'>nobis</span> <span class='ocrx_word' id='word_1_80' title='bbox 1164 852 1441 904; x_wconf 77' lang='lat' dir='ltr'>adjungatur,</span> <span class='ocrx_word' id='word_1_81' title='bbox 1474 851 1568 903; x_wconf 87' lang='lat' dir='ltr'>jam</span> 
     </span>
     <span class='ocr_line' id='line_1_11' title="bbox 103 926 1568 980; baseline -0.003 -10"><span class='ocrx_word' id='word_1_82' title='bbox 103 943 253 970; x_wconf 89' lang='lat' dir='ltr'>sumus</span> <span class='ocrx_word' id='word_1_83' title='bbox 283 929 325 968; x_wconf 91' lang='lat' dir='ltr'>in</span> <span class='ocrx_word' id='word_1_84' title='bbox 360 928 476 968; x_wconf 91' lang='lat' dir='ltr'>bello</span> <span class='ocrx_word' id='word_1_85' title='bbox 510 941 647 980; x_wconf 86' lang='lat' dir='ltr'>pares,</span> <span class='ocrx_word' id='word_1_86' title='bbox 672 927 764 978; x_wconf 86' lang='lat' dir='ltr'>jam</span> <span class='ocrx_word' id='word_1_87' title='bbox 800 940 899 966; x_wconf 90' lang='lat' dir='ltr'>cum</span> <span class='ocrx_word' id='word_1_88' title='bbox 935 926 1119 965; x_wconf 86' lang='lat' dir='ltr'>inimicis</span> <span class='ocrx_word' id='word_1_89' title='bbox 1155 927 1312 965; x_wconf 91' lang='lat' dir='ltr'>nostris</span> <span class='ocrx_word' id='word_1_90' title='bbox 1348 939 1405 965; x_wconf 82' lang='lat' dir='ltr'>ex</span> <span class='ocrx_word' id='word_1_91' title='bbox 1439 939 1568 978; x_wconf 83' lang='lat' dir='ltr'>aequo</span> 
     </span>
     <span class='ocr_line' id='line_1_12' title="bbox 101 999 1569 1057; baseline -0.003 -14"><span class='ocrx_word' id='word_1_92' title='bbox 101 1016 360 1057; x_wconf 81' lang='lat' dir='ltr'>pugnamus.</span> <span class='ocrx_word' id='word_1_93' title='bbox 425 1002 561 1040; x_wconf 87' lang='lat' dir='ltr'>Recte</span> <span class='ocrx_word' id='word_1_94' title='bbox 585 1000 700 1040; x_wconf 88' lang='lat' dir='ltr'>enim</span> <span class='ocrx_word' id='word_1_95' title='bbox 726 999 943 1039; x_wconf 87' lang='lat' dir='ltr'>Macarius</span> <span class='ocrx_word' id='word_1_96' title='bbox 963 1013 970 1039; x_wconf 88' lang='lat'><strong>:</strong></span> <span class='ocrx_word' id='word_1_97' title='bbox 1005 999 1185 1038; x_wconf 87' lang='lat' dir='ltr'>“Nemo</span> <span class='ocrx_word' id='word_1_98' title='bbox 1216 999 1334 1039; x_wconf 87' lang='lat' dir='ltr'>dicat</span> <span class='ocrx_word' id='word_1_99' title='bbox 1357 1012 1444 1039; x_wconf 90' lang='lat' dir='ltr'>non</span> <span class='ocrx_word' id='word_1_100' title='bbox 1467 1012 1569 1052; x_wconf 82' lang='lat' dir='ltr'>pos-</span> 
     </span>
     <span class='ocr_line' id='line_1_13' title="bbox 102 1073 1567 1126; baseline -0.001 -9"><span class='ocrx_word' id='word_1_101' title='bbox 102 1092 199 1117; x_wconf 87' lang='lat' dir='ltr'>sum</span> <span class='ocrx_word' id='word_1_102' title='bbox 218 1077 426 1124; x_wconf 87' lang='lat' dir='ltr'>resistere,</span> <span class='ocrx_word' id='word_1_103' title='bbox 444 1081 486 1115; x_wconf 92' lang='lat' dir='ltr'>et</span> <span class='ocrx_word' id='word_1_104' title='bbox 500 1075 653 1114; x_wconf 82' lang='lat' dir='ltr'>vitium</span> <span class='ocrx_word' id='word_1_105' title='bbox 676 1073 842 1113; x_wconf 89' lang='lat' dir='ltr'>homini</span> <span class='ocrx_word' id='word_1_106' title='bbox 865 1073 995 1126; x_wconf 89' lang='lat' dir='ltr'>plane</span> <span class='ocrx_word' id='word_1_107' title='bbox 1018 1073 1244 1113; x_wconf 89' lang='lat' dir='ltr'>dominari.</span> <span class='ocrx_word' id='word_1_108' title='bbox 1281 1074 1427 1113; x_wconf 89' lang='lat' dir='ltr'>Deum</span> <span class='ocrx_word' id='word_1_109' title='bbox 1447 1074 1567 1115; x_wconf 89' lang='lat' dir='ltr'>enim</span> 
     </span>
     <span class='ocr_line' id='line_1_14' title="bbox 97 1146 1569 1201; baseline -0.003 -10"><span class='ocrx_word' id='word_1_110' title='bbox 97 1151 329 1191; x_wconf 64' lang='lat' dir='ltr'>&gt;constituit</span> <span class='ocrx_word' id='word_1_111' title='bbox 352 1149 576 1201; x_wconf 88' lang='lat' dir='ltr'>injustum,</span> <span class='ocrx_word' id='word_1_112' title='bbox 601 1147 797 1199; x_wconf 90' lang='lat' dir='ltr'>quisquis</span> <span class='ocrx_word' id='word_1_113' title='bbox 821 1148 881 1186; x_wconf 88' lang='lat' dir='ltr'>ita</span> <span class='ocrx_word' id='word_1_114' title='bbox 903 1146 1065 1187; x_wconf 80' lang='lat' dir='ltr'>dicit.’&#39;1</span> <span class='ocrx_word' id='word_1_115' title='bbox 1129 1147 1256 1186; x_wconf 89' lang='lat' dir='ltr'>Mens</span> <span class='ocrx_word' id='word_1_116' title='bbox 1279 1147 1394 1187; x_wconf 87' lang='lat' dir='ltr'>enim</span> <span class='ocrx_word' id='word_1_117' title='bbox 1418 1161 1569 1200; x_wconf 91' lang='lat' dir='ltr'>parem</span> 
     </span>
     <span class='ocr_line' id='line_1_15' title="bbox 102 1221 1570 1276; baseline -0.002 -11"><span class='ocrx_word' id='word_1_118' title='bbox 102 1225 237 1265; x_wconf 88' lang='lat' dir='ltr'>habet</span> <span class='ocrx_word' id='word_1_119' title='bbox 278 1236 476 1276; x_wconf 76' lang='lat' dir='ltr'>pugnam</span> <span class='ocrx_word' id='word_1_120' title='bbox 519 1221 726 1261; x_wconf 87' lang='lat' dir='ltr'>adversus</span> <span class='ocrx_word' id='word_1_121' title='bbox 768 1226 1033 1273; x_wconf 87' lang='lat' dir='ltr'>peccatum;</span> <span class='ocrx_word' id='word_1_122' title='bbox 1095 1226 1316 1260; x_wconf 89' lang='lat' dir='ltr'>certamen</span> <span class='ocrx_word' id='word_1_123' title='bbox 1359 1221 1475 1260; x_wconf 90' lang='lat' dir='ltr'>enim</span> <span class='ocrx_word' id='word_1_124' title='bbox 1526 1227 1570 1262; x_wconf 86' lang='lat' dir='ltr'>et</span> 
     </span>
     <span class='ocr_line' id='line_1_16' title="bbox 102 1294 1568 1346; baseline -0.003 -8"><span class='ocrx_word' id='word_1_125' title='bbox 102 1299 219 1338; x_wconf 88' lang='lat' dir='ltr'>lucta</span> <span class='ocrx_word' id='word_1_126' title='bbox 248 1303 313 1336; x_wconf 89' lang='lat' dir='ltr'>est</span> <span class='ocrx_word' id='word_1_127' title='bbox 335 1297 446 1335; x_wconf 90' lang='lat' dir='ltr'>inter</span> <span class='ocrx_word' id='word_1_128' title='bbox 475 1294 675 1346; x_wconf 74' lang='lat' dir='ltr'>aequales.</span> <span class='ocrx_word' id='word_1_129' title='bbox 742 1294 899 1345; x_wconf 90' lang='lat' dir='ltr'>Itaque</span> <span class='ocrx_word' id='word_1_130' title='bbox 923 1294 1079 1340; x_wconf 88' lang='lat' dir='ltr'>anima,</span> <span class='ocrx_word' id='word_1_131' title='bbox 1103 1307 1201 1345; x_wconf 82' lang='lat' dir='ltr'>quae</span> <span class='ocrx_word' id='word_1_132' title='bbox 1225 1308 1398 1334; x_wconf 87' lang='lat' dir='ltr'>summo</span> <span class='ocrx_word' id='word_1_133' title='bbox 1421 1295 1568 1335; x_wconf 86' lang='lat' dir='ltr'>studio</span> 
     </span>
     <span class='ocr_line' id='line_1_17' title="bbox 101 1366 1570 1424; baseline -0.001 -14"><span class='ocrx_word' id='word_1_134' title='bbox 101 1370 350 1424; x_wconf 87' lang='lat' dir='ltr'>imploravit</span> <span class='ocrx_word' id='word_1_135' title='bbox 382 1370 591 1408; x_wconf 87' lang='lat' dir='ltr'>Divinum</span> <span class='ocrx_word' id='word_1_136' title='bbox 614 1366 841 1415; x_wconf 81' lang='lat' dir='ltr'>auxilium,</span> <span class='ocrx_word' id='word_1_137' title='bbox 866 1368 1000 1419; x_wconf 74' lang='lat' dir='ltr'>digna</span> <span class='ocrx_word' id='word_1_138' title='bbox 1030 1367 1263 1407; x_wconf 88' lang='lat' dir='ltr'>habebitur</span> <span class='ocrx_word' id='word_1_139' title='bbox 1285 1381 1383 1419; x_wconf 85' lang='lat' dir='ltr'>quae</span> <span class='ocrx_word' id='word_1_140' title='bbox 1415 1367 1570 1408; x_wconf 87' lang='lat' dir='ltr'>libera-</span> 
     </span>
     <span class='ocr_line' id='line_1_18' title="bbox 101 1440 1567 1493; baseline -0.004 -8"><span class='ocrx_word' id='word_1_141' title='bbox 101 1445 266 1484; x_wconf 81' lang='lat' dir='ltr'>tionem</span> <span class='ocrx_word' id='word_1_142' title='bbox 295 1443 350 1483; x_wconf 87' lang='lat' dir='ltr'>ab</span> <span class='ocrx_word' id='word_1_143' title='bbox 377 1442 577 1482; x_wconf 88' lang='lat' dir='ltr'>hostibus</span> <span class='ocrx_word' id='word_1_144' title='bbox 600 1447 642 1480; x_wconf 87' lang='lat' dir='ltr'>et</span> <span class='ocrx_word' id='word_1_145' title='bbox 665 1440 982 1480; x_wconf 89' lang='lat' dir='ltr'>tentationibus</span> <span class='ocrx_word' id='word_1_146' title='bbox 1014 1446 1240 1480; x_wconf 88' lang='lat' dir='ltr'>mereatur.</span> <span class='ocrx_word' id='word_1_147' title='bbox 1296 1440 1567 1493; x_wconf 76' lang='lat' dir='ltr'>Quanquam</span> 
     </span>
     <span class='ocr_line' id='line_1_19' title="bbox 103 1513 1569 1569; baseline -0.004 -11"><span class='ocrx_word' id='word_1_148' title='bbox 103 1518 264 1558; x_wconf 86' lang='lat' dir='ltr'>Divina</span> <span class='ocrx_word' id='word_1_149' title='bbox 306 1517 447 1569; x_wconf 82' lang='lat' dir='ltr'>gratia</span> <span class='ocrx_word' id='word_1_150' title='bbox 488 1515 648 1555; x_wconf 85' lang='lat' dir='ltr'>comite</span> <span class='ocrx_word' id='word_1_151' title='bbox 687 1528 774 1553; x_wconf 93' lang='lat' dir='ltr'>non</span> <span class='ocrx_word' id='word_1_152' title='bbox 817 1513 950 1553; x_wconf 91' lang='lat' dir='ltr'>modo</span> <span class='ocrx_word' id='word_1_153' title='bbox 992 1527 1220 1565; x_wconf 64' lang='lat' dir='ltr'>sequamur</span> <span class='ocrx_word' id='word_1_154' title='bbox 1261 1514 1457 1561; x_wconf 89' lang='lat' dir='ltr'>inimicis,</span> <span class='ocrx_word' id='word_1_155' title='bbox 1492 1514 1569 1553; x_wconf 86' lang='lat' dir='ltr'>sed</span> 
     </span>
     <span class='ocr_line' id='line_1_20' title="bbox 97 1586 1568 1643; baseline -0.004 -11"><span class='ocrx_word' id='word_1_156' title='bbox 97 1592 234 1632; x_wconf 87' lang='lat' dir='ltr'>etiam</span> <span class='ocrx_word' id='word_1_157' title='bbox 264 1591 395 1643; x_wconf 81' lang='lat' dir='ltr'>longe</span> <span class='ocrx_word' id='word_1_158' title='bbox 417 1590 661 1642; x_wconf 83' lang='lat' dir='ltr'>superiores</span> <span class='ocrx_word' id='word_1_159' title='bbox 693 1588 929 1627; x_wconf 82' lang='lat' dir='ltr'>evadimus.</span> <span class='ocrx_word' id='word_1_160' title='bbox 994 1587 1115 1627; x_wconf 89' lang='lat' dir='ltr'>Deus</span> <span class='ocrx_word' id='word_1_161' title='bbox 1138 1588 1301 1640; x_wconf 86' lang='lat' dir='ltr'>quippe</span> <span class='ocrx_word' id='word_1_162' title='bbox 1330 1601 1408 1640; x_wconf 90' lang='lat' dir='ltr'>pro</span> <span class='ocrx_word' id='word_1_163' title='bbox 1440 1586 1568 1627; x_wconf 88' lang='lat' dir='ltr'>nobis</span> 
     </span>
     <span class='ocr_line' id='line_1_21' title="bbox 102 1661 1568 1718; baseline -0.003 -13"><span class='ocrx_word' id='word_1_164' title='bbox 102 1671 280 1718; x_wconf 81' lang='lat' dir='ltr'>pugnat,</span> <span class='ocrx_word' id='word_1_165' title='bbox 306 1670 349 1704; x_wconf 93' lang='lat' dir='ltr'>et</span> <span class='ocrx_word' id='word_1_166' title='bbox 382 1664 613 1703; x_wconf 88' lang='lat' dir='ltr'>minimum</span> <span class='ocrx_word' id='word_1_167' title='bbox 647 1662 739 1713; x_wconf 88' lang='lat' dir='ltr'>ejus</span> <span class='ocrx_word' id='word_1_168' title='bbox 771 1662 924 1713; x_wconf 57' lang='lat' dir='ltr'>gratiae</span> <span class='ocrx_word' id='word_1_169' title='bbox 958 1661 1055 1713; x_wconf 88' lang='lat' dir='ltr'>plus</span> <span class='ocrx_word' id='word_1_170' title='bbox 1088 1661 1222 1700; x_wconf 91' lang='lat' dir='ltr'>habet</span> <span class='ocrx_word' id='word_1_171' title='bbox 1244 1661 1400 1701; x_wconf 87' lang='lat' dir='ltr'>virium</span> <span class='ocrx_word' id='word_1_172' title='bbox 1434 1674 1568 1713; x_wconf 89' lang='lat' dir='ltr'>quam</span> 
     </span>
     <span class='ocr_line' id='line_1_22' title="bbox 102 1735 809 1779; baseline -0.006 -1"><span class='ocrx_word' id='word_1_173' title='bbox 102 1740 243 1779; x_wconf 88' lang='lat' dir='ltr'>omnis</span> <span class='ocrx_word' id='word_1_174' title='bbox 276 1738 494 1778; x_wconf 77' lang='lat' dir='ltr'>exercitus</span> <span class='ocrx_word' id='word_1_175' title='bbox 528 1735 809 1776; x_wconf 82' lang='lat' dir='ltr'>adversarius.</span> 
     </span>
    </p>

    <p class='ocr_par' dir='ltr' id='par_1_4' title="bbox 99 1808 1570 2823">
     <span class='ocr_line' id='line_1_23' title="bbox 188 1808 1566 1858; baseline -0.004 -6"><span class='ocrx_word' id='word_1_176' title='bbox 188 1813 339 1852; x_wconf 87' lang='lat' dir='ltr'>Tertia</span> <span class='ocrx_word' id='word_1_177' title='bbox 363 1817 497 1850; x_wconf 87' lang='lat' dir='ltr'>restat</span> <span class='ocrx_word' id='word_1_178' title='bbox 513 1811 680 1849; x_wconf 88' lang='lat' dir='ltr'>curatio</span> <span class='ocrx_word' id='word_1_179' title='bbox 697 1808 754 1848; x_wconf 86' lang='lat' dir='ltr'>ad</span> <span class='ocrx_word' id='word_1_180' title='bbox 777 1809 1001 1848; x_wconf 87' lang='lat' dir='ltr'>faciendos</span> <span class='ocrx_word' id='word_1_181' title='bbox 1023 1809 1193 1848; x_wconf 88' lang='lat' dir='ltr'>animos</span> <span class='ocrx_word' id='word_1_182' title='bbox 1218 1809 1566 1858; x_wconf 89' lang='lat' dir='ltr'>accommodata,</span> 
     </span>
     <span class='ocr_line' id='line_1_24' title="bbox 101 1882 1565 1938; baseline -0.005 -11"><span class='ocrx_word' id='word_1_183' title='bbox 101 1894 145 1927; x_wconf 86' lang='lat' dir='ltr'>et</span> <span class='ocrx_word' id='word_1_184' title='bbox 173 1887 227 1926; x_wconf 88' lang='lat' dir='ltr'>ad</span> <span class='ocrx_word' id='word_1_185' title='bbox 262 1885 516 1938; x_wconf 90' lang='lat' dir='ltr'>ponendum</span> <span class='ocrx_word' id='word_1_186' title='bbox 552 1884 594 1922; x_wconf 90' lang='lat' dir='ltr'>in</span> <span class='ocrx_word' id='word_1_187' title='bbox 631 1883 788 1922; x_wconf 85' lang='lat' dir='ltr'>nostris</span> <span class='ocrx_word' id='word_1_188' title='bbox 822 1883 994 1921; x_wconf 89' lang='lat' dir='ltr'>casibus</span> <span class='ocrx_word' id='word_1_189' title='bbox 1029 1882 1286 1934; x_wconf 86' lang='lat' dir='ltr'>delictisque</span> <span class='ocrx_word' id='word_1_190' title='bbox 1320 1895 1565 1921; x_wconf 88' lang='lat' dir='ltr'>moerorem.</span> 
     </span>
     <span class='ocr_line' id='line_1_25' title="bbox 104 1954 1570 2008; baseline -0.004 -8"><span class='ocrx_word' id='word_1_191' title='bbox 104 1960 205 2000; x_wconf 86' lang='lat' dir='ltr'>Plus</span> <span class='ocrx_word' id='word_1_192' title='bbox 235 1959 372 2006; x_wconf 86' lang='lat' dir='ltr'>nobis,</span> <span class='ocrx_word' id='word_1_193' title='bbox 396 1958 452 1998; x_wconf 90' lang='lat' dir='ltr'>ad</span> <span class='ocrx_word' id='word_1_194' title='bbox 487 1957 721 1996; x_wconf 89' lang='lat' dir='ltr'>utilitatem</span> <span class='ocrx_word' id='word_1_195' title='bbox 752 1961 795 1995; x_wconf 92' lang='lat' dir='ltr'>et</span> <span class='ocrx_word' id='word_1_196' title='bbox 824 1962 1084 2008; x_wconf 81' lang='lat' dir='ltr'>proventum</span> <span class='ocrx_word' id='word_1_197' title='bbox 1119 1956 1306 2007; x_wconf 89' lang='lat' dir='ltr'>spiritus,</span> <span class='ocrx_word' id='word_1_198' title='bbox 1338 1969 1463 1995; x_wconf 88' lang='lat' dir='ltr'>casus</span> <span class='ocrx_word' id='word_1_199' title='bbox 1494 1954 1570 1995; x_wconf 84' lang='lat' dir='ltr'>ali-</span> 
     </span>
     <span class='ocr_line' id='line_1_26' title="bbox 102 2028 1567 2087; baseline -0.003 -14"><span class='ocrx_word' id='word_1_200' title='bbox 102 2048 211 2087; x_wconf 90' lang='lat' dir='ltr'>quos</span> <span class='ocrx_word' id='word_1_201' title='bbox 243 2033 478 2085; x_wconf 89' lang='lat' dir='ltr'>lapsusque</span> <span class='ocrx_word' id='word_1_202' title='bbox 510 2031 728 2083; x_wconf 85' lang='lat' dir='ltr'>prodesse,</span> <span class='ocrx_word' id='word_1_203' title='bbox 754 2043 886 2081; x_wconf 87' lang='lat' dir='ltr'>quam</span> <span class='ocrx_word' id='word_1_204' title='bbox 913 2031 947 2068; x_wconf 91' lang='lat' dir='ltr'>si</span> <span class='ocrx_word' id='word_1_205' title='bbox 981 2043 1205 2081; x_wconf 89' lang='lat' dir='ltr'>nunquam</span> <span class='ocrx_word' id='word_1_206' title='bbox 1233 2029 1411 2069; x_wconf 91' lang='lat' dir='ltr'>omnino</span> <span class='ocrx_word' id='word_1_207' title='bbox 1444 2028 1567 2069; x_wconf 89' lang='lat' dir='ltr'>labe-</span> 
     </span>
     <span class='ocr_line' id='line_1_27' title="bbox 101 2102 1566 2157; baseline -0.003 -10"><span class='ocrx_word' id='word_1_208' title='bbox 101 2121 253 2147; x_wconf 88' lang='lat' dir='ltr'>remur.</span> <span class='ocrx_word' id='word_1_209' title='bbox 320 2106 371 2145; x_wconf 90' lang='lat' dir='ltr'>In</span> <span class='ocrx_word' id='word_1_210' title='bbox 404 2118 537 2157; x_wconf 88' lang='lat' dir='ltr'>quam</span> <span class='ocrx_word' id='word_1_211' title='bbox 571 2104 834 2143; x_wconf 85' lang='lat' dir='ltr'>sententiam</span> <span class='ocrx_word' id='word_1_212' title='bbox 867 2102 1156 2155; x_wconf 74' lang='lat' dir='ltr'>p1·aecla1·e,ut</span> <span class='ocrx_word' id='word_1_213' title='bbox 1185 2102 1305 2151; x_wconf 87' lang='lat' dir='ltr'>solet,</span> <span class='ocrx_word' id='word_1_214' title='bbox 1331 2102 1566 2154; x_wconf 79' lang='lat' dir='ltr'>Gregorius</span> 
     </span>
     <span class='ocr_line' id='line_1_28' title="bbox 99 2176 1568 2227; baseline -0.003 -6"><span class='ocrx_word' id='word_1_215' title='bbox 99 2187 194 2222; x_wconf 88' lang='lat' dir='ltr'>tum</span> <span class='ocrx_word' id='word_1_216' title='bbox 239 2180 352 2227; x_wconf 89' lang='lat' dir='ltr'>alibi,</span> <span class='ocrx_word' id='word_1_217' title='bbox 399 2186 492 2219; x_wconf 89' lang='lat' dir='ltr'>tum</span> <span class='ocrx_word' id='word_1_218' title='bbox 536 2179 578 2217; x_wconf 91' lang='lat' dir='ltr'>in</span> <span class='ocrx_word' id='word_1_219' title='bbox 621 2177 688 2216; x_wconf 90' lang='lat' dir='ltr'>his</span> <span class='ocrx_word' id='word_1_220' title='bbox 725 2177 867 2216; x_wconf 86' lang='lat' dir='ltr'>verbis</span> <span class='ocrx_word' id='word_1_221' title='bbox 905 2176 1093 2216; x_wconf 82' lang='lat' dir='ltr'>affirmat</span> <span class='ocrx_word' id='word_1_222' title='bbox 1135 2176 1394 2216; x_wconf 87' lang='lat' dir='ltr'>humilitatis</span> <span class='ocrx_word' id='word_1_223' title='bbox 1437 2190 1568 2217; x_wconf 86' lang='lat' dir='ltr'>causa</span> 
     </span>
     <span class='ocr_line' id='line_1_29' title="bbox 100 2251 1567 2309; baseline -0.003 -14"><span class='ocrx_word' id='word_1_224' title='bbox 100 2269 235 2309; x_wconf 84' lang='lat' dir='ltr'>parva</span> <span class='ocrx_word' id='word_1_225' title='bbox 257 2255 403 2306; x_wconf 90' lang='lat' dir='ltr'>aliqua</span> <span class='ocrx_word' id='word_1_226' title='bbox 427 2254 469 2292; x_wconf 91' lang='lat' dir='ltr'>in</span> <span class='ocrx_word' id='word_1_227' title='bbox 493 2252 618 2292; x_wconf 88' lang='lat' dir='ltr'>nobis</span> <span class='ocrx_word' id='word_1_228' title='bbox 640 2253 756 2300; x_wconf 86' lang='lat' dir='ltr'>vitia,</span> <span class='ocrx_word' id='word_1_229' title='bbox 784 2252 881 2290; x_wconf 89' lang='lat' dir='ltr'>Deo</span> <span class='ocrx_word' id='word_1_230' title='bbox 904 2252 1196 2303; x_wconf 83' lang='lat' dir='ltr'>permittente,</span> <span class='ocrx_word' id='word_1_231' title='bbox 1221 2251 1423 2304; x_wconf 82' lang='lat' dir='ltr'>relinqui3</span> <span class='ocrx_word' id='word_1_232' title='bbox 1456 2265 1567 2304; x_wconf 67' lang='lat' dir='ltr'>prze-</span> 
     </span>
     <span class='ocr_line' id='line_1_30' title="bbox 101 2324 1568 2377; baseline -0.003 -8"><span class='ocrx_word' id='word_1_233' title='bbox 101 2329 250 2369; x_wconf 91' lang='lat' dir='ltr'>sertim</span> <span class='ocrx_word' id='word_1_234' title='bbox 274 2341 372 2368; x_wconf 90' lang='lat' dir='ltr'>cum</span> <span class='ocrx_word' id='word_1_235' title='bbox 396 2327 527 2366; x_wconf 78' lang='lat' dir='ltr'>verba</span> <span class='ocrx_word' id='word_1_236' title='bbox 551 2325 622 2365; x_wconf 89' lang='lat' dir='ltr'>illa</span> <span class='ocrx_word' id='word_1_237' title='bbox 645 2325 730 2376; x_wconf 86' lang='lat' dir='ltr'>Job</span> <span class='ocrx_word' id='word_1_238' title='bbox 750 2339 757 2364; x_wconf 88' lang='lat'><strong>:</strong></span> <span class='ocrx_word' id='word_1_239' title='bbox 791 2329 812 2344; x_wconf 78' lang='lat'><em>“</em></span> <span class='ocrx_word' id='word_1_240' title='bbox 829 2324 1186 2365; x_wconf 88' lang='lat' dir='ltr'>Obtenebrentur</span> <span class='ocrx_word' id='word_1_241' title='bbox 1217 2325 1353 2365; x_wconf 72' lang='lat' dir='ltr'>stellae</span> <span class='ocrx_word' id='word_1_242' title='bbox 1384 2325 1568 2377; x_wconf 81' lang='lat' dir='ltr'>caligine</span> 
     </span>
     <span class='ocr_line' id='line_1_31' title="bbox 102 2398 1565 2454; baseline -0.003 -12"><span class='ocrx_word' id='word_1_243' title='bbox 102 2402 230 2454; x_wconf 87' lang='lat' dir='ltr'>ejus,”</span> <span class='ocrx_word' id='word_1_244' title='bbox 256 2401 478 2441; x_wconf 82' lang='lat' dir='ltr'>moraliter</span> <span class='ocrx_word' id='word_1_245' title='bbox 509 2400 826 2451; x_wconf 88' lang='lat' dir='ltr'>interpretatur.</span> <span class='ocrx_word' id='word_1_246' title='bbox 892 2399 1034 2439; x_wconf 87' lang='lat' dir='ltr'>Docet</span> <span class='ocrx_word' id='word_1_247' title='bbox 1058 2399 1172 2438; x_wconf 85' lang='lat' dir='ltr'>enim</span> <span class='ocrx_word' id='word_1_248' title='bbox 1204 2398 1350 2439; x_wconf 87' lang='lat' dir='ltr'>stellas</span> <span class='ocrx_word' id='word_1_249' title='bbox 1373 2413 1446 2439; x_wconf 92' lang='lat' dir='ltr'>eos</span> <span class='ocrx_word' id='word_1_250' title='bbox 1471 2412 1565 2438; x_wconf 88' lang='lat' dir='ltr'>esse</span> 
     </span>
     <span class='ocr_line' id='line_1_32' title="bbox 101 2472 1567 2527; baseline -0.001 -13"><span class='ocrx_word' id='word_1_251' title='bbox 101 2476 214 2527; x_wconf 83' lang='lat' dir='ltr'>“qui</span> <span class='ocrx_word' id='word_1_252' title='bbox 259 2476 429 2526; x_wconf 76' lang='lat' dir='ltr'>magnis</span> <span class='ocrx_word' id='word_1_253' title='bbox 467 2474 645 2526; x_wconf 86' lang='lat' dir='ltr'>quidem</span> <span class='ocrx_word' id='word_1_254' title='bbox 683 2473 914 2512; x_wconf 80' lang='lat' dir='ltr'>virtutibus</span> <span class='ocrx_word' id='word_1_255' title='bbox 957 2473 1222 2526; x_wconf 86' lang='lat' dir='ltr'>splendent,&#39;⁷</span> <span class='ocrx_word' id='word_1_256' title='bbox 1266 2472 1342 2513; x_wconf 90' lang='lat' dir='ltr'>sed</span> <span class='ocrx_word' id='word_1_257' title='bbox 1380 2472 1567 2524; x_wconf 81' lang='lat' dir='ltr'>caligine</span> 
     </span>
     <span class='ocr_line' id='line_1_33' title="bbox 101 2546 1567 2599; baseline -0.003 -11"><span class='ocrx_word' id='word_1_258' title='bbox 101 2555 251 2589; x_wconf 88' lang='lat' dir='ltr'>tamen</span> <span class='ocrx_word' id='word_1_259' title='bbox 283 2549 561 2588; x_wconf 87' lang='lat' dir='ltr'>obtenebrari</span> <span class='ocrx_word' id='word_1_260' title='bbox 596 2561 922 2599; x_wconf 84' lang='lat' dir='ltr'>nonnunquam,</span> <span class='ocrx_word' id='word_1_261' title='bbox 947 2548 1050 2599; x_wconf 90' lang='lat' dir='ltr'>quia</span> <span class='ocrx_word' id='word_1_262' title='bbox 1083 2547 1260 2587; x_wconf 79' lang='lat' dir='ltr'>“adhuc</span> <span class='ocrx_word' id='word_1_263' title='bbox 1290 2548 1344 2587; x_wconf 88' lang='lat' dir='ltr'>de</span> <span class='ocrx_word' id='word_1_264' title='bbox 1373 2546 1567 2586; x_wconf 91' lang='lat' dir='ltr'>obscuri-</span> 
     </span>
     <span class='ocr_line' id='line_1_34' title="bbox 99 2619 1565 2674; baseline -0.003 -12"><span class='ocrx_word' id='word_1_265' title='bbox 99 2628 191 2663; x_wconf 89' lang='lat' dir='ltr'>tate</span> <span class='ocrx_word' id='word_1_266' title='bbox 222 2622 362 2674; x_wconf 79' lang='lat' dir='ltr'>culpae</span> <span class='ocrx_word' id='word_1_267' title='bbox 393 2621 558 2673; x_wconf 86' lang='lat' dir='ltr'>aliquid</span> <span class='ocrx_word' id='word_1_268' title='bbox 589 2622 787 2669; x_wconf 88' lang='lat' dir='ltr'>retinent,</span> <span class='ocrx_word' id='word_1_269' title='bbox 813 2628 859 2661; x_wconf 85' lang='lat' dir='ltr'>ut</span> <span class='ocrx_word' id='word_1_270' title='bbox 890 2623 1021 2661; x_wconf 86' lang='lat' dir='ltr'>etiam</span> <span class='ocrx_word' id='word_1_271' title='bbox 1056 2635 1216 2674; x_wconf 78' lang='lat' dir='ltr'>magna</span> <span class='ocrx_word' id='word_1_272' title='bbox 1237 2622 1337 2661; x_wconf 78' lang='lat' dir='ltr'>vitae</span> <span class='ocrx_word' id='word_1_273' title='bbox 1367 2619 1565 2660; x_wconf 88' lang='lat' dir='ltr'>claritate</span> 
     </span>
     <span class='ocr_line' id='line_1_35' title="bbox 99 2693 1562 2748; baseline -0.002 -12"><span class='ocrx_word' id='word_1_274' title='bbox 99 2696 285 2744; x_wconf 90' lang='lat' dir='ltr'>luceant,</span> <span class='ocrx_word' id='word_1_275' title='bbox 311 2702 352 2735; x_wconf 86' lang='lat' dir='ltr'>et</span> <span class='ocrx_word' id='word_1_276' title='bbox 382 2702 530 2735; x_wconf 86' lang='lat' dir='ltr'>tamen</span> <span class='ocrx_word' id='word_1_277' title='bbox 565 2695 707 2735; x_wconf 90' lang='lat' dir='ltr'>adhuc</span> <span class='ocrx_word' id='word_1_278' title='bbox 741 2697 880 2735; x_wconf 90' lang='lat' dir='ltr'>noctis</span> <span class='ocrx_word' id='word_1_279' title='bbox 913 2696 1115 2748; x_wconf 88' lang='lat' dir='ltr'>reliquias</span> <span class='ocrx_word' id='word_1_280' title='bbox 1147 2696 1344 2735; x_wconf 90' lang='lat' dir='ltr'>nolentes</span> <span class='ocrx_word' id='word_1_281' title='bbox 1376 2693 1562 2733; x_wconf 88' lang='lat' dir='ltr'>trahant.</span> 
     </span>
     <span class='ocr_line' id='line_1_36' title="bbox 101 2768 1565 2823; baseline -0.003 -13"><span class='ocrx_word' id='word_1_282' title='bbox 101 2769 232 2823; x_wconf 72' lang='lat' dir='ltr'>Quod</span> <span class='ocrx_word' id='word_1_283' title='bbox 264 2770 423 2810; x_wconf 87' lang='lat' dir='ltr'>idcirco</span> <span class='ocrx_word' id='word_1_284' title='bbox 454 2770 630 2823; x_wconf 79' lang='lat' dir='ltr'>agitur‚&#39;&#39;</span> <span class='ocrx_word' id='word_1_285' title='bbox 664 2771 815 2823; x_wconf 86' lang='lat' dir='ltr'>inquit,</span> <span class='ocrx_word' id='word_1_286' title='bbox 841 2774 917 2809; x_wconf 87' lang='lat' dir='ltr'>“ut</span> <span class='ocrx_word' id='word_1_287' title='bbox 942 2784 1064 2810; x_wconf 87' lang='lat' dir='ltr'>mens</span> <span class='ocrx_word' id='word_1_288' title='bbox 1094 2769 1326 2823; x_wconf 88' lang='lat' dir='ltr'>proficiens</span> <span class='ocrx_word' id='word_1_289' title='bbox 1348 2768 1403 2808; x_wconf 91' lang='lat' dir='ltr'>ad</span> <span class='ocrx_word' id='word_1_290' title='bbox 1431 2768 1565 2812; x_wconf 80' lang='lat' dir='ltr'>virtu,-</span> 
     </span>
    </p>
   </div>
   <div class='ocr_carea' id='block_1_3' title="bbox 269 2858 916 2952">
    <p class='ocr_par' dir='ltr' id='par_1_5' title="bbox 269 2858 916 2952">
     <span class='ocr_line' id='line_1_37' title="bbox 726 2858 916 2900; baseline 0.011 -10"><span class='ocrx_word' id='word_1_291' title='bbox 726 2858 735 2877; x_wconf 75' lang='lat'><strong>¹</strong></span> <span class='ocrx_word' id='word_1_292' title='bbox 764 2861 867 2891; x_wconf 80' lang='lat' dir='ltr'>Hom.</span> <span class='ocrx_word' id='word_1_293' title='bbox 888 2869 916 2900; x_wconf 85' lang='lat'>3.</span> 
     </span>
     <span class='ocr_line' id='line_1_38' title="bbox 269 2920 300 2952; baseline 0 0"><span class='ocrx_word' id='word_1_294' title='bbox 269 2920 300 2952; x_wconf 92' lang='lat' dir='ltr'><strong>U</strong></span> 
     </span>
    </p>
   </div>
  </div>
 </body>
</html>
