1903 3197
418 168 714 231 AEdfficatz'o
748 168 807 213 ab
841 167 1043 229 aegrotz‘5‚
1075 165 1171 214 &a
1431 168 1524 224 563

63 310 228 358 quanta
250 303 365 344 salus
392 302 533 343 cordis
561 302 617 341 sit
649 300 852 340 molestia
882 298 1131 352 corporalis,
1157 311 1254 350 quae
1288 297 1344 337 ad
1377 296 1525 350 cogni-

61 379 225 419 tionem
268 378 333 417 sui
375 383 568 417 mentem
609 379 794 423 revocat,
839 379 887 412 ut
928 385 1060 424 quarn
1104 371 1364 424 plerumque
1406 369 1523 411 salus

62 451 224 503 abjicit,
267 450 530 491 infirmitatis
582 447 793 488 memoria
844 445 1067 494 reformat,
1121 450 1169 485 ut
1220 445 1402 493 animus,
1449 443 1524 496 qui

62 530 190 566 extra
220 539 266 565 se
300 525 343 564 in
375 524 609 564 elationem
646 521 830 570 ducitur,
853 520 921 559 cui
958 520 1013 559 sit
1047 518 1287 558 conditioni
1323 517 1524 558 subditus

62 612 118 638 ex
141 612 357 652 percussa,
380 610 513 649 quam
536 595 732 643 sustinet,
755 607 884 634 carne
908 590 1214 632 memoratur.'’

148 672 353 724 Denique
395 669 534 710 morbi
577 667 789 708 beneficio
831 673 934 707 ante
976 664 1126 706 oculos
1169 663 1294 704 nobis
1337 669 1522 712 nostros,

60 745 216 785 eodem
252 744 464 797 Gregorio
496 748 618 790 teste,
655 755 754 794 quae
788 747 890 781 sunt
927 738 1042 779 male
1075 744 1213 790 gesta,
1248 736 1524 776 reducimus:

57 818 344 869 doloremque
385 817 655 869 concipimus
691 814 902 855 acriorem
940 827 997 853 ex
1039 816 1257 852 anteactae
1299 810 1403 850 vitae
1445 810 1521 849 de—

59 892 182 939 lictis,
207 891 343 943 “quia
379 890 487 930 livor
521 890 711 930 vulneris
748 888 960 940 abstergit
998 884 1148 935 mala‚'’
1173 890 1221 924 ut
1253 884 1315 924 ait
1348 883 1521 936 saepius,

61 967 140 1004 “et
162 963 304 1017 plagae
335 964 378 1003 in
400 964 703 1004 secretioribus
724 960 959 1003 ventris:”1
993 960 1150 1000 “Dum
1182 959 1298 999 enim
1329 958 1524 997 exterius

59 1037 360 1091 percutimur‚''
390 1037 623 1090 Gregorius
654 1036 806 1088 inquit,
831 1036 922 1075 “ad
955 1039 1238 1087 peccatorum
1272 1036 1519 1071 nostrorum

59 1116 226 1159 cuncta,
250 1124 349 1163 quae
371 1110 470 1152 ,sint
504 1110 618 1150 male
650 1115 785 1162 gesta,
808 1108 1068 1155 reducimus,
1097 1112 1140 1147 et
1174 1119 1252 1158 per
1284 1104 1378 1153 hoc,
1402 1103 1522 1155 quod

58 1185 161 1225 foris
192 1184 394 1238 patimur,
418 1184 557 1236 magis
589 1183 717 1232 intus,
740 1182 858 1235 quod
890 1182 1085 1229 fecimus,
1108 1179 1319 1220 dolemus.
1387 1176 1521 1217 Unde

57 1260 116 1306 fit,
151 1264 199 1298 ut
234 1258 347 1298 inter
383 1262 534 1310 aperta
568 1256 747 1297 vulnera
784 1256 975 1309 corporis
1018 1254 1208 1307 amplius
1252 1266 1331 1292 nos
1371 1250 1522 1291 abluat

58 1332 189 1385 plaga
230 1337 396 1371 secreta
436 1332 610 1380 ventris,
643 1331 744 1383 quia
786 1336 913 1370 sanat
954 1329 1171 1381 nequitias
1213 1326 1334 1379 pravi
1379 1325 1522 1377 operis

57 1405 277 1446 occultum
308 1404 465 1444 vulnus
497 1403 694 1444 doloris.''

144 1478 304 1531 Quare,
327 1492 426 1518 cum
456 1478 634 1517 morbus
663 1491 688 1517 a
718 1477 815 1517 Deo
850 1476 1080 1523 immissus,
1110 1485 1389 1525 quacumque
1422 1471 1522 1510 mit-

57 1558 175 1593 tatur
195 1566 252 1593 ex
275 1565 416 1599 causa,
441 1552 606 1591 donum
628 1551 684 1591 sit
706 1563 952 1602 munusque
985 1548 1082 1597 Dei,
1104 1546 1234 1587 valde
1265 1546 1309 1585 id
1343 1557 1522 1584 monere

58 1640 137 1666 nos
178 1625 322 1675 debet,
364 1638 464 1664 cum
512 1629 790 1676 aegrotamus,
832 1623 888 1664 ad
932 1635 1032 1662 eum
1074 1633 1174 1660 cum
1216 1618 1522 1660 aedificatione‚

55 1699 138 1739 hoc
181 1704 256 1748 est,
294 1697 516 1739 humiliter
551 1697 768 1750 patienter
803 1702 847 1737 et
887 1696 969 1748 pie,
1008 1700 1055 1734 ut
1098 1708 1155 1734 ex
1193 1691 1519 1733 Constitutione

54 1774 146 1824 jam
184 1772 390 1821 diximus,
424 1770 711 1811 tolerandum.
775 1769 928 1822 Atque
964 1768 1046 1808 hoc
1082 1768 1260 1807 demum
1297 1770 1372 1811 est,
1401 1764 1519 1816 quod

57 1852 279 1899 postremo
313 1845 410 1885 loco
445 1843 619 1896 Regula
651 1843 952 1895 significabat:
985 1841 1040 1881 de
1074 1854 1161 1892 qua
1191 1839 1283 1891 jam
1319 1838 1435 1884 satis,
1472 1843 1519 1876 ut

57 1921 112 1960 de
145 1925 240 1960 tota
272 1919 365 1969 hac,
389 1930 520 1971 quam
556 1916 833 1965 instituimus,
862 1916 951 1955 sive
986 1914 1162 1954 tuendae
1197 1913 1286 1953 sive
1321 1924 1517 1964 recuper-

57 1994 184 2034 andae
205 1992 468 2033 valetudinis
490 1990 799 2043 disputatione.

56 2230 132 2265 AD
155 2226 488 2266 MORBORUM
513 2223 931 2262 TOLERANTIAM
954 2220 1270 2259 PLURIMUM
1294 2219 1518 2256 VALERE

388 2294 487 2342 JOB
518 2292 816 2330 PATIENTIS
847 2290 1181 2328 EXEMPLUM.

57 2384 169 2424 CUM
193 2382 331 2423 multa
353 2394 403 2421 ac
426 2380 635 2433 praeclara
656 2378 797 2419 afferri
820 2384 1006 2431 possunt
1029 2374 1236 2427 exempla
1254 2379 1516 2421 sanctorum,

56 2458 129 2509 qui
172 2456 423 2496 morborum
465 2466 684 2494 aerumnas
735 2451 904 2492 fortiter
954 2451 1259 2503 patienterque
1300 2447 1519 2487 tulerunt:

55 2536 150 2570 tum
183 2528 349 2568 nullum
383 2541 480 2567 mea
512 2526 730 2567 sententia
759 2524 1001 2577 excogitari
1032 2527 1178 2575 potest
1207 2522 1352 2573 aptius
1384 2532 1518 2571 quam

57 2601 313 2655 exemplum
355 2600 493 2640 sancti
530 2600 628 2651 Job.
705 2598 841 2651 Cujus
884 2598 927 2637 in
964 2597 1092 2636 unius
1129 2608 1297 2647 corpus,
1338 2606 1436 2644 quae
1475 2592 1518 2630 in

56 2677 175 2717 omni
210 2681 421 2715 terrarum
456 2673 561 2713 orbe
594 2679 695 2712 sunt
728 2684 930 2724 aspersae,
968 2682 1175 2709 aerumnae
1210 2667 1435 2712 universae,
1472 2669 1520 2703 ut

57 2751 117 2790 ait
152 2748 504 2801 Chrysostomus‚
540 2759 626 2786 uno
659 2746 826 2798 impetu
856 2741 1188 2797 quodammodo
1220 2739 1521 2791 conspirantes

56 2822 318 2863 incubuere:
356 2827 404 2861 ut
436 2833 522 2860 non
555 2820 648 2859 sine
679 2831 811 2859 causa
841 2817 1092 2871 propositus
1121 2814 1324 2854 videatur
1355 2825 1380 2851 a
1412 2811 1521 2875 Deo,

683 2898 695 2917 ¹
721 2900 807 2931 Prov
837 2906 890 2930 20.

229 2963 302 2994 KK
337 2964 360 2993 2
