1903 3197
245 167 337 211 662
563 164 644 211 De
678 165 868 212 ratione
900 166 1097 213 vivendi
1131 167 1391 215 Societatz's.

331 298 519 339 Basilius
561 305 711 339 autem
754 300 810 340 ad
854 300 1116 354 Gregorium
1158 301 1245 342 ait:
1299 301 1575 344 “Silentium
1618 318 1719 357 pur-

244 373 405 427 gandae
436 373 597 414 animae
629 373 792 415 habere
823 374 1124 428 principium.”
1188 375 1248 417 Et
1279 377 1538 418 Thalassius
1573 378 1718 420 Heca—

243 454 345 488 tont
407 459 439 488 Ι.
486 461 518 489 c.
566 448 631 488 66.
717 448 953 489 Silentium
1011 456 1055 490 et
1108 464 1260 503 preces
1301 451 1463 491 idcirco
1520 453 1720 493 maxima

243 529 373 576 putat
407 537 502 563 esse
528 523 739 563 virtutum
776 537 910 572 arma,
936 525 1040 577 quia
1075 532 1271 565 mentem
1308 526 1437 565 simul
1475 526 1719 579 purificant,

244 604 289 638 et
322 599 687 652 perspicaciorem
723 599 922 640 reddunt.
1001 601 1060 641 Et
1095 601 1222 641 Isaac
1257 601 1409 654 SyruS‚
1438 616 1470 642 c.
1498 614 1584 652 44:
1632 602 1720 644 “Si

243 674 504 714 custodieris
542 674 738 727 linguam
778 680 913 724 tuam,
947 676 1078 715 datur
1115 677 1195 716 tibi
1229 690 1254 716 a
1288 677 1387 717 Deo
1423 678 1566 730 gratia
1602 692 1720 718 com-

241 749 495 802 punctionis
534 755 581 789 ut
618 749 661 789 in
704 749 847 802 ipsam
881 751 1076 790 animam
1110 757 1235 791 tuam
1268 752 1433 802 intres;
1471 758 1514 792 et
1551 753 1594 792 in
1635 753 1720 793 hoc

242 823 456 876 gaudium
494 823 707 877 spiritus.''

334 904 388 949 50.
442 899 642 951 Tempus
694 898 963 951 loquacitate
1027 901 1312 941 consumitur.
1397 901 1721 952 Bonaventura,

241 972 363 1013 infra.

329 1048 406 1088 Ad
439 1048 668 1088 vitandam
711 1048 1027 1101 loquacitatem
1059 1049 1238 1090 valent:
1277 1056 1329 1090 10.
1366 1050 1469 1091 Non
1508 1051 1620 1091 affici
1663 1052 1719 1092 ad

242 1136 294 1164 ea
316 1137 415 1176 quae
439 1123 592 1163 mundi
615 1129 728 1163 sunt.
762 1123 1021 1164 Thalassius
1046 1124 1201 1165 Hecat.
1233 1137 1263 1165 Ι.
1288 1139 1320 1165 c.
1346 1126 1411 1166 68.
1442 1132 1496 1165 20.
1522 1125 1720 1166 Assidua

243 1199 393 1239 oratio.
483 1198 529 1238 B.
575 1198 713 1247 Isaac,
758 1197 831 1239 Or.
876 1210 941 1238 21.
981 1205 1024 1239 et
1068 1200 1152 1240 Nil.
1187 1214 1280 1253 sup.
1346 1206 1401 1251 30.
1435 1200 1590 1240 Timor
1631 1200 1717 1241 Dei

240 1273 482 1328 praesentis.
548 1273 673 1313 Isaac
707 1272 779 1314 Or.
805 1274 869 1313 26.
931 1280 991 1324 40.
1028 1274 1201 1316 Silentii
1235 1275 1447 1315 utilitates
1477 1275 1718 1328 inspicere;

244 1349 364 1402 quod
400 1349 606 1396 animam,
646 1354 694 1387 ut
726 1348 894 1388 dictum
933 1355 1008 1397 est,
1045 1349 1274 1402 purificat:
1307 1350 1475 1403 colligit
1510 1351 1719 1399 animam,

245 1437 326 1464 nec
352 1423 536 1463 distrahi
568 1423 735 1476 patitur
766 1424 978 1463 orationis
1001 1430 1226 1477 tempore:
1261 1426 1376 1478 parit
1407 1424 1717 1476 humilitatem,

247 1499 330 1540 Isa.
371 1498 443 1539 Or.
479 1510 516 1551 9.
602 1498 783 1538 Liberat
825 1512 851 1538 a
893 1501 1147 1552 purgatorio
1180 1501 1387 1550 animam,
1423 1507 1472 1540 ut
1508 1506 1632 1553 patet
1673 1501 1717 1540 in

245 1573 373 1627 Spec.
410 1573 528 1614 Disc.
563 1587 630 1613 ex.
668 1572 705 1612 d.
738 1585 782 1632 ¹4.
821 1587 854 1613 c.
891 1574 954 1624 58.
1017 1574 1062 1614 A
1095 1575 1374 1615 daemonibus
1406 1588 1594 1628 quoque,
1624 1577 1719 1627 qui-

246 1649 432 1690 buscum
470 1647 696 1693 bellamus,
736 1654 880 1688 servat
922 1649 1151 1690 immunes.
1218 1650 1379 1690 Probat
1416 1651 1459 1690 id
1505 1650 1720 1703 Chrysos-

243 1730 392 1765 tomus
424 1738 482 1763 ex
515 1722 803 1762 similitudine
836 1737 998 1772 eorum,
1027 1724 1100 1776 qui
1133 1731 1344 1777 pugnant,
1369 1731 1413 1765 et
1444 1725 1487 1764 in
1521 1725 1716 1765 exercitu

245 1805 484 1847 versantur,
509 1798 582 1851 qui
604 1797 721 1838 bello
752 1798 909 1837 intenti
943 1797 1131 1838 multum
1156 1799 1317 1839 silentii
1346 1799 1568 1840 adhibent.
1633 1802 1653 1818 “
1669 1798 1717 1840 Si

247 1888 352 1927 ergo
389 1873 486 1922 illi,”
521 1873 674 1925 inquit,
719 1872 1018 1925 “quibuscum
1061 1874 1350 1925 sensibilibus,
1389 1880 1432 1914 et
1469 1874 1717 1914 carnalibus

246 1948 449 1990 hostibus
491 1946 655 1988 bellum
695 1953 771 1995 est,
811 1948 975 2000 quique
1012 1947 1118 1987 nihil
1161 1962 1218 1988 ex
1255 1949 1530 1989 sermonibus
1571 1949 1716 1988 noceri

244 2029 466 2078 poterunt,
509 2028 636 2062 tanto
683 2028 865 2062 utuntur
916 2022 1101 2071 silentio,
1144 2029 1202 2072 tu,
1246 2025 1314 2063 cui
1357 2025 1401 2063 in
1442 2024 1716 2064 sermonibus

244 2100 411 2141 bellum
435 2105 511 2148 est,
535 2098 624 2137 imo
646 2098 792 2151 potior
813 2111 914 2150 pars
936 2098 1050 2147 belli,
1075 2112 1172 2138 eam
1196 2099 1275 2138 tibi
1298 2105 1468 2152 partem
1491 2099 1714 2139 incautam

241 2175 474 2227 relinques,
501 2178 545 2213 et
577 2171 798 2212 nudam?''
833 2173 876 2211 in
899 2186 932 2212 c.
960 2181 993 2223 5.
1018 2173 1074 2212 ad
1109 2173 1269 2226 Ephes.
1292 2173 1408 2214 hom.
1438 2183 1497 2226 17.
1534 2174 1714 2226 Liberat

243 2250 467 2290 silentium
502 2262 528 2288 a
561 2247 784 2288 sexcentis
821 2247 1035 2300 periculis,
1070 2248 1112 2287 in
1146 2262 1243 2301 quae
1282 2249 1472 2289 incidere
1503 2249 1714 2289 verbosus

241 2324 382 2374 solet,
415 2323 528 2375 quia,
559 2328 737 2362 auctore
775 2321 879 2361 Nilo
912 2322 955 2361 in
989 2322 1185 2363 Pal-aen:
1220 2322 1408 2364 “Satius
1445 2329 1511 2363 est
1547 2329 1712 2363 temere

243 2398 439 2451 lapidem
473 2397 657 2445 mittere,
692 2410 824 2449 quam
857 2397 1076 2454 verbum.''

334 2473 386 2512 In
428 2472 678 2524 quantitate
730 2484 818 2510 non
871 2470 1013 2510 solum
1066 2471 1303 2511 multitudo
1345 2472 1590 2521 verborum,
1637 2473 1714 2512 sed

247 2549 381 2589 etiam
404 2546 541 2586 nimia
563 2551 697 2597 atque
726 2545 1038 2597 intempestiva
1060 2547 1275 2586 sermonis
1296 2547 1487 2599 parcitas
1510 2547 1715 2587 evitanda

245 2629 337 2664 est:
390 2635 470 2661 nec
511 2620 629 2660 enim
679 2620 824 2659 minus
865 2620 1023 2660 vitiosa
1066 2621 1287 2660 interdum
1330 2627 1396 2661 est
1438 2622 1713 2662 taciturnitas

243 2698 552 2750 inopportuna,
596 2707 728 2747 quam
767 2694 902 2734 stulta
936 2694 1205 2748 loquacitas;
1248 2696 1491 2749 praesertim
1533 2696 1568 2735 si
1610 2709 1710 2736 cum

240 2771 506 2819 hominibus,
526 2775 570 2810 et
593 2770 705 2809 inter
726 2758 928 2809 homines
947 2770 1130 2822 agimus.
1166 2770 1305 2811 Recte
1327 2771 1444 2811 enim
1464 2770 1711 2823 Gregorius,

240 2845 265 2886 1.
292 2856 326 2896 3.
354 2859 458 2884 mor.
484 2858 516 2885 c.
540 2853 576 2896 7.
642 2842 905 2892 “Duobus‚’'
939 2844 1091 2896 inquit,
1127 2845 1308 2884 “modis
1339 2844 1466 2885 labiis
1498 2845 1712 2897 delinqui-

242 2933 352 2970 mus,
377 2933 477 2960 cum
508 2924 586 2959 aut
609 2917 771 2971 injusta
794 2918 991 2968 dicimus,
1016 2925 1092 2959 aut
1119 2919 1239 2971 justa
1261 2920 1520 2960 reticemus:
1553 2933 1656 2959 nam
1678 2919 1714 2960 si
