1903 3197
379 152 613 199 Studium
648 147 879 194 servandi
914 147 1294 194 Constitutione&
1515 156 1572 202 25

112 289 157 330 B.
177 287 455 340 Augustinus
497 285 539 323 in
581 281 731 335 regula
772 280 1079 334 poenitentiam
1122 279 1279 319 saltem
1326 277 1574 317 interiorem

111 359 315 402 suadet:1
359 358 484 399 “Ubi
526 355 640 405 vos,’'
674 356 825 407 inquit,
860 353 1148 392 “inveneritis
1185 365 1247 399 ea,
1282 365 1380 403 quae
1416 351 1577 403 scripta

112 441 225 485 sunt,
263 435 484 479 facientes,
521 431 637 483 agite
678 429 842 482 gratias
886 427 1080 466 Domino
1122 425 1340 464 bonorum
1378 424 1577 464 omnium

111 509 332 562 largitori:
364 507 437 546 ubi
459 512 608 545 autem
641 503 722 543 sibi
755 503 1021 554 quicumque
1052 505 1246 539 vestrum
1268 498 1390 538 videt
1412 498 1577 550 aliquid

111 583 274 631 deesse,
312 580 460 620 doleat
496 580 551 619 de
592 577 825 631 praeterito,
861 580 1014 615 caveat
1047 574 1103 613 de
1140 574 1315 621 futuro,
1363 585 1490 611 orans
1529 578 1578 612 ut

112 657 312 697 debitum
344 652 638 694 demittatur.’'

200 730 259 769 Et
300 728 383 768 hoc
425 727 628 767 intimum
681 726 724 765 in
766 725 916 778 primis
964 723 1237 776 pcenitentiae
1280 734 1418 775 genus
1459 721 1578 761 haud

112 802 245 843 dubie
267 807 415 841 noster
443 801 573 841 Pater
601 798 817 851 intelligit,
852 797 967 837 unde
994 803 1199 836 nascatur
1228 795 1434 843 exterius,
1460 793 1579 847 quod

110 890 210 917 vere
242 876 298 916 sit
329 875 543 915 interioris
573 887 685 914 curae
719 878 763 913 et
791 871 996 925 spiritalis
1029 871 1250 910 indicium.
1315 868 1580 908 Poenitentia

111 957 261 992 autem
286 950 478 990 exterior
500 948 662 1001 duplici
687 947 856 987 ratione
879 946 922 985 in
947 945 1324 985 Constitutionum
1344 943 1581 983 violatione

111 1024 333 1078 poscenda
371 1022 496 1062 nobis
534 1027 627 1061 est:
665 1021 870 1073 primum,
913 1024 961 1058 ut
1002 1018 1137 1070 ipsius
1180 1030 1324 1070 poenae
1368 1017 1581 1056 memoria

112 1097 329 1139 admoniti
351 1096 634 1136 violationem
658 1094 799 1147 ipsam
823 1094 866 1132 in
889 1098 1114 1145 posterum
1138 1104 1371 1131 caveamus
1390 1104 1398 1130 ε
1421 1090 1581 1130 deinde

114 1185 169 1211 ne
220 1176 320 1224 post
362 1176 548 1209 mortem
600 1173 956 1219 contemptorum
1009 1165 1155 1217 legum
1198 1178 1343 1217 poenae
1387 1178 1412 1204 a
1454 1163 1581 1204 nobis

114 1250 390 1297 repetantur:
412 1242 559 1281 “Nam
583 1241 694 1281 sicut
718 1241 933 1280 immensa
955 1238 1127 1292 gloria,⁷’
1149 1238 1385 1279 Cassianus
1409 1236 1583 1289 inquit,2

115 1318 334 1358 “fideliter
349 1317 447 1356 Deo
463 1315 750 1355 servientibus
767 1320 809 1354 et
825 1314 1066 1353 secundum
1082 1312 1243 1372 regulae
1261 1312 1580 1352 institutionem

115 1392 152 1432 ei
184 1390 511 1431 adhaerentibus
540 1388 859 1441 repromittitur
890 1387 933 1426 in
966 1387 1186 1426 futurum:
1220 1387 1282 1425 ita
1310 1399 1455 1438 poenae
1485 1398 1582 1436 gra-

113 1466 305 1505 vissimae
343 1468 646 1516 praeparantur
681 1461 758 1510 his,
791 1462 865 1513 qui
904 1473 1001 1500 eam
1035 1459 1184 1512 tepide
1221 1458 1583 1511 negligenterque

114 1539 275 1579 fuerint
297 1535 507 1578 executi.'’
572 1535 719 1588 Quare
741 1535 776 1575 si
800 1548 888 1574 non
911 1534 969 1574 ob
991 1533 1121 1582 aliud,
1145 1538 1261 1572 certe
1283 1537 1331 1571 ut
1354 1532 1582 1584 purgantis

115 1614 227 1666 ignis
259 1625 414 1665 poenas
444 1616 545 1664 post
574 1616 761 1658 mortem
796 1609 1046 1656 evadamus,
1069 1607 1207 1647 satius
1241 1612 1308 1646 est
1341 1605 1583 1658 perexigua

115 1686 244 1736 hujus
290 1687 391 1726 vitae
445 1698 588 1738 poena,
633 1683 1011 1724 Constitutionum
1053 1681 1338 1721 violationem
1391 1680 1583 1732 expiare.

118 1760 216 1800 Imo
240 1761 335 1812 ipsa
358 1758 604 1811 regularum
630 1757 916 1808 Institutique
939 1756 1187 1795 observatio
1209 1768 1234 1794 a
1257 1754 1426 1793 caeteris
1450 1753 1583 1792 etiam

117 1834 309 1886 peccatis
344 1831 554 1885 expiandi
580 1831 787 1870 virtutem
822 1830 966 1877 habet,
995 1842 1050 1868 ne
1080 1829 1166 1868 sint
1201 1828 1327 1867 nobis
1358 1825 1584 1879 expianda

117 1912 219 1960 post
270 1912 466 1946 mortem.
551 1904 668 1945 Sane
715 1903 901 1955 legimus
954 1903 997 1941 in
1050 1901 1353 1940 Franciscanze
1406 1899 1582 1939 familiae

117 1978 362 2027 chronicis,3
395 1992 494 2018 cum
533 1978 664 2017 frater
695 1977 876 2029 quidam
919 1990 976 2015 ex
1018 1981 1149 2028 pacto
1192 1980 1325 2026 atque
1366 1977 1584 2012 conventu

115 2053 240 2093 alteri
277 2058 379 2105 post
421 2057 610 2092 mortem
650 2051 768 2091 fratri
800 2050 917 2089 visus
957 2055 1080 2096 esset,
1116 2049 1227 2087 inter
1259 2054 1418 2087 metesa
1460 2046 1504 2086 id
1547 2046 1585 2085 ei

116 2127 345 2175 indicasse,
376 2126 548 2178 quoties
578 2124 760 2165 fratrum
793 2124 1016 2163 Minox-um
1046 2123 1204 2162 animae
1236 2123 1278 2161 in
1308 2120 1585 2174 purgatorias

117 2200 213 2240 illas
235 2200 360 2240 sedes
383 2199 671 2246 deducuntur,
697 2198 885 2250 reliquas
907 2197 1087 2244 animas,
1108 2210 1205 2248 quse
1233 2196 1291 2235 ibi
1318 2194 1584 2247 expiationis

119 2287 250 2314 causa
302 2274 562 2322 detinentur,
605 2272 754 2312 solitas
806 2284 900 2311 esse
953 2271 995 2310 id
1049 2270 1131 2309 illis
1178 2270 1239 2309 sic
1285 2268 1584 2321 exprobrare:

120 2347 306 2400 “Quare
346 2347 432 2387 huc
468 2348 524 2387 ad
568 2360 647 2386 nos
683 2344 950 2385 descendere
988 2343 1202 2383 maluistis
1239 2343 1296 2382 ad
1338 2342 1586 2394 expiandas

120 2434 261 2461 noxas
282 2426 460 2468 vestras,
484 2434 594 2472 quas
623 2420 666 2459 in
696 2431 877 2471 corpore
907 2418 1061 2457 melius
1091 2417 1347 2468 faciliusque
1376 2415 1588 2468 poteratis

122 2494 318 2535 Instituti
359 2495 492 2535 vestri
534 2493 840 2534 observatione
882 2490 1128 2545 purgare?”
1191 2491 1288 2530 Aut
1330 2490 1462 2542 igitur
1502 2489 1587 2529 hoc

121 2569 240 2620 quod
282 2556 463 2621 professi
507 2581 669 2617 sumus,
707 2571 960 2607 constanter
991 2565 1101 2605 tueri
1133 2570 1267 2617 atque
1309 2564 1469 2616 exequi
1511 2563 1586 2603 de-

119 2643 285 2692 bemus,
317 2644 352 2682 si
385 2643 568 2682 liberum
599 2647 754 2695 postea
784 2654 807 2680 e
841 2640 1095 2693 corporibus
1128 2640 1311 2686 exitum,
1340 2644 1383 2678 et
1416 2638 1472 2677 ab
1504 2636 1587 2676 illis

120 2721 266 2755 tutum
300 2716 473 2768 ignibus
506 2721 825 2768 expectamus3
858 2720 934 2753 aut
964 2719 1080 2753 certe
1112 2726 1190 2765 pro
1211 2711 1386 2752 violatis
1417 2709 1587 2761 legibus

717 2819 729 2838 ¹
754 2829 773 2852 2
792 2821 875 2862 Reg.
893 2831 920 2852 c.
937 2828 989 2859 49.

413 2871 427 2890 ²
450 2873 489 2904 L.
509 2882 538 2913 4
559 2873 656 2911 Inst.,
677 2883 703 2904 c.
726 2879 776 2913 33.
914 2869 927 2889 ³
951 2879 969 2901 2
989 2871 1076 2908 Pan,
1097 2869 1119 2900 1.
1140 2875 1170 2910 5,
1190 2879 1216 2900 c.
1239 2868 1297 2908 39.'
