1903 3197
436 209 514 255 De
546 225 592 254 se
627 208 822 253 z‘uw'cem
853 207 1221 267 mczm'fi’stando.
1472 211 1557 265 165

94 356 282 383 errorem
322 355 479 389 meum,
519 354 651 393 quem
689 340 800 380 forte
838 340 1052 379 inveneris
1091 340 1133 379 in
1169 339 1295 379 factis
1330 339 1398 379 vel
1433 339 1561 380 dictis

95 416 239 458 meis.”
304 416 392 457 Sed
428 421 643 467 quantum
678 413 893 453 laedamus
928 413 1081 452 fratres
1117 414 1248 453 noxis
1284 427 1432 453 eorum
1473 427 1560 454 non

93 490 348 539 indicandis,
393 489 521 529 docet
577 489 711 528 etiam
772 486 971 527 Basilius.
1067 486 1166 538 Qui,
1219 500 1319 525 cum
1373 487 1560 528 dixisset

94 579 226 605 omne
286 570 514 617 peccatum
572 563 626 602 ad
694 562 985 614 Praepositum
1049 560 1336 600 deferendum
1398 562 1453 600 ab
1511 562 1560 602 iis

96 640 171 692 qui
214 639 326 688 illius
367 638 527 678 conscii
580 643 691 684 sunt,
737 635 847 675 infra
898 635 993 674 haec
1045 634 1251 686 subjicit:
1305 634 1561 674 “Videlicet

96 719 325 766 peccatum
378 712 645 752 abscondere
698 709 804 750 nihil
857 715 922 749 est
974 709 1104 757 aliud,
1148 722 1281 760 quam
1325 710 1560 760 {egrotanti

97 787 320 839 cooperari
350 786 405 825 ad
437 791 623 824 mortem
644 783 687 833 ;''
723 790 765 823 et
789 797 923 823 mox:
956 783 1064 822 “Ne
1094 782 1239 829 alius,''
1273 782 1425 833 inquit,
1456 781 1562 821 “alii

97 861 153 901 ad
179 860 468 900 occulendum
492 865 721 912 peccatum
746 858 995 911 opituletur,
1020 871 1074 897 ne
1097 871 1175 909 pro
1199 856 1390 896 fraterno
1414 870 1563 896 amore

95 935 302 975 succedat
320 932 663 974 fratricidium.''1
699 933 749 972 In
773 933 1048 984 eandemque
1067 932 1333 971 sententiam
1356 931 1400 970 B.
1421 931 1562 970 Doro-

96 1008 252 1049 theus:
302 1012 320 1028 “
347 1009 392 1049 Si
426 1007 603 1047 fratrem
636 1007 879 1059 conspicias
912 1020 1140 1059 perperam
1175 1006 1280 1058 quid
1314 1005 1560 1051 facientem,

99 1096 152 1122 116
182 1082 303 1121 illum
334 1095 524 1134 spernes,
548 1095 602 1120 ne
632 1087 788 1127 taceas,
819 1096 868 1120 ac
899 1081 1036 1133 perire
1066 1081 1322 1133 permittas:
1356 1080 1432 1119 sed
1463 1093 1562 1118 cum

101 1156 395 1196 misericordia
438 1162 480 1195 et
523 1156 680 1195 timore
724 1155 808 1194 Dei
852 1155 911 1194 illi
955 1154 1108 1202 revela,
1142 1154 1216 1206 qui
1261 1155 1399 1206 possit
1443 1153 1564 1192 illum

100 1229 299 1282 erigere.’'
363 1229 581 1269 Tollenda
619 1235 684 1268 est
722 1229 853 1281 igitur
890 1229 1033 1268 omnis
1070 1228 1264 1267 humana
1302 1227 1565 1267 verecundia

98 1306 204 1344 dum
238 1317 436 1343 veremur
468 1317 521 1342 ne
556 1302 760 1342 fratribus
797 1302 1042 1341 indicandis
1074 1301 1276 1341 malevoli
1312 1302 1565 1349 videamur;

99 1384 142 1417 et
175 1377 395 1417 induenda
432 1377 631 1424 charitas,
664 1390 717 1416 ne
752 1383 827 1416 aut
863 1390 1011 1415 eorum
1048 1375 1285 1428 spiritualis
1320 1375 1568 1427 negligatur

100 1451 277 1500 utilitas,
301 1457 376 1491 aut
399 1450 566 1497 vulnus,
595 1452 712 1503 quod
737 1451 878 1490 sanari
904 1450 1139 1489 indicando
1169 1455 1353 1502 poterat,
1377 1449 1568 1488 deterius

98 1525 361 1565 occultando
404 1531 636 1577 putrescat.
720 1524 871 1576 Atque
915 1525 974 1564 ita
1017 1524 1196 1563 demum
1235 1524 1362 1563 tertia
1401 1523 1567 1562 tollitur

100 1599 344 1639 difficultas.

189 1673 416 1713 Hactenus
461 1674 591 1725 igitur
633 1673 687 1712 de
732 1672 1070 1712 Constitutionis
1120 1671 1250 1723 hujus
1293 1671 1565 1712 difficultate.

104 1747 261 1787 Restat
284 1753 331 1787 ut
354 1747 409 1786 de
437 1747 569 1786 modo
602 1746 826 1786 deferendi
857 1746 1066 1793 dicamus,
1102 1746 1144 1785 id
1177 1747 1295 1798 quod
1327 1747 1567 1798 posteriore

101 1819 198 1860 loco
250 1820 525 1872 propositum
569 1826 670 1859 erat.
757 1819 959 1871 Quatuor
1006 1826 1153 1859 autem
1198 1819 1472 1859 conditiones
1525 1820 1568 1858 in

104 1894 341 1933 deferendo
364 1907 420 1932 ex
449 1893 646 1944 ejusdem
672 1893 1011 1932 Constitutionis
1034 1892 1176 1931 verbis
1204 1893 1428 1932 servandae
1456 1898 1567 1934 sunt.

103 1967 247 2007 Prima
270 1967 490 2019 colligitur
512 1981 569 2006 ex
592 1980 643 2006 eo
667 1966 821 2006 verbo:
847 1966 1020 2006 “Parati
1040 1966 1126 2006 sint
1145 1965 1460 2015 1nanifesta1·e,''
1480 1980 1569 2018 quo

103 2041 228 2081 nobis
270 2040 541 2093 significatur
585 2054 671 2080 non
711 2054 804 2079 esse
847 2040 902 2079 ad
946 2039 1206 2080 deferendos
1247 2040 1400 2080 fratres
1438 2041 1568 2080 nimis

102 2115 259 2168 cupide
295 2115 623 2163 festinandum,
668 2127 755 2153 non
791 2114 907 2152 enim
945 2113 1214 2153 Constitutio
1249 2127 1329 2154 nos
1365 2114 1569 2154 manifes-

99 2195 205 2239 tare,
224 2189 300 2229 sed
324 2188 380 2229 ad
404 2189 446 2228 id
470 2188 692 2241 agendum
713 2187 839 2240 jubet
862 2201 956 2227 esse
980 2194 1168 2240 paratos.
1211 2188 1319 2227 Ideo
1342 2188 1569 2227 sciendum

101 2263 213 2304 hanc
267 2263 669 2303 manifestationem
722 2262 938 2315 triplicem
992 2261 1097 2314 fingi
1150 2275 1308 2314 posse:
1362 2262 1567 2311 Primam,

102 2351 202 2378 cum
245 2352 325 2378 nos
363 2338 443 2390 ipsi
487 2336 601 2377 ultro
635 2336 872 2376 deferimus
915 2336 1079 2385 fratres,
1113 2336 1244 2375 nullis
1283 2336 1567 2389 Superiorum

100 2412 169 2453 vel
206 2412 410 2465 imperiis,
435 2411 503 2451 vel
539 2411 958 2462 interrogationibus
991 2410 1208 2459 lacessiti;
1247 2417 1290 2450 et
1321 2410 1434 2450 hanc
1466 2424 1568 2451 con-

100 2486 227 2526 tineri
250 2486 446 2538 regulam
480 2485 634 2534 verbis,
665 2499 722 2524 ex
745 2485 953 2525 adverbio
977 2484 1062 2533 illo,
1087 2484 1399 2537 “praesertim,”
1423 2490 1571 2537 potest

101 2559 316 2611 intelligi:
351 2559 614 2608 Secundam,
648 2573 747 2599 cum
781 2573 805 2598 a
840 2558 1073 2612 Superiore
1112 2558 1154 2598 id
1191 2559 1456 2611 imperatum
1489 2564 1567 2606 est,

101 2640 145 2673 et
187 2647 238 2673 ea
281 2633 406 2674 nobis
449 2647 551 2673 cura
595 2632 859 2683 mandatur;
903 2640 946 2673 et
989 2634 1043 2673 de
1085 2632 1168 2673 hac
1211 2632 1569 2672 manifestatione

104 2707 374 2748 Constitutio
416 2707 533 2756 dicit,
575 2707 647 2747 ubi
682 2707 1022 2760 “praescriptum
1055 2721 1081 2747 a
1114 2706 1336 2760 Superiori
1379 2704 1571 2746 fuerit:⁷’

103 2781 311 2831 Tertiam,
355 2794 455 2821 cum
502 2781 559 2821 ab
601 2780 759 2822 eodem
803 2781 1049 2834 Superiore‚
1082 2780 1230 2821 delicti
1274 2777 1569 2832 cognoscendi

104 2868 248 2904 causa,
282 2855 611 2908 interrogamur.
676 2854 946 2896 Constitutio
979 2855 1112 2908 igitur
1140 2855 1379 2895 secundam
1411 2859 1456 2894 et
1485 2857 1572 2893 ter-

666 2944 679 2964 ¹
703 2945 744 2977 In
761 2946 872 2977 Ascet.
894 2955 920 2978 c.
941 2944 993 2986 46.
