1903 3197
639 137 717 182 De
748 137 1002 184 Exmnz'ne.
1454 153 1476 182 2
1488 149 1512 196 7
1523 153 1540 183 1

84 268 371 321 postmodum
413 268 456 307 in
496 281 630 320 poena
668 281 755 307 non
791 267 1039 320 parcitu1·.'’¹
1121 268 1376 308 Consimilia
1409 266 1543 309 dicit.2

84 340 189 380 Non
241 341 372 394 igitur
417 346 704 393 expectemus
761 342 866 381 dum
922 343 1226 393 appendamur
1276 343 1319 381 in
1381 348 1543 382 statera

86 419 298 466 tanquam
332 413 582 454 Balthassar
615 412 748 463 ReX,3
769 421 812 454 et
838 414 981 453 minus
1012 413 1226 453 habentes
1257 414 1538 462 inveniamur,

86 486 163 527 sed
193 487 495 540 appendamus
524 501 603 527 nos
632 488 713 540 ipsi
743 488 785 526 in
815 487 939 527 lance
969 492 1012 527 et
1037 487 1201 526 trutina
1230 487 1346 527 facta
1375 495 1543 537 nostra;

87 565 135 599 ut
157 560 262 600 dum
285 561 428 600 minus
450 561 662 601 habentes
684 562 765 614 ipsi
789 575 868 601 nos
891 560 1270 613 deprehendimus,
1291 573 1542 600 revocemus

86 647 259 686 gressus
301 640 484 683 nostros,
519 640 562 674 et
599 647 741 674 mores
782 640 953 674 nostros
995 646 1324 686 componamus,
1360 639 1407 672 ut
1444 646 1542 672 cum

86 719 314 759 supremus
344 707 415 746 ille
437 707 530 747 dies
559 707 795 755 advenerit,
814 721 901 759 quo
934 706 1158 746 reddenda
1181 706 1412 757 unicuique
1435 705 1544 745 ratio

86 784 162 828 est,
186 780 421 831 probemur
453 780 511 819 illi
536 781 608 832 qui
642 786 857 821 scrutatur
888 781 1018 820 corda
1051 787 1093 819 et
1126 793 1256 819 renes.

218 979 244 1034 ξ
278 991 546 1032 3.——QUOAD
580 993 763 1024 MODUM
800 992 1123 1023 DISCUTIENDI
1159 992 1211 1021 SE
1246 990 1406 1021 IPSUM.

170 1079 270 1130 Jam
315 1080 547 1120 Examinis
579 1082 821 1133 quotidiani
861 1083 971 1121 ratio
1002 1087 1135 1132 atque
1167 1080 1323 1120 modus
1355 1079 1542 1119 traditur

85 1165 111 1191 a
144 1151 185 1190 P.
212 1152 263 1191 N.
291 1153 463 1205 Ignatio
495 1154 537 1193 in
572 1155 807 1194 Exercitiis
838 1154 1145 1206 spiritualibus
1179 1153 1386 1192 membris
1418 1153 1543 1204 quin-

86 1238 171 1276 que
208 1226 447 1266 distinctus.
529 1227 604 1266 Ab
642 1241 693 1267 eo
730 1228 934 1266 nimirum
973 1227 1188 1279 petendus
1227 1231 1303 1274 est,
1340 1239 1419 1265 nec
1456 1238 1543 1265 non

87 1297 240 1336 melior
294 1304 370 1338 aut
427 1300 799 1340 accommodatior
853 1300 1073 1352 praescribi
1127 1313 1152 1338 a
1209 1299 1335 1338 nobis
1387 1304 1542 1350 potest.

88 1368 241 1409 Solum
280 1371 544 1423 explicanda
578 1373 780 1412 videntur
820 1373 978 1425 aliqua,
1018 1378 1061 1412 et
1097 1372 1395 1412 dubitationes
1437 1384 1545 1410 non-

86 1441 228 1490 nullae,
272 1456 370 1494 quae
413 1445 456 1483 in
497 1446 623 1497 praxi
666 1451 851 1498 possunt
892 1446 1093 1492 incidere,
1138 1458 1225 1484 non
1267 1444 1359 1483 sine
1411 1444 1543 1483 animi

86 1515 275 1555 utilitate
313 1516 530 1558 tollendae.

173 1589 242 1627 Ac
283 1590 472 1641 primum
515 1592 693 1643 quidem
736 1591 989 1644 singillatim
1028 1592 1082 1631 de
1120 1591 1273 1642 quovis
1312 1590 1545 1629 Examinis

88 1662 296 1710 membro,
338 1664 394 1702 ad
437 1671 686 1704 extremum
722 1679 823 1705 vero
865 1666 1065 1704 universe
1101 1664 1156 1703 de
1184 1669 1280 1703 toto
1324 1663 1546 1702 Examine

87 1735 339 1785 generatim.
404 1737 455 1775 In
491 1739 633 1789 primo
665 1739 843 1790 quidem
877 1739 1087 1784 membro,
1124 1738 1241 1789 quod
1277 1736 1331 1776 de
1364 1736 1546 1788 agendis

89 1806 187 1845 Deo
217 1809 368 1859 gratiis
410 1823 488 1861 pro
531 1811 751 1850 beneficiis
783 1812 974 1863 acceptis
1006 1816 1083 1858 est,
1117 1811 1203 1850 tria
1230 1810 1390 1849 habere
1423 1809 1549 1848 dubi-

86 1878 299 1919 tationem
333 1889 525 1933 possunt.
594 1890 646 1923 10.
673 1884 761 1923 Cur
795 1885 837 1923 in
866 1885 946 1931 via,
977 1897 1074 1935 quae
1108 1882 1266 1921 dicitur
1301 1882 1545 1933 Purgativa,

88 1952 227 2003 qualis
288 1960 354 1993 est
404 1956 646 2007 quotidiani
709 1957 936 2004 examinis,
984 1956 1250 1996 admiscetur
1307 1954 1546 2005 gratiarum

88 2025 201 2064 actio
232 2039 311 2077 pro
344 2027 575 2076 beneficiis,
609 2030 727 2081 quod
761 2030 976 2081 pertinere
1007 2029 1179 2068 videtur
1210 2027 1265 2066 ad
1297 2028 1413 2066 viam
1446 2040 1544 2078 quae

86 2097 244 2137 dicitur
264 2098 454 2140 Unitiva.
518 2107 573 2141 20.
599 2101 686 2142 Cur
708 2102 989 2154 anteponitur
1009 2101 1248 2154 gratiarum
1272 2100 1386 2140 actio
1408 2100 1546 2139 veniae

86 2170 297 2222 petitioni,
320 2172 493 2213 videtur
524 2174 639 2214 enim
670 2176 789 2227 prius
822 2175 1099 2227 deprecanda
1131 2173 1270 2221 venia,
1304 2178 1399 2212 tum
1432 2173 1547 2211 actio

86 2242 336 2284 adhibenda
357 2246 606 2297 gratiarum.
670 2246 780 2299 Quis
812 2261 913 2287 nam
943 2247 1117 2300 placare
1138 2246 1289 2286 volens
1318 2245 1545 2293 offensum,

88 2316 484 2358 reconciliationem
519 2321 671 2372 gratiae
709 2322 936 2361 exorditur
972 2321 1027 2360 ab
1065 2319 1237 2359 actione
1273 2318 1548 2371 gratiarum?

89 2394 143 2438 30.
188 2390 242 2429 de
279 2391 541 2442 quibusnam
585 2394 806 2434 beneficiis
847 2401 948 2434 sunt
984 2392 1246 2433 adhibendae
1287 2392 1454 2444 gratiae,
1492 2391 1547 2431 de

88 2461 353 2503 universisne
385 2471 428 2504 et
462 2467 779 2515 communibus,
814 2473 890 2507 aut
922 2467 976 2507 de
1008 2466 1187 2519 privatis
1220 2471 1263 2505 et
1294 2464 1545 2504 hodiernis?

87 2532 182 2572 Nec
204 2535 320 2574 enim
343 2537 385 2576 id
409 2538 602 2590 explicat
628 2553 677 2580 ac
700 2540 929 2593 distinguit
964 2540 1006 2579 P.
1027 2539 1236 2592 IgnatiuS.
1302 2537 1386 2576 His
1409 2536 1546 2576 tribus

87 2606 437 2650 dubitationibus
461 2617 508 2651 ut
530 2612 659 2651 simul
682 2627 769 2653 una
790 2612 1073 2653 satisfaciam.

175 2680 442 2733 Respondeo
460 2685 661 2736 primum,
678 2686 839 2726 Divino
859 2686 1053 2726 afflatum
1075 2684 1238 2737 Spiritu
1259 2684 1302 2724 P.
1321 2681 1544 2734 Ignatium

86 2751 200 2793 hanc
242 2757 553 2797 examinandae
594 2760 872 2799 conscientiae
914 2759 1100 2799 formam
1142 2757 1269 2797 nobis
1311 2753 1545 2806 reliquisse.

186 2840 199 2860 ¹
224 2843 343 2876 Moral.
364 2844 385 2877 1.
411 2853 457 2878 11.
478 2856 505 2877 c.
525 2853 576 2887 35.
712 2847 724 2866 2
749 2848 866 2880 Moral.
887 2847 908 2880 1.
929 2854 981 2886 2ς.
1002 2858 1030 2878 c.
1050 2845 1079 2878 8.
1216 2843 1229 2864 ³
1253 2843 1384 2876 Daniel.
1408 2849 1437 2884 5.
