1903 3197
241 158 334 203 312
567 144 645 189 De
679 144 867 190 ratione
901 143 1092 190 vivendi
1127 144 1384 190 Socz'clcztz‘s.

326 274 476 315 Tertia
519 277 629 315 ratio
672 282 748 322 est,
792 278 893 329 quia
938 277 1115 317 castitas
1167 277 1530 329 prcestantissima
1566 278 1703 317 virtus

239 355 304 388 est
347 355 389 388 et
432 349 715 395 nobilissima,
751 363 853 403 ergo
896 351 977 390 nisi
1019 350 1211 403 perfecte
1253 350 1430 395 colatur.
1470 351 1701 390 minimum

237 422 444 474 quodque
466 423 619 462 vitium
651 424 693 463 in
725 438 775 464 ea
797 424 926 464 valde
957 425 1150 471 eminet;
1185 438 1286 463 nam
1321 437 1409 476 quo
1442 423 1703 464 laudabilior

237 502 303 535 est
335 496 482 544 virtus,
517 510 568 536 eo
601 498 741 550 magis
776 499 893 550 quod
933 512 1030 538 eam
1070 497 1288 537 deformat
1321 503 1454 549 atque
1492 497 1715 549 inquinat,.

234 571 400 610 vitium.
466 570 634 611 Idcirco
668 571 772 611 nihil
805 572 1079 624 impudicitia
1112 585 1161 611 ac
1194 571 1376 611 libidine
1406 571 1576 619 foedius,
1600 571 1702 624 quia

236 644 342 683 nihil
365 645 603 697 speciosius
626 647 848 694 castitate;
880 647 940 686 ita
964 651 1010 685 ut
1028 645 1094 685 vel
1125 659 1181 685 ex
1212 646 1306 698 ipso
1328 646 1436 685 vitio
1459 646 1700 685 admodum

233 717 466 758 laudabilis
514 719 771 759 ostendatur
821 719 950 771 hujus
1012 725 1168 759 natura
1214 719 1396 759 virtutis.
1475 719 1538 759 Ut
1585 719 1700 759 enim

234 792 572 844 philosophatur
608 792 915 844 Augustinus:
960 792 1137 843 “Cujus
1180 799 1295 832 recte
1331 794 1605 845 vituperatur
1641 793 1700 832 vi-

234 866 357 913 tium,
393 865 543 917 procul
582 866 715 905 dubio
753 873 908 905 natura
943 866 1172 914 laudatur;
1206 872 1324 905 recta
1360 866 1575 917 siquidem
1611 867 1702 906 vitii

235 940 499 991 vituperatio
535 945 610 987 est,
646 938 764 990 quod
807 939 881 978 illo
913 939 1231 978 dehonestatur
1268 946 1422 978 natura
1461 940 1702 980 laudabilis.

238 1013 362 1053 Sicut
395 1026 498 1065 ergo
520 1013 674 1052 vitium
709 1012 934 1052 oculorum
965 1013 1124 1052 dicitur
1158 1013 1344 1060 czecitas,
1370 1013 1412 1052 id
1447 1013 1703 1057 ostenditur.

236 1086 355 1137 quod
398 1087 453 1126 ad
498 1092 699 1126 naturam
739 1086 964 1126 oculorum
1009 1087 1199 1139 pertinet
1230 1087 1359 1133 visus,
1394 1100 1481 1138 quo
1519 1086 1625 1126 nihil
1663 1087 1704 1126 in

236 1161 460 1200 animante
490 1159 771 1212 pulc111·ius.''1
835 1160 907 1201 Sic
938 1174 994 1200 ex
1028 1162 1123 1213 ipso
1145 1161 1252 1200 vitio
1276 1161 1502 1209 castitatis,
1526 1160 1706 1201 libidine

236 1234 416 1286 inquam
469 1248 568 1286 quze
621 1235 860 1286 opponitur
910 1236 1115 1281 castitati,
1162 1235 1268 1274 satis
1321 1236 1526 1287 arguitur,
1571 1249 1704 1287 quam

241 1308 398 1348 nobilis
460 1314 765 1360 prfestansque
834 1309 889 1348 sit
951 1309 1139 1356 castitas,
1208 1323 1258 1348 ac
1329 1310 1513 1361 proinde
1575 1323 1706 1361 quam

235 1381 430 1422 studiose
497 1381 776 1434 perfecteque
845 1382 1067 1422 servanda.
1173 1382 1334 1422 Libido
1395 1389 1542 1422 autem
1611 1383 1705 1435 ipsa

235 1469 369 1507 quam
402 1456 456 1495 sit
494 1455 610 1495 sceda
645 1469 694 1495 ac
733 1455 999 1496 dedecorosa
1038 1471 1127 1508 prae
1166 1457 1335 1496 creteris
1373 1456 1612 1504 affectibus,
1647 1470 1702 1496 ex

234 1543 286 1569 eo
333 1528 463 1568 docet
504 1529 783 1581 Augustinus
828 1530 945 1581 quod
996 1529 1189 1569 libidinis
1235 1543 1368 1582 opera
1418 1535 1461 1569 et
1506 1530 1704 1570 membra

233 1603 546 1643 abscondimus
588 1608 767 1655 propter
809 1603 1035 1655 pudorem,
1079 1610 1336 1643 caetei·oruln
1381 1609 1529 1643 autem
1574 1604 1703 1644 affec—

233 1683 357 1716 tuum
389 1690 474 1715 non
503 1677 607 1715 item
629 1691 635 1722 ;
661 1677 932 1728 “Magisque
962 1677 1044 1716 fert
1071 1677 1204 1716 homo
1232 1678 1527 1728 spectantium
1558 1676 1705 1717 multi-

232 1749 470 1795 tudinem,''
504 1756 552 1789 ut
587 1749 702 1789 idem
742 1750 813 1795 ait,
838 1752 1051 1801 “quando
1092 1750 1251 1801 injuste
1290 1751 1487 1789 irascitur
1523 1750 1702 1795 homini,

233 1837 367 1876 quam
383 1824 449 1863 vel
473 1823 598 1862 unius
624 1829 863 1875 aspectum,
880 1824 1058 1875 quando
1077 1824 1194 1875 juste
1213 1824 1421 1863 miscetur
1438 1824 1576 1864 uxori.
1615 1825 1701 1865 Sed

236 1897 351 1937 unde
384 1903 533 1936 tantus
562 1897 705 1949 pudor
735 1911 786 1936 ac
810 1897 1101 1937 verecundia?
1177 1898 1350 1950 Nempe
1383 1899 1486 1949 quia
1518 1899 1701 1942 animus,

234 1972 431 2023 superior
457 1984 649 2023 corpore,
673 1971 842 2023 corpori
874 1972 954 2024 ipsi
987 1971 1201 2010 dominari
1233 1985 1319 2011 non
1350 1978 1497 2024 potest
1520 1972 1562 2011 in
1585 1972 1703 2012 cohi-

233 2045 378 2086 benda
414 2046 621 2093 libidine;
658 2046 700 2084 in
733 2046 900 2085 caeteris
938 2052 1086 2085 autem
1120 2046 1437 2089 affectionibus.
1474 2052 1520 2085 ut
1552 2046 1595 2084 in
1629 2046 1702 2092 ira,

233 2133 394 2167 amore,
419 2125 462 2159 et
484 2119 652 2158 caeteris
682 2119 933 2170 hujusmodi
962 2125 1135 2171 potest;
1169 2119 1328 2159 idcirco
1358 2120 1500 2158 minus
1529 2120 1701 2158 animus

233 2193 460 2240 erubescit,
485 2193 587 2243 quia
614 2205 762 2231 secum
793 2192 885 2244 ipse
915 2198 1064 2239 certat,
1086 2199 1128 2232 et
1151 2206 1176 2232 a
1198 2207 1243 2232 se
1274 2193 1367 2244 ipso
1390 2193 1588 2240 vincitur,
1613 2206 1699 2233 non

231 2266 288 2305 ab
331 2265 530 2305 inferiori.
616 2266 688 2306 Sic
731 2265 845 2304 enim
890 2266 1005 2305 idem
1045 2265 1352 2318 Augustinus:
1399 2266 1571 2305 “Pudet
1609 2267 1702 2305 ani-

234 2338 392 2387 mum‚''
423 2340 575 2391 inquit,
601 2339 777 2378 “resisti
807 2339 887 2378 sibi
917 2353 942 2379 a
966 2353 1156 2391 corpore,
1181 2339 1299 2391 quod
1333 2339 1370 2378 ei
1405 2345 1561 2379 natura
1595 2339 1702 2379 infe-

232 2413 344 2452 riore
380 2412 626 2464 subjectum
667 2418 742 2452 est.
823 2413 873 2451 In
913 2412 1008 2452 aliis
1051 2413 1213 2464 quippe
1255 2412 1565 2452 affectionibus
1602 2426 1701 2452 cum

231 2485 313 2525 sibi
341 2485 512 2533 resistit,
537 2485 636 2525 ideo
660 2486 803 2525 minus
832 2485 981 2538 pudet,
1006 2487 1109 2538 quia
1138 2499 1237 2525 cum
1260 2499 1285 2525 a
1308 2500 1354 2526 se
1385 2486 1480 2538 ipso
1502 2486 1719 2531 vincitur..

229 2559 324 2612 ipse
355 2573 402 2599 se
433 2559 595 2609 vincit;
638 2559 718 2599 etsi
752 2559 998 2600 inordinate
1034 2565 1166 2611 atque
1197 2560 1363 2608 vitiose,
1397 2561 1500 2612 quia
1537 2572 1595 2599 ex
1633 2559 1700 2599 his

231 2633 441 2686 partibuS‚
486 2646 585 2686 quae
627 2633 785 2673 rationi
827 2632 984 2685 subjici
1029 2633 1202 2682 debent,
1246 2639 1395 2673 tamen
1439 2647 1464 2673 a
1505 2633 1710 2686 partibus—

234 2708 335 2757 suis,
359 2714 408 2749 ut
439 2707 606 2749 dictum
636 2713 713 2756 est,
738 2721 765 2748 a
790 2707 934 2760 seipso
964 2707 1186 2748 vincitur.''
1261 2707 1320 2747 Et
1351 2721 1486 2747 mox:
1520 2707 1709 2746 “Minus

235 2788 388 2824 tamen
422 2783 570 2836 pudet,
606 2795 706 2823 cum
749 2781 831 2821 sibi
864 2782 1038 2822 animus
1076 2795 1133 2822 ex
1170 2782 1338 2822 vitiosis
1379 2782 1466 2821 suis
1505 2781 1703 2835 partibus

436 2871 446 2890 ¹
472 2872 527 2904 De
551 2871 651 2904 Civit.
672 2871 737 2904 Dei
752 2870 774 2903 l.
800 2879 846 2902 12.
868 2881 895 2902 c.
921 2878 946 2903 1.
1098 2869 1112 2889 ²
1135 2870 1222 2902 Ibid.
1245 2871 1265 2902 1.
1290 2879 1336 2910 14.
1360 2881 1430 2912 cap.
1455 2878 1504 2910 19.
