1903 3197
288 195 384 242 5oo
611 181 692 227 De
723 181 913 227 ratione
947 181 1139 228 vivendi
1172 181 1433 228 Socz'elatz's.

283 313 450 353 riantur
485 314 528 353 in
564 313 729 353 morbis
760 313 849 354 suis
881 313 938 353 ad
972 313 1166 354 humana
1195 327 1329 366 quarn
1361 312 1419 353 ad
1452 313 1600 353 divina
1632 327 1751 367 quae-

283 386 418 426 renda
449 386 666 439 praesidia,
695 392 847 427 contra
879 387 922 427 id
956 387 1075 440 quod
1103 388 1181 427 viri
1217 387 1356 426 sancti
1391 386 1664 439 praecipiunt.

372 460 502 508 Nam,
536 467 584 500 ut
617 461 661 500 in
696 460 778 501 hoc
814 460 996 514 paulum
1034 461 1245 509 insistam,
1282 459 1411 499 Nilus
1445 461 1487 499 in
1522 460 1751 510 Paraenesi,

285 533 375 573 “In
421 534 622 583 morbis,”
665 535 817 587 inquit,
855 536 1099 584 “oratione‚
1143 535 1260 588 prius
1303 547 1437 586 quam
1486 534 1668 574 medicis
1709 540 1757 575 et

282 606 532 660 pharmacis
594 607 750 648 utere.’'
843 610 902 650 Et
958 607 1236 657 BernarduS,1
1283 607 1543 656 “Minime,’'
1597 608 1751 660 inquit,

285 682 537 733 “competit
567 682 764 735 religioni
793 689 949 723 vestrae
980 683 1219 723 medicinas
1249 695 1444 734 quaererc
1478 681 1757 734 corporales;

283 755 360 795 sed
412 768 492 795 nec
543 757 727 808 expedit
778 756 943 798 saluti.''
1036 758 1095 797 Et
1146 770 1281 797 mox:
1322 756 1544 808 “Species
1596 769 1758 805 emere,

282 842 477 881 quaerere
509 830 715 879 medicos,
738 832 933 883 accipere
965 831 1179 883 potiones,
1204 830 1402 882 religioni
1438 829 1647 869 indecens
1674 835 1750 879 est,

281 909 326 942 et
359 904 624 943 contrarium
659 903 874 956 puritati.''
958 903 1276 955 Intelligendus
1310 909 1460 943 tamen
1502 902 1753 943 Bernardus

283 981 350 1015 est
381 976 436 1015 de
467 976 528 1023 iis,
552 977 626 1028 qui
664 977 728 1016 sui
766 976 1010 1030 corpusculi
1044 977 1227 1016 nimium
1266 983 1481 1024 amantes,
1509 976 1753 1017 medicinas

284 1049 430 1100 potius
472 1049 728 1101 corporales,
767 1063 900 1102 quam
938 1050 1183 1103 spirituales
1226 1056 1457 1102 quaerunt;
1510 1063 1597 1089 non
1635 1049 1754 1101 quod

286 1121 552 1162 necessarias
575 1123 815 1163 medicinas
847 1124 1051 1177 corporis,
1075 1138 1194 1176 quas
1228 1137 1350 1163 sacra
1384 1124 1610 1175 Scriptura
1631 1127 1755 1170 teste,

284 1196 446 1235 creavit
487 1195 757 1246 Altissimus,
790 1204 937 1238 vetare
973 1197 1086 1238 velit.
1152 1198 1211 1237 Et
1255 1197 1296 1238 S.
1334 1195 1566 1250 Ephrem,2
1609 1195 1754 1246 “Sic,''

286 1268 440 1320 inquit,
472 1269 678 1309 “alienus
711 1285 735 1310 a
767 1284 879 1319 cura,
919 1272 961 1311 in
1000 1271 1203 1312 curandis
1247 1270 1400 1310 mundi
1444 1269 1582 1318 malis,
1616 1270 1756 1310 medi-

286 1355 525 1394 corumque
576 1343 790 1384 industria
841 1345 1093 1385 adhibenda
1144 1358 1238 1384 esse
1289 1344 1436 1392 debes,
1480 1350 1527 1383 ut
1576 1343 1649 1395 qui
1699 1342 1756 1383 ad

289 1414 512 1455 Christum
556 1416 806 1469 perfugeris,
842 1419 915 1470 qui
959 1425 1116 1459 cuncta
1163 1432 1209 1458 se
1256 1418 1462 1457 daturum
1505 1416 1757 1457 hominibus

287 1488 523 1541 promisit.''
607 1491 843 1543 Propterea
891 1493 933 1533 S.
958 1492 1140 1544 Agatha
1190 1491 1320 1544 plena
1374 1492 1416 1530 in
1460 1490 1607 1530 Deum
1657 1489 1756 1540 fide,

288 1562 633 1611 “Medicinam,’'
677 1565 828 1616 inquit,
862 1565 1119 1605 “carnalem
1162 1566 1333 1618 corpori
1382 1578 1482 1604 meo
1529 1576 1757 1616 nunquam

288 1635 481 1685 adhibui,
519 1637 596 1676 sed
638 1637 780 1678 habeo
823 1639 1066 1679 Dominum
1104 1639 1268 1690 Jesum,
1302 1638 1375 1690 qui
1418 1637 1513 1677 solo
1555 1650 1758 1677 sermone

289 1715 505 1749 restaurat
534 1711 769 1750 universa.''
834 1713 893 1752 Et
922 1712 1005 1752 hoc
1035 1719 1111 1760 est,
1137 1713 1254 1765 quod
1286 1725 1365 1751 nos
1392 1712 1524 1751 etiam
1547 1711 1758 1751 admonet

291 1782 480 1835 Spiritus
511 1784 699 1824 Sanctus
732 1786 774 1824 in
809 1786 1145 1827 Ecclesiastico:
1170 1790 1190 1805 “
1207 1786 1301 1834 Fili,
1327 1787 1369 1825 in
1399 1792 1476 1825 tua
1506 1784 1759 1825 infirmitate

290 1871 346 1897 ne
377 1858 594 1910 despicias
626 1864 670 1898 te
703 1860 857 1912 ipsum,
886 1861 962 1900 sed
996 1875 1072 1900 ora
1105 1861 1362 1909 Dominum,
1387 1865 1430 1899 et
1465 1859 1558 1911 ipse
1592 1858 1760 1898 curabit

292 1929 396 1972 te.’'³
457 1931 518 1971 Et
548 1945 648 1971 vere
690 1933 794 1972 facit
826 1933 1027 1985 injuriam
1072 1934 1267 1974 Domino
1304 1947 1394 1981 suo,
1439 1932 1506 1972 cui
1550 1945 1596 1971 se
1637 1931 1760 1971 dedit

292 2004 528 2058 religiosus,
553 2005 600 2055 si,
628 2020 726 2046 cum
761 2006 853 2059 ejus
885 2012 1081 2048 tentatur
1112 2006 1331 2055 valetudo,
1363 2006 1461 2059 plus
1497 2005 1678 2045 medicis
1709 2017 1761 2044 ac

293 2079 531 2128 medicinis,
581 2094 713 2132 quam
765 2081 924 2120 divinae
972 2082 1120 2121 virtuti
1176 2080 1381 2130 confidat,
1436 2085 1479 2119 et
1533 2079 1653 2132 prius
1704 2078 1760 2117 de

292 2154 496 2194 humanis
530 2167 662 2206 quam
696 2154 750 2193 de
784 2154 940 2194 divinis
974 2154 1176 2194 remediis
1211 2153 1405 2193 solicitus
1439 2153 1504 2191 sit.
1570 2150 1634 2191 Ut
1664 2149 1760 2202 jure

293 2227 399 2266 illud
443 2227 575 2266 etiam
617 2228 767 2266 audiat
804 2241 881 2279 per
917 2242 965 2268 os
1011 2227 1212 2279 Jeremiae
1232 2225 1263 2266 :4
1302 2224 1569 2276 “Numquid
1617 2224 1759 2263 resina

295 2312 382 2339 non
410 2305 475 2339 est
498 2300 541 2338 in
573 2298 754 2347 Galaad,
780 2306 855 2340 aut
887 2301 1081 2340 medicus
1114 2313 1201 2339 non
1235 2304 1300 2338 est
1322 2297 1438 2338 ibi?”
1504 2297 1760 2336 Meminisse

294 2378 441 2412 autem
474 2373 687 2412 debemus
709 2372 850 2412 Asam
884 2386 1031 2425 regem
1066 2372 1200 2412 Israel
1232 2372 1423 2424 graviter
1454 2370 1586 2410 fuisse
1618 2382 1760 2422 repre-

284 2445 491 2493 hensum,
535 2446 654 2498 quod
708 2447 848 2498 magis
897 2445 1077 2486 medicis
1123 2458 1255 2497 quam
1307 2444 1405 2483 Deo
1454 2442 1644 2483 confisus
1693 2443 1759 2483 sit.

295 2519 429 2559 “Nec
471 2519 514 2558 in
558 2519 810 2559 infirmitate
857 2518 970 2568 sua,”
1015 2519 1166 2571 inquit,
1212 2517 1451 2570 “qusesivit
1504 2516 1758 2564 Dominum,

294 2593 372 2633 sed
395 2594 536 2645 magis
559 2593 601 2632 in
632 2593 900 2633 medicorum
931 2599 1023 2633 arte
1056 2591 1245 2632 confisus
1277 2589 1402 2630 est.''⁵
1455 2590 1520 2630 Ut
1542 2589 1761 2629 discamus

296 2666 339 2706 in
369 2667 533 2706 morbis
565 2667 723 2706 nostris
754 2667 872 2719 prius
903 2666 959 2706 ad
993 2667 1236 2706 orationem
1270 2677 1402 2717 quam
1433 2663 1489 2703 ad
1522 2662 1759 2715 pharmaca

297 2745 341 2780 et
383 2740 705 2781 medicamenta
747 2739 1007 2792 confugere;
1055 2752 1154 2778 cum
1192 2738 1493 2790 religiosorum
1530 2735 1758 2775 hominum

317 2850 329 2871 ¹
354 2853 409 2884 Ad
426 2853 539 2885 fratres
556 2854 653 2884 trium
671 2853 820 2891 fontium,
839 2864 895 2884 seu
912 2854 953 2883 (le
972 2854 1006 2883 S.
1023 2853 1198 2884 Anastasio
1217 2863 1266 2893 ep.
1286 2860 1358 2891 321.
1445 2849 1458 2867 ²
1483 2850 1587 2881 Serm.
1604 2848 1645 2880 de
1662 2847 1735 2880 fide.

523 2903 536 2922 ³
560 2905 598 2935 C.
620 2904 661 2944 38
685 2910 726 2935 et.
748 2915 773 2935 c.
796 2912 825 2935 2.
961 2902 975 2921 ⁴
995 2904 1061 2944 Jer.
1082 2903 1111 2935 8,
1260 2901 1273 2920 ⁵
1298 2910 1325 2933 2.
1349 2901 1455 2932 Paral.
1480 2900 1527 2931 16.
