1903 3197
535 158 603 204 In
637 154 856 217 Regulas
891 153 963 200 M
957 153 1151 200 odestz'oe.
1483 154 1512 197 6
1524 167 1541 198 1
1555 163 1582 212 7

113 296 222 339 dens
255 294 299 334 in
333 292 490 333 faciem
524 303 649 331 suam
684 295 791 339 orat,
826 294 903 329 aut
936 288 1115 328 intentis
1157 288 1202 327 in
1236 285 1397 327 coelum
1432 285 1582 347 oculis,

113 383 202 412 non
224 368 359 421 vagis.

199 443 365 491 Tertio,
408 438 713 481 aedificationis
760 437 928 491 gratia:
980 436 1225 490 praesertim
1267 449 1368 476 cum
1410 434 1585 488 publice

113 504 301 568 oramus,
326 523 374 557 ut
396 517 440 556 in
463 513 673 555 sacrificio
704 512 855 552 Missae
879 525 1025 551 coram
1050 509 1342 550 multitudine.
1407 509 1526 549 Nam
1549 509 1585 549 si

114 594 277 647 ubique
300 590 564 632 modestiam
588 586 872 628 commendat
902 585 1092 625 hominis
1115 584 1341 624 oculorum
1364 583 1586 634 demissio,

113 673 231 709 certe
289 667 332 707 in
391 663 577 719 publicis
629 660 954 716 precationibus
1006 658 1187 699 mirifice
1238 657 1584 698 commendabit.

116 742 283 785 Contra
311 754 426 789 vero,
453 739 488 779 si
521 737 682 790 ubique
715 735 900 776 offendit
932 733 1084 774 oculus
1122 733 1318 773 curiosus
1355 738 1399 773 et
1434 745 1586 784 vagus,

113 822 281 870 quanto
318 814 460 868 magis
497 813 540 853 in
578 811 764 865 publicis
801 808 1137 863 precationibus,
1170 807 1244 848 ubi
1281 807 1424 847 omnis
1457 805 1583 846 adhi-

113 891 261 932 benda
302 895 369 930 est
424 887 676 935 reverentia,
733 891 866 938 atque
917 882 1165 924 modestia?
1248 882 1484 935 Propterea
1535 880 1582 921 B.

114 964 387 1013 Vincentius,
435 963 579 1003 Tract.
622 960 709 1001 Vit.
766 959 876 1013 Spir.
910 973 943 999 c.
988 959 1040 999 8:
1094 957 1240 997 “Non
1284 954 1583 1005 circunferas,”

115 1039 269 1093 Inquit,
294 1037 480 1080 “oculos
511 1036 612 1077 hinc
645 1035 756 1083 inde,
786 1047 867 1074 nec
897 1032 1089 1086 aliquem
1121 1031 1272 1072 videas
1303 1031 1411 1084 quid
1439 1030 1585 1080 faciat,

116 1114 186 1155 vel
219 1113 444 1167 quomodo
476 1125 522 1152 se
553 1110 728 1159 habeat,
751 1108 826 1149 sed
853 1107 990 1149 oculis
1022 1108 1065 1147 in
1088 1113 1249 1147 terram
1281 1106 1495 1155 demissis,
1516 1104 1588 1146 vel

116 1203 292 1231 sursum
326 1187 490 1236 erectis,
513 1185 582 1226 vel
615 1184 783 1234 clausis,
815 1182 885 1223 vel
915 1183 972 1223 ad
1004 1181 1178 1222 libitum
1210 1180 1334 1222 stes.'‘
1369 1180 1587 1234 Loquitur

116 1269 265 1305 autem
289 1263 344 1303 de
366 1260 575 1302 orationis
597 1266 807 1312 ternpore.

209 1337 261 1377 In
306 1336 444 1376 Missa
486 1340 634 1375 autem
678 1332 808 1386 plane
840 1345 929 1372 non
970 1330 1072 1371 licet
1112 1330 1288 1370 oculum
1331 1329 1516 1379 flectere,
1550 1328 1587 1369 si

120 1411 330 1464 exemplo
353 1416 487 1462 atque
510 1407 790 1448 aedificationi
813 1406 1029 1460 proximis
1051 1419 1145 1445 esse
1166 1405 1377 1445 volumus.

208 1486 529 1533 Bonaventura‚
569 1482 693 1535 Spec.
730 1481 819 1521 Dis.
854 1494 942 1533 par.
975 1492 1012 1530 4.
1047 1493 1079 1520 c.
1105 1490 1155 1530 3:
1190 1477 1589 1532 “Reprehensibile

119 1566 186 1602 est
218 1560 275 1600 ibi
298 1560 421 1612 vagis
452 1558 589 1599 oculis
621 1556 963 1609 circumspicere,
986 1560 1063 1594 aut
1084 1553 1458 1603 collocutionibus,
1480 1553 1588 1592 dum

120 1635 271 1678 Missae
293 1635 485 1675 officium
508 1633 762 1682 celebratur,
785 1628 1046 1671 intendere.'’

214 1710 335 1750 Inter
355 1708 620 1749 vescendum
644 1706 784 1747 tribus
815 1706 871 1745 de
902 1705 1044 1745 causis
1066 1703 1299 1756 dejiciendi
1325 1708 1427 1743 sunt
1448 1701 1590 1743 oculi:

123 1784 327 1839 primum,
371 1784 474 1836 quia
515 1795 652 1834 vagus
694 1781 737 1820 in
779 1793 932 1820 mensa
973 1778 1125 1819 oculus
1162 1777 1297 1818 index
1339 1783 1406 1817 est
1445 1776 1590 1830 gulae3

126 1858 332 1907 secundo,
370 1857 473 1910 quia
524 1856 660 1896 index
713 1860 779 1895 est
830 1853 1049 1894 solutioris
1099 1852 1261 1903 animi,
1308 1853 1449 1902 tertio,
1486 1852 1590 1905 quia

124 1932 411 1986 impudentiae
444 1931 618 1983 signum
650 1935 727 1970 est.

216 2007 336 2047 Inter
356 2006 624 2047 vescendum
659 2004 775 2045 enim
810 2002 1035 2044 oculorum
1070 2001 1287 2042 modestia
1320 2015 1347 2042 a
1378 2000 1591 2054 religiosis

126 2082 329 2134 exigitur,
355 2086 402 2121 ut
439 2080 532 2121 haec
570 2078 814 2119 moderatio
848 2091 900 2118 ac
932 2077 1203 2117 continentia
1239 2075 1589 2116 moderationem

126 2170 178 2197 ac
210 2156 526 2196 continentiam
559 2154 754 2195 ciborum
788 2152 977 2202 indicet;
1010 2152 1144 2192 modo
1166 2157 1316 2191 tamen
1338 2156 1471 2204 caput
1499 2162 1588 2190 non

126 2231 370 2272 admodum
408 2230 650 2279 inclinetur,
685 2242 739 2268 ne
771 2233 890 2268 totus
927 2227 970 2267 in
1008 2227 1179 2267 edendo
1216 2226 1314 2279 quis
1349 2231 1589 2278 occupatus

125 2306 334 2347 videatur.
400 2303 766 2357 Circumspiciens
788 2308 937 2343 autem
970 2302 1081 2342 inter
1109 2300 1260 2355 epulas
1289 2300 1439 2341 oculus
1467 2298 1587 2340 haud

125 2380 260 2422 dubie
292 2380 428 2420 index
461 2384 527 2419 est
557 2378 699 2432 gulae:
731 2391 832 2418 cum
854 2376 1018 2417 scilicet
1039 2377 1095 2416 ad
1127 2376 1312 2416 aliorum
1341 2375 1514 2428 patinas
1536 2387 1589 2414 ac

125 2453 273 2495 lances
305 2454 515 2506 adjicitur.
581 2453 816 2506 Propterea
851 2449 1175 2504 Hieronymus1
1207 2449 1401 2504 appellat
1434 2449 1587 2489 avidos

128 2528 289 2576 oculos,
313 2528 387 2580 qui
414 2529 457 2568 in
485 2541 635 2567 mensa
656 2533 881 2579 vagantur.
945 2527 1005 2567 Et
1028 2525 1233 2567 Clemens
1254 2523 1587 2564 Alexandrinus

126 2603 171 2644 in
215 2602 387 2655 Paedag.
423 2601 622 2654 praecipit
664 2600 1000 2641 custodiendum
1038 2613 1132 2640 esse
1170 2599 1281 2639 inter
1317 2597 1469 2651 epulas
1506 2597 1586 2637 im-

127 2675 336 2717 mobilem
360 2675 485 2715 faciei
507 2676 723 2724 decorem,
748 2689 827 2715 nec
849 2689 896 2715 se
916 2674 1002 2715 huc
1024 2674 1212 2726 illucque
1233 2678 1491 2713 versantem.

214 2750 430 2799 Secundo,
467 2749 687 2789 solutioris
723 2749 859 2789 animi
896 2749 1070 2801 signum
1112 2753 1203 2788 est:
1255 2747 1359 2799 quia
1399 2759 1454 2786 ne
1490 2751 1585 2786 tum

125 2825 319 2880 quidem,
360 2837 460 2864 curn
507 2829 574 2864 est
625 2824 669 2863 in
720 2822 954 2863 reficiendo
1004 2835 1185 2875 corpore
1235 2826 1484 2874 occupatus,
1528 2820 1585 2862 ab

529 2912 542 2931 ¹
567 2913 608 2944 In
634 2913 715 2954 Reg.
737 2913 991 2951 Monaehorum,
1011 2912 1032 2944 1.
1053 2920 1082 2944 2.
1102 2922 1129 2943 c.
1151 2919 1177 2942 1.
