1903 3197
595 158 662 205 In
695 157 914 220 Regulas
948 157 1210 204 Modestia&
1547 170 1643 218 713.

260 292 468 345 Optimus
508 298 658 333 autem
699 306 842 332 canon
884 293 1121 333 necessitas
1163 299 1254 334 est:
1298 299 1356 342 ut,
1400 309 1500 335 cum
1542 294 1639 335 haec

172 366 383 418 loquendi
419 373 594 420 tempus
631 368 827 420 imperat,
865 372 961 406 tum
1003 367 1225 408 silentium
1262 374 1398 421 atque
1437 383 1514 409 ora
1554 368 1642 409 sol-

171 454 336 490 vamus,
387 455 488 481 cum
543 455 646 481 vero
696 440 803 481 nihil
853 441 942 482 tale
997 442 1150 495 exigit,
1202 442 1424 484 silentium
1489 443 1633 497 ipsum

174 521 414 556 teneamus.
477 515 624 556 Facile
663 521 824 565 autem,
862 530 962 556 cum
1000 530 1087 570 quo
1129 523 1327 571 tempore
1368 518 1640 571 loquendum

175 590 242 636 sit,
270 591 557 640 docuerimus,
587 605 645 630 ex
677 591 905 631 contrariis
936 605 1170 644 possumus
1202 592 1456 646 intelligere,
1481 593 1640 645 quibus

177 664 374 704 maxime
415 664 686 717 temporibus
727 666 783 705 sit
823 665 1068 715 silendum3
1112 672 1160 706 ut
1201 666 1298 718 jure
1339 667 1515 707 tertium
1557 666 1644 707 hoc

177 738 423 778 membrum
446 739 502 779 ad
524 740 713 792 primum
738 739 844 780 illud
868 741 1058 780 revocari
1080 741 1228 794 possit.

536 973 591 999 DE
622 973 964 1000 CIRCUMSTANTIA
994 974 1240 1001 PERSONARU
1246 975 1288 1000 M.

264 1056 337 1096 EX
372 1058 711 1098 circumstantiis
748 1058 877 1098 etiam
918 1073 1203 1111 personarum
1242 1059 1539 1099 moderandus
1577 1066 1643 1100 est

177 1145 330 1171 sermo.
396 1132 665 1172 Modestiam
697 1137 845 1173 autem
881 1134 924 1172 in
956 1133 1178 1186 loquendo
1210 1134 1470 1183 tenebimus,
1501 1134 1534 1173 si
1568 1147 1644 1174 eos

177 1207 438 1259 quibuscum
480 1207 711 1260 loquimur,
744 1208 925 1261 diligere
966 1222 1016 1248 ac
1051 1208 1186 1248 vereri
1224 1209 1479 1257 videamur,
1522 1207 1644 1260 quod*

177 1282 376 1335 praecipit
413 1283 547 1323 etiam
583 1282 767 1332 Tullius,
805 1295 836 1323 Ι.
871 1282 984 1324 Off:
1019 1282 1296 1332 “Maxime,”
1332 1283 1485 1335 inquit,
1509 1285 1645 1322 “cur-

178 1356 343 1396 andum
396 1363 473 1407 est,
523 1363 571 1397 ut
622 1372 696 1398 eos
747 1358 1008 1410 quibuscum
1067 1371 1315 1398 sermonem
1369 1357 1644 1398 conferemus

176 1437 220 1470 et
241 1431 377 1470 vereri
405 1437 449 1471 et
470 1431 651 1484 diligere
672 1432 900 1472 videamur
917 1446 924 1472 :
940 1431 960 1447 ’'
985 1446 1087 1472 nam
1111 1438 1154 1472 et
1176 1446 1300 1472 amor
1321 1432 1363 1471 in
1387 1433 1643 1484 proximum

177 1518 408 1557 quemque,
447 1511 491 1545 et
527 1506 789 1546 verecundia
826 1520 905 1546 nos
942 1507 1137 1546 continet
1179 1507 1221 1546 in
1259 1505 1413 1555 officio,
1450 1519 1504 1546 ne
1537 1507 1643 1559 quid

176 1584 337 1631 praeter
373 1579 581 1619 decorum
621 1581 891 1633 modumque
931 1580 1255 1633 proloquamur.
1321 1580 1391 1620 Ita
1433 1580 1521 1620 duo
1564 1595 1644 1621 nos

178 1653 365 1693 edocent
394 1667 451 1692 ex
480 1654 563 1694 hac
584 1661 709 1707 parte
739 1655 781 1694 in
811 1669 1013 1695 sermone
1042 1655 1305 1695 modestiam
1329 1669 1336 1704 ;
1369 1656 1644 1705 verecundia,

179 1733 222 1767 et
245 1726 431 1767 dilectio.

267 1803 326 1842 Et
347 1803 620 1842 verecundiae
655 1803 831 1856 quidem
861 1804 940 1843 erit
969 1810 1020 1852 10,
1046 1804 1092 1845 Si
1116 1804 1360 1843 senioribus
1383 1804 1642 1855 deferamus,

180 1883 232 1923 et,
257 1883 305 1915 ut
342 1877 466 1916 initio
504 1877 699 1917 diximus
741 1892 797 1917 ex
842 1878 1078 1931 Scriptura,
1117 1878 1322 1918 malimus
1365 1892 1439 1918 eos
1482 1879 1642 1929 audire,

180 1966 312 2005 quam
346 1953 396 1992 iis
430 1953 719 2005 praesentibus
749 1953 887 1994 multa
920 1954 1049 2007 loqui.

268 2033 322 2068 20.
359 2026 405 2068 Si
437 2027 493 2067 ab
524 2027 778 2068 adulatione
810 2043 1070 2077 caveamus;
1101 2042 1155 2068 nc
1184 2028 1289 2068 dum
1324 2027 1504 2079 diligere
1531 2028 1643 2069 velle

178 2102 415 2150 videamur,
459 2107 534 2142 aut
575 2102 698 2142 alteri
750 2102 933 2155 placere,
984 2104 1229 2143 incidamus
1281 2102 1322 2140 in
1375 2103 1642 2142 assentando

180 2176 483 2229 suspicionem.
534 2176 661 2216 Mart.
689 2177 819 2216 Dum.
846 2177 989 2229 Episc.
1014 2177 1036 2216 l.
1062 2177 1117 2216 de
1140 2175 1342 2228 Quatuor
1362 2175 1612 2216 Virtutibus
1633 2191 1642 2217 z

179 2250 393 2291 “Nullius
429 2265 507 2304 per
539 2251 883 2292 assentationem
918 2251 1153 2291 amicitiam
1188 2251 1421 2297 merea1‘is;
1464 2264 1543 2290 nec
1585 2251 1641 2291 ad

178 2332 300 2365 tuam
323 2326 661 2378 promerendam
684 2339 761 2378 per
781 2325 893 2365 hanc
916 2325 1085 2365 aditum
1108 2323 1312 2376 pandas.'’
1349 2324 1485 2373 Idem,
1505 2325 1643 2365 infra:

179 2405 200 2419 ‘⁴
220 2399 403 2440 Cunctis
434 2406 529 2440 esto
561 2400 790 2452 benignus,
821 2400 982 2438 nemini
1016 2397 1239 2439 blandus.”

266 2475 325 2514 Et
368 2475 413 2514 B.
447 2475 597 2523 IsaiaS,
636 2474 707 2515 Or.
747 2485 821 2514 10:
855 2473 988 2513 “Nec
1020 2473 1244 2513 hominem
1288 2487 1435 2513 coram
1477 2473 1640 2524 laudes,

177 2562 256 2588 nec
290 2562 476 2601 usquam
498 2547 755 2601 vitupe1·eS.''

268 2629 323 2672 30.
356 2622 647 2662 Verecundiae
681 2623 813 2662 etiam
847 2623 926 2662 erit
958 2636 1103 2662 coram
1137 2622 1425 2676 prudentibus
1455 2628 1498 2662 et
1530 2623 1644 2676 sapi-

180 2697 354 2736 entibus
396 2710 421 2736 a
463 2696 608 2736 nimiis
644 2696 830 2736 aliorum
882 2696 1096 2746 laudibus,
1139 2697 1206 2736 vel
1248 2697 1642 2749 vituperationibus

179 2777 432 2822 temperare.
497 2770 542 2810 B.
569 2770 718 2819 Isaias,
742 2771 785 2810 in
809 2771 1095 2824 Apophtheg.
1120 2770 1174 2811 de
1204 2785 1255 2811 eo
1285 2771 1357 2823 qui
1380 2770 1473 2810 vult
1495 2772 1643 2823 quiete

179 2844 261 2884 frui
293 2845 425 2885 dicit:
450 2847 471 2865 “
490 2845 560 2885 Ne
582 2858 802 2898 quemque
823 2846 1051 2899 vituperet,
1076 2851 1150 2886 aut
1173 2845 1331 2894 laudet,
1363 2851 1439 2886 aut
1461 2846 1640 2886 beatum

178 2918 338 2973 putet.'’
