1903 3197
262 165 326 209 60
724 161 801 206 De
836 161 1085 208 societatis
1119 161 1173 207 F
1167 163 1253 208 ine.

843 469 1019 511 PARS
1084 470 1149 509 II.

418 621 481 649 DE
515 620 630 649 VITA
662 619 867 650 AGENDA
901 619 954 649 IN
986 618 1168 658 QUAVIS
1202 617 1368 647 MI‘NIM
1406 617 1579 648 T‘LAGA.

352 736 582 775 Hactenus
624 736 679 775 de
721 736 863 787 priore
912 733 1250 774 Constitutionis
1302 739 1435 785 parte.
1522 732 1730 784 Sequitur

263 813 310 847 ut
339 808 394 848 de
428 810 678 862 posteriore,
712 809 795 848 hoc
828 815 893 848 est
926 808 980 848 de
1002 808 1175 860 agenda
1209 807 1369 859 ubique
1398 808 1489 846 vita
1521 806 1730 852 dicamus,

263 883 382 934 quod
433 885 657 936 proprium
701 884 833 923 etiam
889 882 1123 923 Societatis
1175 887 1273 921 est:
1327 895 1429 920 nam
1473 882 1515 920 in
1563 880 1732 920 caeteris

263 957 449 1006 familiis,
479 964 525 998 ut
557 958 805 1011 plurimum,
830 957 901 996 ubi
935 957 1119 1008 quisque
1151 956 1193 995 in
1227 969 1300 995 eas
1333 954 1468 994 semel
1499 960 1733 1007 cooptatus

264 1038 340 1077 651,
383 1032 441 1071 ibi
485 1032 572 1071 fere
613 1037 826 1084 perpetuo
870 1035 1111 1083 permanet.
1180 1029 1317 1068 Foras
1360 1034 1507 1067 autem
1552 1028 1632 1067 nisi
1675 1028 1732 1067 ad

266 1105 397 1146 breve
426 1111 601 1159 tempus
634 1119 722 1145 non
754 1104 1058 1157 progreditur3
1092 1108 1137 1143 at
1171 1102 1369 1143 Societas
1404 1102 1570 1142 nullum
1601 1101 1736 1142 habet

264 1181 490 1233 proprium
533 1179 691 1227 locum,
735 1185 778 1218 et
820 1179 1017 1231 quisquis
1060 1179 1103 1217 in
1142 1191 1192 1217 ea
1234 1178 1356 1229 degit
1400 1176 1496 1216 1060
1538 1177 1734 1216 animum

266 1267 354 1293 non
404 1254 579 1302 addicit,
639 1254 800 1306 ubique
857 1253 1005 1292 sedem
1059 1266 1183 1291 suam
1236 1257 1364 1304 putat
1417 1265 1521 1299 esse,
1574 1251 1736 1303 ubique

265 1328 466 1380 patriam.
521 1327 653 1380 Quod
678 1333 725 1368 ut
748 1333 945 1367 nostrum
971 1332 1013 1366 61
1035 1326 1259 1378 proprium
1288 1331 1501 1378 perpetuo
1524 1331 1735 1369 tueamur,

266 1401 354 1442 duo
396 1402 588 1442 videnda
631 1408 766 1441 erunt.
844 1401 1038 1440 Primum
1073 1414 1170 1452 quse
1206 1413 1349 1439 causae
1389 1412 1467 1438 nos
1506 1397 1737 1450 impellant

266 1481 314 1516 ut
346 1476 461 1516 hunc
494 1477 636 1528 magis
667 1490 799 1528 quam
834 1475 956 1514 illum
990 1475 1134 1514 locum
1169 1486 1378 1513 amemus.
1442 1472 1617 1512 Deinde
1640 1485 1736 1524 per-

265 1550 413 1603 pensis
446 1550 585 1590 causis
619 1549 871 1589 adhibenda
904 1549 1108 1598 remedia,
1132 1561 1186 1587 ne
1219 1548 1290 1587 alii
1322 1547 1406 1587 alio
1437 1546 1577 1598 magis
1605 1545 1736 1586 effici-

266 1637 401 1673 amur,
425 1624 502 1665 secl
525 1638 650 1677 aeque
674 1624 728 1663 ad
753 1637 929 1663 omnem
954 1622 1097 1662 locum
1122 1635 1341 1675 propenso
1363 1622 1511 1661 animo
1533 1621 1680 1660 simus.

356 1698 472 1739 Octo
495 1704 643 1738 autem
667 1703 852 1750 possunt
874 1697 1016 1737 afferri
1040 1710 1193 1736 causae.

357 1772 501 1812 Prima
544 1778 610 1812 est
652 1772 772 1812 natio
808 1771 876 1811 vel
924 1771 1052 1823 regio.
1120 1769 1236 1822 Quia
1274 1775 1428 1808 natura
1466 1768 1577 1808 duce
1613 1781 1737 1807 suam

268 1846 453 1899 quisque
486 1846 710 1886 nationem
751 1846 891 1897 magis
928 1851 1049 1884 amat
1091 1857 1223 1896 quam
1261 1843 1449 1883 alienam
1492 1855 1542 1882 ac
1584 1855 1736 1894 pereg-

269 1921 421 1969 rinam,
465 1921 545 1960 nisi
588 1920 700 1960 forte
753 1919 796 1958 in
850 1918 932 1958 hac
981 1919 1054 1958 diu
1097 1923 1293 1958 versatus
1344 1922 1478 1968 atque
1529 1916 1740 1956 educatus

269 1995 408 2045 fuerit,
433 2009 458 2034 a
481 2009 566 2047 qua
598 2008 724 2047 aeque
746 2007 862 2047 tegre
886 1993 1130 2042 divellitur3
1163 1992 1230 2032 vel
1261 1991 1362 2044 quia
1392 1990 1517 2030 unius
1550 1990 1740 2030 nationis

270 2083 414 2109 mores
461 2083 559 2109 cum
608 2068 785 2108 alterius
833 2068 1026 2107 moribus
1069 2079 1156 2106 non
1198 2066 1303 2105 satis
1348 2069 1621 2116 congruunt;
1671 2063 1741 2103 vel

269 2144 372 2195 quia
409 2143 452 2182 in
491 2156 570 2182 sua
606 2142 790 2194 quisque
828 2141 1006 2181 natione
1043 2139 1184 2192 magis
1217 2144 1283 2178 est
1315 2144 1443 2178 notus
1477 2143 1610 2189 atque
1643 2150 1740 2189 per-

270 2221 458 2269 spectus,
492 2216 609 2268 apud
654 2221 831 2255 exteros
869 2221 1016 2254 autem
1055 2214 1264 2253 obscurus
1300 2211 1409 2252 latet
1445 2217 1579 2263 atque
1615 2211 1739 2263 igno-

268 2290 380 2339 bilis,
421 2304 538 2342 saepe
576 2290 693 2329 enim
729 2303 827 2329 cum
866 2289 921 2328 ad
960 2301 1034 2328 eos
1069 2287 1320 2339 migramus,
1352 2286 1454 2326 novi
1488 2286 1738 2338 accipimur,

270 2365 614 2417 ignoranturque
647 2364 781 2403 nostri
816 2363 998 2410 labores,
1025 2360 1191 2401 talenta
1222 2365 1383 2405 1105113,
1412 2360 1531 2400 bona
1563 2365 1739 2399 nostra:

271 2452 328 2479 ex
371 2452 459 2491 quo
495 2437 545 2478 fit
584 2444 630 2477 ut
668 2437 787 2477 1111110
829 2437 1072 2477 habeamur
1113 2436 1155 2474 in
1197 2435 1350 2487 pretio,
1388 2433 1507 2473 nullo
1544 2446 1738 2480 numero,

270 2518 403 2565 atque
435 2512 536 2552 hinc
568 2512 651 2551 loci
690 2511 891 2551 mutandi
924 2510 1152 2563 cupiditas.

360 2586 566 2627 Secunda
598 2599 730 2626 causa
760 2591 825 2625 est
849 2585 1002 2625 civitas
1030 2583 1097 2624 vel
1128 2583 1369 2636 oppidum3
1404 2595 1482 2622 usu
1516 2594 1618 2621 nam
1651 2580 1740 2620 fere

270 2661 427 2710 evenit,
456 2665 503 2700 ut
533 2661 576 2699 in
599 2659 734 2699 nobili
758 2660 945 2707 civitate,
970 2658 1043 2698 ubi
1073 2669 1375 2711 agnoscamur,
1400 2669 1494 2695 esse
1524 2654 1740 2703 malimus,

270 2742 313 2776 et
335 2736 409 2776 ubi
428 2748 613 2788 campus
637 2733 793 2786 aliquis
823 2739 982 2773 11051166
1012 2738 1164 2785 pateat
1193 2731 1416 2772 industriae
1439 2729 1508 2770 vel
1530 2728 1739 2777 facultati,

270 2824 403 2862 quam
460 2810 503 2849 in
554 2808 707 2848 humili
766 2807 1039 2859 obscuroque
1090 2805 1265 2859 oppido.
1355 2804 1572 2845 Videmus
1623 2801 1740 2842 enim

272 2884 512 2924 industrios
545 2882 759 2931 homines,
798 2888 841 2922 et
876 2882 949 2934 qui
985 2880 1153 2934 pollent
1185 2880 1361 2932 ingenio
1398 2885 1532 2931 atque
1565 2877 1740 2929 virtute,
