1903 3197
255 142 350 188 682
584 144 665 190 De
695 144 886 191 ralz'one
920 146 1115 194 vivendi
1147 147 1406 197 Socz‘etatzk.

256 275 422 329 aliquid
451 285 721 331 suggeratur,
745 293 919 333 semper
946 295 1026 334 pro
1055 282 1304 324 absentium
1327 291 1451 338 parte
1480 286 1726 341 loquentes,

255 350 377 391 nullo
399 351 534 392 modo
560 352 615 392 ad
646 352 882 395 favendum
905 356 1227 398 detractoribus
1257 359 1558 401 inclinentur.’'
1621 361 1724 416 Quo

253 425 353 465 loco
394 432 542 466 narrat
573 428 639 467 vir
678 435 857 470 sanctus
893 430 948 471 de
985 432 1179 484 quodam
1217 439 1421 474 externo
1447 449 1498 476 ae
1539 438 1723 478 seculari

252 498 445 550 homine,
468 501 541 553 qui
579 504 779 544 tentandi
814 518 946 546 causa
979 507 1097 559 apud
1133 507 1384 560 religiosum
1418 509 1462 549 in
1496 510 1723 564 religiosos

253 575 399 616 invehi
441 577 586 630 coepit.
663 578 744 620 Cui
786 594 885 621 cum
923 581 1056 622 frater
1091 596 1138 622 se
1174 590 1429 624 constanter
1464 592 1722 638 opponeret,

253 661 455 703 eumque,
478 652 546 692 cui
580 651 651 692 ille
682 653 1017 707 obloquebatur,
1040 657 1235 698 solicitus
1267 665 1511 708 excusaret,
1540 660 1726 702 miratus

252 723 446 765 hominis
482 726 755 779 charitatem,
788 730 1014 771 confessus
1051 731 1107 772 ad
1144 738 1395 774 extremum
1436 744 1512 783 est,
1547 749 1593 776 se
1630 742 1727 776 ten-

253 799 378 840 tandi
429 815 572 851 causa,
625 809 669 843 et
719 804 982 857 explorandi
1025 812 1225 847 mutuam
1276 807 1450 848 illorum
1504 808 1723 851 Ordinum

253 873 514 916 charitatem
537 877 770 918 accessisse
789 893 797 929 ;
824 880 944 932 quod
966 879 1099 933 longe
1120 895 1244 922 secus
1266 883 1384 935 apud
1408 884 1518 924 alios
1540 885 1721 927 alterius

255 947 435 990 Ordinis
467 951 842 1004 deprehendisset.

343 1022 566 1065 Climacus
598 1027 743 1077 etiam,
768 1027 838 1068 Gr.
869 1040 943 1079 10.,
967 1031 1209 1071 excusandi
1242 1031 1384 1072 fratris
1414 1033 1567 1086 gratia,
1598 1048 1725 1075 caus-

254 1111 327 1138 am
359 1097 532 1140 sceleris
564 1100 607 1141 in
639 1101 891 1143 daemonem
924 1104 1264 1146 conferendam:
1294 1105 1379 1147 “Si
1412 1107 1546 1160 quis,''
1569 1108 1725 1162 inquit,

254 1172 577 1214 “detractionis
605 1176 806 1229 spiritum
835 1192 1042 1231 superare
1070 1179 1201 1233 cupit,
1236 1193 1324 1220 non
1356 1182 1557 1234 peccanti
1590 1182 1724 1233 fratri,

254 1247 332 1287 sed
354 1250 604 1301 suggerenti
628 1250 821 1291 daemoni
843 1266 1022 1293 causam
1045 1253 1219 1294 sceleris
1242 1255 1498 1297 adscribat.'’

343 1323 495 1364 Potest
526 1325 629 1365 addi
660 1331 711 1376 4ἶι
736 1332 780 1367 et
813 1333 860 1378 5a
886 1328 1024 1368 ratio:
1056 1328 1221 1370 scilicet
1254 1330 1470 1380 abeundo,
1492 1331 1667 1372 veniam
1700 1347 1728 1373 a

255 1396 595 1439 collocutoribus
631 1401 836 1453 petendo,
866 1408 910 1442 et
940 1417 1019 1456 per
1054 1404 1379 1445 revocationem
1417 1407 1630 1447 sermonis
1667 1408 1725 1448 ad

255 1470 342 1511 alia
362 1473 643 1514 transeundo.
707 1475 816 1516 Ideo
839 1477 972 1516 etiam
996 1477 1315 1528 Bonaventura‚
1339 1480 1395 1520 de
1418 1480 1549 1521 Infor.
1575 1482 1724 1523 Novit.

255 1559 347 1599 par.
385 1558 416 1587 Ι.
450 1561 483 1587 c.
519 1559 599 1599 23:
638 1549 776 1590 “Non
814 1550 1038 1601 libenter,”
1072 1552 1224 1606 inquit,
1257 1554 1446 1595 “audias
1483 1556 1725 1606 detrahere,

257 1620 335 1660 sed
376 1627 453 1662 aut
493 1622 596 1675 fuge
637 1623 970 1675 detractionem,
1007 1632 1083 1667 aut
1123 1633 1372 1680 opportune
1413 1642 1654 1683 compesce,
1690 1632 1726 1672 si

257 1695 422 1748 potes.”
505 1696 757 1751 Utrumque
799 1700 956 1753 attigit.
1015 1700 1281 1754 Opportune
1322 1703 1540 1757 siquidem
1583 1705 1727 1747 dixit:

259 1772 392 1811 “orta
433 1773 700 1823 occasione,’'
737 1779 782 1814 et
823 1773 879 1815 ad
931 1775 1018 1816 alia
1059 1776 1301 1818 salubriora
1346 1780 1592 1821 revocando
1639 1795 1727 1822 ser-

258 1857 446 1885 monem.

345 1919 558 1960 Diximus
592 1921 647 1961 de
679 1935 766 1962 non
804 1923 1063 1964 audiendis:
1100 1938 1216 1965 nunc
1253 1926 1309 1966 de
1349 1940 1436 1967 non
1479 1928 1728 1981 referendis,

258 1993 586 2048 prodendisque
615 1996 961 2038 detractionibus
991 1998 1179 2039 breviter
1208 2006 1273 2040 est
1296 2000 1542 2043 dicendum.
1605 2003 1725 2045 Nam

256 2067 328 2108 hic
370 2082 547 2122 quoque
594 2071 841 2112 maximum
890 2073 1086 2113 studium
1133 2073 1434 2116 adhibendum
1481 2083 1557 2126 est,
1602 2084 1650 2119 ut
1690 2079 1726 2119 si

259 2142 364 2195 quid
407 2157 433 2183 a
474 2144 796 2186 detractoribus
842 2147 1092 2188 audivimus
1138 2155 1291 2189 contra
1336 2150 1489 2191 fratres
1540 2159 1726 2204 nostros,

258 2229 346 2257 non
383 2217 641 2259 festinemus
676 2233 728 2260 ea
759 2221 919 2273 quibus
953 2222 1008 2262 de
1044 2222 1150 2275 ipsis
1183 2224 1442 2274 audivimus,
1466 2225 1534 2266 vel
1567 2226 1724 2268 iisdem

258 2291 416 2343 quibus
447 2293 695 2334 detractum
718 2300 794 2343 est,
818 2296 1014 2348 prodere,
1036 2296 1105 2336 vel
1136 2297 1192 2336 ad
1224 2297 1333 2338 alios
1356 2304 1521 2340 temere
1541 2300 1724 2342 circum-

259 2364 395 2416 ferre;
428 2367 562 2420 idque
594 2354 766 2408 duabus
797 2370 853 2409 de
884 2371 1036 2411 causis.

347 2440 553 2482 Primum.
589 2442 706 2495 Quia
737 2443 993 2484 inanissima
1025 2458 1092 2485 res
1124 2450 1191 2485 est
1212 2446 1306 2495 ista,
1331 2447 1580 2502 nulliusque
1605 2464 1727 2492 emo-

258 2514 455 2566 lumenti,
497 2516 646 2556 damni
688 2531 791 2558 vero
832 2519 1088 2571 permagni:
1138 2519 1240 2560 hinc
1281 2521 1398 2562 enim
1440 2525 1723 2566 seminarium

257 2588 401 2630 litium
462 2604 514 2631 ac
573 2591 902 2632 discordiarum.
985 2593 1116 2634 Eccli.
1176 2595 1229 2634 28
1256 2609 1264 2635 :
1320 2596 1535 2650 “Lingua
1595 2601 1726 2641 tertia

259 2664 424 2705 multos
457 2667 710 2717 commovit,
740 2672 784 2707 et
815 2667 1022 2720 dispersit
1058 2667 1156 2708 illos
1186 2669 1243 2709 de
1273 2676 1406 2723 gente
1442 2672 1485 2712 in
1518 2680 1727 2726 gentem;

259 2738 459 2780 civitates
482 2747 678 2781 muratas
699 2742 886 2782 divitum
909 2741 1141 2793 destruxit,
1164 2750 1207 2783 et
1229 2744 1386 2785 domos
1415 2754 1726 2801 magnatorum

260 2812 423 2854 effodit.
504 2815 704 2856 Virtutes
751 2816 1016 2869 populorum
1063 2818 1267 2867 concidit,
1311 2826 1354 2860 et
1396 2827 1550 2873 gentes
1592 2822 1727 2863 fortes

260 2887 495 2940 dissolvit,'’
532 2896 609 2930 etc.
691 2890 866 2944 Lingua
902 2891 1032 2932 tertia
1069 2891 1237 2942 dicitur,
1268 2907 1367 2947 quae
1399 2895 1512 2936 inter
1542 2896 1653 2937 duos
1684 2910 1732 2938 se
