1903 3197
268 168 363 216 270
589 155 669 201 De
701 155 892 201 ratione
924 155 1118 202 vivendi
1150 155 1410 203 Socz‘etalz's.

263 294 311 328 ut
342 288 404 327 ait
435 287 552 327 idem
587 286 847 340 Gregorius:
890 287 1027 328 “Non
1051 288 1174 328 deest
1200 288 1244 326 in
1275 287 1359 327 hoc
1376 287 1554 339 judicio,
1577 294 1725 330 mente

265 367 490 414 concepto,
513 374 644 401 omne
667 361 956 401 ministerium
975 362 1093 413 quod
1123 362 1278 414 punire
1306 374 1402 401 reos
1424 375 1525 401 suos
1553 361 1726 414 plenius

264 434 435 476 debeat.
513 435 630 475 Nam
677 434 944 474 conscientia
989 440 1177 483 accusat,
1226 435 1336 474 ratio
1374 434 1555 486 judicat,
1594 436 1727 476 timor

263 509 383 562 ligat,
419 509 544 548 dolor
585 509 818 549 excruciat.
890 508 1022 561 Quod
1060 508 1275 560 judicium
1313 521 1365 548 eo
1397 510 1555 549 certius
1586 511 1726 562 punit,

263 583 383 636 quod
425 583 605 622 interius
647 583 781 632 saevit,
821 583 923 635 quia
959 582 1163 622 videlicet
1204 582 1262 621 ab
1304 582 1596 622 exterioribus
1636 597 1724 623 non

262 657 441 698 accedit.
507 657 822 709 Unusquisque
855 657 971 696 enim
1005 670 1103 696 cum
1136 669 1313 696 causam
1346 655 1476 708 hujus
1508 657 1726 697 examinis

262 736 415 772 contra
443 745 488 771 se
518 730 698 782 aggredi
728 731 920 782 coeperit,
952 730 1045 783 ipse
1074 736 1140 770 est
1169 736 1289 770 actor
1311 730 1384 782 qui
1411 729 1604 779 exhibet,
1633 731 1726 784 ipse

262 818 359 845 reus
386 805 459 857 qui
493 804 752 853 exhibetur;
782 804 876 843 odit
908 817 964 852 se,
992 804 1166 855 qualem
1200 803 1331 843 fuisse
1363 817 1408 843 se
1441 804 1650 852 meminit,
1682 811 1726 844 et

261 879 355 931 ipse
376 877 450 930 qui
474 883 549 925 est,
572 890 649 929 per
666 876 950 928 semetipsum
973 876 1216 927 insequitur
1238 876 1359 916 illum
1379 877 1453 928 qui
1477 876 1567 925 fuit,
1590 882 1724 929 atque

260 951 317 991 ab
347 951 442 1003 ipso
474 950 651 989 homine
683 950 890 988 adversus
922 950 1208 1001 semetipsum
1241 949 1290 989 fit
1312 950 1518 1001 quaedam
1551 950 1648 990 rixa
1680 951 1723 990 in

1220 1020 1232 1043 ¹
1296 1021 1396 1074 Quo
1439 1023 1543 1074 quid
1577 1023 1723 1064 utilius

260 1025 419 1072 animo,
451 1023 696 1076 parturiens
734 1036 888 1074 pacem
931 1035 1028 1061 cum
1074 1021 1208 1062 Deo.”

259 1111 352 1137 csse
389 1096 565 1149 potest?
648 1095 777 1144 Nam,
808 1101 856 1135 ut
885 1095 928 1134 id
963 1095 1159 1148 explicat
1190 1096 1324 1135 etiarn
1360 1095 1723 1148 Chrysostomus:

261 1171 351 1210 “In
383 1170 648 1210 secularibus
676 1170 863 1221 judiciis,
888 1170 1212 1221 quantumlibet
1238 1176 1339 1222 post
1367 1177 1594 1222 acceptam
1627 1184 1725 1211 sen-

260 1245 445 1285 tentiam
483 1243 736 1283 lamentaris
777 1249 821 1283 et
862 1243 1023 1295 lugeas,
1057 1257 1144 1283 non
1178 1249 1327 1283 tamen
1363 1244 1544 1296 effugies
1579 1244 1725 1285 flendo

261 1317 551 1371 supplicium3
588 1316 658 1356 hic
686 1330 799 1365 vero,
822 1317 856 1356 si
889 1322 984 1356 toto
1017 1317 1147 1356 corde
1179 1317 1442 1369 ingemueris
1474 1317 1529 1357 ad
1564 1318 1721 1368 Deum,

264 1390 430 1431 solvisti
469 1395 647 1442 repente
683 1389 959 1438 sententiam,
991 1390 1252 1442 veniamque
1295 1389 1550 1430 meruisti.''·2
1612 1391 1725 1431 Haec

262 1470 327 1503 est
349 1477 440 1516 pax
463 1476 562 1502 cum
588 1463 697 1511 Deo,
716 1476 860 1514 quam,
885 1463 991 1502 dicit
1015 1461 1260 1514 Gregorius,
1284 1463 1327 1502 in
1349 1463 1432 1503 hac
1455 1463 1723 1504 discussione

263 1536 399 1576 nostri
437 1535 624 1588 pectoris
660 1535 871 1587 parturiri.
943 1535 1053 1587 Quis
1090 1536 1221 1587 igitur
1257 1549 1344 1575 non
1383 1536 1535 1576 fidenti
1573 1537 1723 1577 animo

260 1608 486 1661 gradiatur
522 1609 577 1648 ad
616 1614 814 1656 mortem,
845 1608 1016 1660 quoties
1052 1613 1233 1648 vocatur
1268 1622 1294 1648 a
1328 1609 1459 1648 Deo?
1535 1608 1582 1649 Si
1621 1623 1722 1650 suas

261 1681 412 1734 culpas
434 1681 631 1733 quotidie
653 1687 841 1725 accusat.
864 1687 907 1720 et
929 1694 1075 1720 coram
1101 1681 1198 1720 Deo
1216 1681 1363 1733 judice
1386 1682 1571 1734 puniat?
1615 1683 1723 1723 Ideo

260 1755 398 1795 sancti
428 1754 517 1802 viri,
547 1754 802 1806 priusquam
835 1754 891 1793 ad
919 1759 1167 1793 extremum
1198 1754 1304 1794 illud
1330 1754 1543 1805 judicium
1565 1769 1724 1795 vocen-

258 1834 340 1875 tur,
374 1841 420 1867 se
452 1827 534 1879 ipsi
568 1826 824 1878 dijudicant,
858 1831 901 1866 et
932 1832 1131 1866 statuunt
1162 1840 1208 1866 se
1240 1833 1391 1867 contra
1421 1841 1479 1878 se,
1511 1834 1558 1868 ut
1589 1828 1644 1868 de
1675 1842 1723 1869 se

260 1901 353 1954 ipse
396 1900 556 1940 fatetur
598 1900 643 1939 B.
669 1899 943 1939 Bernardus:
982 1899 1260 1950 “Statuam‚''
1294 1901 1447 1952 inquit,
1479 1904 1583 1941 “me
1619 1908 1723 1942 ante

259 1988 341 2024 me,
366 1980 410 2014 et
436 1973 645 2026 judicabo
678 1987 748 2013 me
780 1974 936 2025 ipsum,
962 1980 1009 2013 ut
1034 1973 1148 2013 illius
1180 1980 1391 2014 extremae
1415 1981 1458 2015 et
1480 1976 1723 2016 tremendae

255 2048 339 2088 diei
367 2047 582 2100 judicium
605 2046 789 2086 evadere
817 2045 1043 2099 possim.’'3
1103 2047 1163 2087 Et
1185 2048 1229 2087 id
1259 2048 1493 2099 unicuique
1514 2049 1591 2088 dat
1613 2062 1717 2089 con-

255 2121 337 2161 silii
357 2135 365 2161 :
400 2121 612 2160 “Discute
635 2119 779 2160 adhuc
801 2126 844 2160 te
867 2119 1046 2172 ipsum‚”
1070 2121 1222 2172 inquit,
1247 2123 1323 2160 “ut
1344 2121 1455 2160 scias
1478 2122 1583 2173 quid
1606 2121 1719 2162 desit

258 2195 350 2243 tibi,
374 2208 428 2233 ne
458 2195 500 2233 in
535 2193 609 2232 illa
637 2192 792 2233 ultima
824 2193 1091 2232 discussione
1123 2206 1270 2232 coram
1303 2194 1507 2234 omnibus
1539 2195 1721 2235 confun-

259 2268 386 2316 daris,
411 2267 445 2306 si
479 2267 657 2306 inventa
689 2265 817 2305 fuerit
850 2266 893 2304 in
919 2271 963 2305 te
994 2264 1253 2317 iniquitas.’'4
1314 2267 1374 2306 Et
1412 2267 1457 2308 B.
1484 2267 1720 2321 Gregorius

257 2340 312 2380 de
334 2339 482 2380 electis
505 2339 601 2387 Dei,
625 2339 668 2378 in
691 2338 797 2377 illud
819 2338 915 2389 Job.
973 2338 1113 2378 “Vias
1137 2352 1256 2378 meas
1278 2339 1321 2378 in
1344 2346 1580 2393 conspectu
1603 2340 1719 2380 illius

254 2427 465 2466 arguam;
498 2419 541 2452 et
573 2413 665 2464 ipse
703 2413 783 2451 erit
821 2412 1023 2453 Salvator
1060 2411 1267 2463 meus;’'5
1314 2413 1481 2465 inquit:
1524 2413 1719 2463 “Electi,

255 2488 430 2539 quippe,
474 2485 612 2538 culpis
653 2486 741 2524 suis
775 2498 1000 2538 nunquam
1043 2486 1185 2526 sciunt
1227 2499 1414 2538 parcere,
1458 2492 1505 2526 ut
1545 2487 1718 2539 possint

256 2560 482 2612 culparum
508 2558 702 2610 judicem
735 2558 957 2611 placatum
988 2559 1189 2600 invenire.
1253 2561 1312 2600 Et
1333 2573 1433 2600 vere
1462 2574 1560 2599 eum
1593 2566 1714 2613 post-

253 2633 436 2673 modum
468 2631 657 2671 invenire
688 2631 962 2672 Salvatorem
992 2633 1186 2681 credunt,
1206 2645 1338 2684 quem
1361 2633 1557 2673 districte
1580 2632 1713 2673 modo

246 2707 441 2759 judicem
473 2711 685 2745 metuunt.
749 2705 878 2754 Nam,
902 2706 975 2758 qui
1005 2705 1086 2746 sibi
1113 2719 1228 2746 nunc
1260 2707 1303 2746 in
1335 2705 1464 2760 culpa
1493 2707 1644 2760 parcit,
1674 2707 1714 2747 ei

297 2810 310 2830 ¹
334 2812 420 2844 Mor.
440 2811 462 2844 1.
483 2818 533 2852 25.
555 2821 583 2844 c.
601 2817 629 2851 7.
723 2809 736 2828 '³
761 2810 863 2842 Hom.
885 2810 915 2842 6.
936 2811 971 2842 in
994 2811 1113 2844 Matth.
1208 2811 1222 2831 ³
1245 2813 1299 2845 De
1323 2813 1425 2845 Inter.
1446 2812 1545 2846 Dom.
1566 2822 1595 2846 c.
1614 2820 1668 2845 21.

652 2860 667 2881 ⁴
690 2861 776 2894 Ibid.
797 2872 823 2893 c.
844 2860 895 2903 63.
1119 2862 1132 2881 ⁵
1153 2863 1230 2904 Job.
1253 2871 1302 2905 ¹3·
