1903 3197
519 161 588 208 In
621 159 838 222 Regulas
871 157 1132 205 Modestz'ce.
1466 155 1558 200 601

98 297 265 340 tificata
286 295 528 337 secundum
549 292 820 348 Apostolum
850 305 980 345 super
1001 298 1161 332 terram
1191 288 1388 329 membra
1414 292 1565 340 gestus

100 373 264 414 debent
287 369 571 411 mortificatos
599 366 795 407 habere.''
859 366 976 406 Nam
1000 379 1057 406 ex
1089 363 1426 404 mortificatione
1456 362 1565 402 inte—

104 447 215 487 riore
252 445 391 498 magis
427 443 678 497 agnoscitur
714 440 953 493 religiosus,
986 440 1044 480 ob
1075 438 1338 479 modestiam
1371 450 1471 489 quae
1508 449 1566 476 ex

99 534 153 562 ea
193 519 484 573 consequitur,
528 530 662 570 quam
710 529 767 555 ex
815 515 911 567 ipso
958 514 1178 567 religionis
1225 518 1391 560 ornatu,
1434 516 1568 563 atque

98 595 281 644 vestitu;
315 599 362 634 ut
394 594 437 633 in
470 592 601 632 fratre
632 596 783 630 nostro
816 589 1052 629 Fernando
1080 587 1262 640 planum
1294 585 1459 626 sactum
1492 591 1569 632 est,

101 682 202 710 cum
225 669 268 709 in
290 668 388 708 navi
421 667 495 707 illa
516 680 616 719 quae
640 664 869 705 Brasiliam
892 661 1065 703 solvens
1088 663 1131 701 in
1153 660 1382 701 haereticos
1404 659 1568 706 incidit,

99 743 351 784 vehebatur.
414 740 503 794 Qui
529 740 709 793 quidem
740 737 866 778 talari
897 738 1047 777 tunica
1079 741 1240 776 exutus
1271 734 1328 774 ab
1354 732 1569 781 hostibus,

101 823 148 858 et
183 822 396 869 tanquam
439 815 643 855 secularis
680 813 866 863 relictus,
902 825 959 852 ex
995 811 1119 851 vultu
1156 816 1307 850 tamen
1344 808 1570 860 oculisque

100 891 160 932 ad
195 890 459 931 modestiam
494 888 762 942 compositis,
794 887 851 928 ab
892 887 943 927 iis
985 886 1058 939 qui
1101 899 1201 926 eum
1237 897 1324 924 non
1359 887 1571 923 noverant

101 966 279 1018 agnitus
311 971 388 1014 est,
418 964 682 1016 habitusque
713 976 792 1016 pro
825 962 994 1011 nostris,
1021 966 1070 1001 ut
1102 960 1144 1000 in
1177 957 1373 1012 epistolis
1406 956 1572 997 Indicis

104 1041 316 1094 scriptum
349 1037 443 1080 est.1

193 1114 478 1155 Secundum:
529 1113 564 1153 si
617 1111 713 1165 quis
764 1116 988 1152 assuescat
1038 1123 1138 1150 cum
1185 1108 1303 1149 solus
1353 1108 1458 1161 agit,
1511 1107 1573 1147 ita

103 1194 250 1229 motus
292 1201 393 1227 suos
434 1199 698 1240 componere
739 1199 790 1225 ac
830 1186 866 1226 si
918 1197 1091 1237 semper
1131 1188 1247 1223 esset
1283 1187 1386 1222 ante
1421 1179 1573 1221 oculos

101 1264 345 1305 hominum.
418 1261 633 1314 Alioquin
675 1260 756 1300 nisi
797 1259 927 1312 hujus
969 1258 1197 1299 modestiae
1239 1256 1415 1296 habitus
1451 1254 1574 1295 domi

103 1344 265 1378 nostrae
310 1337 429 1390 prius
470 1341 759 1389 comparetur,
793 1347 893 1374 cum
935 1333 979 1373 in
1020 1332 1249 1372 hominum
1287 1336 1573 1383 conspectum

104 1412 391 1467 prodibimuS,
429 1424 483 1450 ne
524 1416 620 1450 tum
661 1409 842 1462 quidem
891 1409 1025 1448 etiam
1068 1407 1304 1460 cupientes,
1344 1404 1575 1444 modestiae

104 1487 266 1529 debitae
304 1485 642 1526 meminerimus.
717 1484 1026 1524 Bonaventura
1060 1481 1116 1521 de
1154 1479 1284 1521 Infor.
1309 1493 1405 1520 nov.
1428 1493 1462 1520 c.
1486 1479 1574 1519 xvi.

106 1561 386 1614 “Nunquam
429 1560 490 1600 ita
526 1571 703 1599 securus
740 1558 797 1597 sis
835 1563 878 1597 et
914 1557 1165 1604 absconsus,
1203 1554 1309 1606 quin
1350 1554 1412 1593 ita
1448 1552 1576 1592 disci—

105 1635 274 1689 plinate
296 1640 340 1674 et
361 1640 480 1674 caste
503 1639 547 1673 te
568 1632 735 1673 habeas
753 1632 795 1671 in
817 1631 924 1680 visu,
940 1636 1079 1683 gestu,
1095 1635 1215 1669 tactu
1240 1633 1283 1668 et
1305 1628 1349 1667 in
1371 1626 1576 1667 omnibus

108 1709 215 1758 aliis,
250 1723 302 1749 ac
338 1708 373 1748 si
405 1708 461 1748 ab
497 1707 645 1759 aliquo
678 1704 922 1746 videreris.''
985 1705 1045 1745 Et
1079 1703 1217 1743 Isaias
1248 1701 1436 1742 Abbas:
1474 1700 1577 1741 “Te

107 1784 253 1838 ipsum
296 1796 471 1836 quoque
522 1782 629 1822 dum
681 1780 800 1821 solus
852 1793 909 1830 es,
952 1779 1058 1819 dum
1111 1777 1265 1826 induis,
1312 1782 1388 1817 aut
1436 1775 1576 1824 exuis,

106 1856 335 1899 reverere.''

197 1931 462 1980 Dorotheus,
496 1929 585 1970 Ser.
624 1940 688 1969 20.
733 1927 884 1969 “Cum
921 1933 966 1968 te
1008 1927 1142 1980 quieti
1183 1925 1331 1975 tradis,
1364 1925 1577 1975 modeste,

107 2006 251 2048 sobrie
273 2005 561 2058 religioseque
591 2009 637 2044 te
667 2002 826 2056 geras.'’

196 2081 256 2122 Et
297 2081 352 2120 de
390 2080 528 2119 Beato
560 2077 761 2118 Antonio
794 2081 941 2117 narrat
977 2074 1263 2124 Athanasius,
1295 2087 1395 2114 cum
1437 2079 1576 2113 trans-

110 2156 304 2197 eundum
352 2160 467 2195 esset
510 2152 570 2193 illi
617 2152 780 2192 fiumen
829 2151 1013 2203 Lycum,
1068 2163 1244 2202 rogasse
1291 2147 1577 2188 Theodorum

110 2232 330 2279 comitem,
374 2235 422 2270 ut
463 2243 489 2269 a
530 2242 609 2268 suo
655 2232 931 2280 separaretur
981 2230 1175 2278 aspectu,
1228 2237 1282 2263 ne
1328 2222 1575 2263 nuditatem

107 2306 304 2359 corporis
347 2303 532 2344 invicem
575 2307 759 2354 uterque
801 2301 1080 2353 conspiceret.
1160 2298 1272 2339 Cum
1315 2304 1463 2338 autem
1506 2296 1579 2337 ille

110 2380 371 2428 recessisset,
405 2376 689 2418 nihilominus
731 2388 830 2415 cum
872 2388 919 2414 se
960 2373 1126 2413 nudare
1165 2372 1307 2422 vellet,
1341 2371 1574 2412 erubuisse.

109 2453 237 2506 Quas
259 2454 370 2493 inter
391 2451 691 2505 cogitationes,
714 2450 940 2489 inventum
964 2461 1059 2488 esse
1080 2446 1288 2487 divinitus
1310 2445 1366 2486 ad
1392 2445 1574 2485 alteram

110 2528 251 2580 ripam
282 2526 406 2566 siccis
437 2525 634 2579 pedibus,
658 2525 859 2576 siccaque
886 2529 1017 2563 veste.

197 2600 323 2641 Idem
374 2600 532 2640 dicitur
577 2598 773 2639 evenisse
825 2597 963 2637 Beato
1005 2596 1261 2644 Ammonio,
1296 2607 1427 2647 quem
1479 2594 1573 2646 ipse

112 2675 414 2717 admirabatur
441 2673 676 2721 Antonius,
700 2685 800 2712 cum
830 2671 983 2711 Nilum
1012 2671 1196 2711 transire
1216 2667 1358 2718 vellet,
1382 2674 1425 2708 et
1447 2681 1572 2708 suam

111 2752 253 2805 ipsam
300 2749 572 2790 erubesceret
617 2747 863 2787 nuditatem
905 2746 943 2786 d.
990 2757 1025 2786 2.
1068 2760 1100 2785 c.
1166 2744 1292 2785 Idem
1333 2743 1388 2783 de
1434 2743 1573 2784 Beato

106 2825 284 2878 ,Joanne
317 2823 566 2866 Silentiario
596 2821 819 2875 Episcopo
847 2821 996 2861 scribit
1026 2819 1207 2861 Simeon
1238 2817 1574 2871 Metaphrastes,

529 2910 542 2930 ²
567 2912 631 2953 Ep.
653 2911 782 2943 Franci.
805 2910 944 2943 Henrici
967 2914 1144 2952 postrema.
