1903 3197
440 169 519 215 De
550 168 804 215 delationis
838 168 1130 229 dgfficlcltate.
1428 169 1518 224 149

44 302 215 352 resciri,
243 316 330 355 quo
363 301 538 342 nomine
570 300 718 341 omnia
750 300 1029 339 continentur
1060 313 1219 340 arcana
1241 305 1368 339 extra
1401 298 1519 351 sigil—

58 379 150 418 lum
175 376 480 418 Confessionis.
513 374 830 426 Adjunguntur
853 379 1001 413 autem
1024 374 1155 412 verba
1177 373 1274 413 illa:
1307 373 1519 413 “Notatae

60 457 104 492 et
135 451 376 491 observatae
410 447 602 498 fue1·int,''
636 447 738 499 quia
775 447 945 486 duobus
984 446 1125 485 modis
1163 446 1251 485 fieri
1294 452 1441 498 potest
1473 451 1522 486 ut

58 524 156 577 quis
188 524 244 564 ad
277 537 328 563 ea
358 521 606 570 deferenda,
631 534 728 573 qua:
763 521 806 560 in
838 520 965 560 nobis
997 526 1108 568 sunt,
1140 519 1415 572 impellatur:
1452 520 1522 559 vel

59 598 162 651 quia
195 611 296 638 casu
332 596 478 650 potius
512 608 644 648 quam
681 594 827 634 studio
862 607 913 633 ea
955 594 994 633 in
1038 593 1163 633 nobis
1198 593 1520 641 animadvertit,

58 678 102 713 et
132 672 216 712 hoc
249 671 511 724 exprimitur
540 669 673 709 verbo
706 669 781 708 illo
815 667 1079 717 “notatae;''
1118 667 1187 707 vel
1219 668 1337 719 quod
1371 667 1523 706 dedita

57 759 191 800 opera
231 745 465 796 studioque
503 743 751 791 accedente,
794 742 1036 795 praesertim
1082 741 1365 794 Superiorum
1414 748 1521 781 nutu

52 820 276 873 jussuque,
299 818 550 866 observarit,
576 823 619 857 et
641 817 723 857 1106
755 815 1025 869 significatur
1046 816 1179 855 verbo
1204 819 1225 835 “
1240 815 1481 854 observatae
1501 813 1521 829 ''

58 907 146 947 quo
180 893 458 933 continentur
493 891 713 944 praecipue
747 890 940 942 Syndici,
977 890 1136 942 quibus
1170 890 1213 929 id
1252 888 1443 928 muneris
1478 896 1522 929 et

56 981 160 1008 cura
191 966 488 1007 committitur.
556 965 667 1005 Haec
704 965 836 1017 igitur
872 965 913 1003 in
954 978 997 1003 re
1030 964 1178 1003 delata
1213 963 1519 1003 difficultatem

57 1040 247 1082 ferendae
291 1039 522 1080 delationis
574 1038 855 1091 amplificant.
919 1037 1092 1090 Quibus
1138 1038 1172 1077 si
1220 1038 1358 1077 addas
1400 1037 1520 1089 quod

59 1114 154 1154 haec
184 1127 271 1153 non
300 1112 447 1162 semel,
480 1112 556 1152 sed
586 1125 784 1164 semper3
816 1124 902 1151 non
933 1111 1089 1163 aliqua,
1119 1110 1197 1150 sed
1227 1111 1375 1150 omnia
1404 1109 1522 1150 defe-

58 1189 195 1229 renda
250 1192 351 1226 sunt
404 1186 526 1235 (dicit
577 1186 693 1225 enim
748 1185 1045 1225 Constitutio:
1108 1188 1299 1224 “omnes
1346 1198 1522 1233 errores,

24 1261 264 1310 =defectus,
307 1266 350 1299 et
392 1273 458 1299 res
500 1258 807 1311 quaecunque,'‘
847 1271 932 1297 non
975 1258 1163 1310 aliquae),
1209 1264 1303 1298 tum
1341 1258 1521 1299 demum

24 1363 26 1368 =
57 1334 402 1376 cumulatissima
434 1332 666 1372 difficultas
698 1332 787 1372 erit.

145 1407 234 1449 Sed
296 1406 578 1446 nihilominus
641 1406 701 1445 ita
762 1404 967 1445 tolletur:
1051 1406 1207 1454 Primo,
1262 1406 1295 1445 si
1351 1406 1522 1446 ardenti

58 1482 250 1536 quodam
294 1479 547 1534 proficiendi
591 1479 738 1519 studio
780 1485 1017 1519 teneamur.
1079 1479 1167 1532 Qui
1200 1480 1316 1519 enim
1359 1481 1524 1532 perdis-

39 1556 295 1597 ⁴cendarum
325 1554 485 1594 artium
515 1567 664 1593 amore
694 1552 892 1605 flagrant,
918 1552 1024 1592 illud
1059 1553 1187 1592 simul
1220 1558 1314 1593 toto
1346 1559 1524 1606 pectore

23 1629 371 1683 ⁴concupiscunt
408 1634 455 1668 ut
491 1627 707 1680 quidquid
750 1627 792 1666 in
835 1641 983 1667 earum
1028 1628 1344 1668 exercitatione
1386 1627 1524 1667 delin-

26 1709 200 1757 *quunt
233 1703 473 1755 corrigatur
508 1715 534 1741 a
568 1701 728 1754 peritis,
765 1706 808 1740 et
850 1701 1049 1741 beneficii
1087 1702 1183 1742 loco
1218 1707 1451 1742 numerant
1488 1703 1523 1741 si

60 1778 117 1819 ab
153 1778 203 1817 iis
240 1777 315 1828 qui
352 1776 449 1829 plus
483 1775 634 1815 vident
666 1775 998 1823 admoneantur,
1036 1777 1151 1827 quod
1192 1776 1296 1815 011111
1336 1776 1524 1815 faciebat

58 1850 256 1904 Apelles,
290 1850 402 1889 inter
447 1849 656 1902 pingendi
705 1848 883 1900 opifices
931 1848 1057 1888 facile
1103 1849 1315 1902 princeps.
1395 1849 1524 1888 “Hic

61 1925 178 1966 enim
211 1923 405 1977 perfecta
437 1935 570 1975 opera
600 1922 876 1974 proponebat
907 1922 949 1961 in
982 1921 1164 1974 pergula
1185 1922 1524 1972 transeuntibus,

64 2004 197 2051 atque
237 2004 338 2050 post
380 1997 521 2049 ipsam
564 1996 760 2035 tabulam
802 1994 942 2035 latens
982 1995 1089 2035 vitia
1130 2009 1229 2048 quse
1270 2003 1526 2036 notarentur

61 2070 348 2119 auscultabat,
407 2069 588 2122 vulgum
650 2068 970 2121 diligentiorem
1028 2069 1222 2121 judicem
1285 2083 1417 2121 quam
1478 2083 1526 2110 se

59 2142 330 2198 praefe1·ens‚’'
367 2148 414 2182 ut
450 2142 612 2182 Plinius
650 2141 739 2182 ait.1
803 2142 875 2183 Sic
910 2143 952 2181 111
985 2142 1074 2182 vita
1106 2143 1319 2195 spirituali
1364 2144 1523 2183 ardens

60 2218 265 2271 quaedam
308 2216 525 2269 cupiditas
566 2216 846 2268 perfectionis
888 2229 939 2256 ea
980 2216 1159 2255 demum
1202 2216 1306 2256 facit
1347 2223 1395 2257 ut
1436 2230 1525 2257 non

61 2291 203 2332 solum
246 2297 404 2343 sponte
447 2289 621 2329 oblatos
658 2289 946 2342 suscipiamus
983 2290 1232 2340 monitores,
1271 2290 1348 2330 sed
1391 2291 1524 2330 etiam

64 2378 151 2406 non
194 2364 366 2405 oblatos
408 2363 521 2403 ultro
565 2377 825 2415 quaeramus.
909 2363 969 2403 Et
1010 2363 1188 2416 quidem
1238 2364 1349 2404 inter
1390 2365 1525 2404 nostri

62 2438 284 2493 profectus
322 2437 481 2477 indicia
516 2436 599 2477 hoc
636 2437 926 2491 Philosophus
965 2437 1222 2478 Plutarchus
1255 2437 1526 2479 611111116131;2

64 2516 88 2533 “
103 2512 150 2553 Si
173 2513 269 2565 quis
291 2518 523 2565 peccatum
549 2525 676 2551 suum
699 2512 769 2551 vel
799 2512 985 2565 ipsemet
1011 2513 1223 2552 damnare
1244 2518 1287 2552 et
1310 2513 1525 2566 castigare

60 2587 271 2635 instituat,
298 2586 366 2626 vel
400 2585 485 2626 alio
519 2586 763 2638 castigante
794 2586 1056 2626 tolerantem
1090 2600 1137 2626 se
1172 2588 1379 2639 praebeat,
1406 2587 1523 2627 vitiis

24 2660 292 2700 -exonerari
343 2660 595 2700 correctoris
642 2673 776 2712 opera
826 2674 872 2700 se
923 2660 1108 2701 libenter
1148 2661 1273 2701 sinat.
1357 2662 1523 2701 Contra

60 2746 176 2781 vero,
207 2746 317 2785 quos
347 2732 577 2772 minimum
608 2734 802 2773 studium
834 2747 924 2774 suae
952 2734 1232 2787 perfectionis
1254 2735 1458 2784 incendit,
1482 2733 1522 2783 ii,

55 2807 96 2848 ⁴si
119 2807 298 2860 quando
327 2821 406 2860 per
426 2806 643 2847 delatores
672 2807 837 2860 aliquid
867 2808 928 2848 eis
951 2808 1005 2848 de
1034 2809 1122 2848 suis
1152 2808 1346 2848 moribus
1375 2821 1522 2848 emen-

189 2895 201 2915 1
226 2898 305 2929 Nat.
327 2897 401 2929 hist.
423 2897 443 2929 l.
466 2903 517 2938 35.
538 2908 565 2929 c.
591 2906 640 2930 10.
792 2897 805 2916 ²
831 2898 952 2940 opusc.
973 2899 1014 2930 de
1030 2909 1096 2930 suae
1113 2899 1184 2930 virt.
1206 2898 1288 2940 prof.
1309 2903 1390 2930 sent,
