1903 3197
535 186 602 232 In
636 185 852 248 Regulas
885 184 1150 231 flsodestz‘ce.
1483 185 1576 242 645

114 318 276 359 clerum
299 318 490 359 noluisse
511 319 710 371 recipere,
734 319 837 371 quia
859 332 916 358 ex
943 319 1038 371 ipso
1068 319 1239 357 incessu
1264 315 1576 356 animadvertit

114 407 166 433 ea
197 393 319 433 illum
351 407 539 446 persona
561 393 741 432 minime
763 393 946 445 dignum
971 406 1077 432 esse.
1140 391 1304 431 Narrat
1336 390 1380 430 id
1412 391 1517 442 ipse,
1540 403 1574 429 c-

117 466 216 508 Offi.
240 482 272 508 c.
303 468 362 508 18.

201 548 260 592 40.
296 541 518 582 Habenda
547 547 612 581 est
641 541 774 580 etiam
804 540 886 580 loci
917 541 1038 580 ratio.
1103 540 1221 580 Nam
1245 539 1288 579 in
1311 539 1416 586 soro,
1441 537 1579 577 medi-

114 616 238 669 isque
278 616 414 656 triviis
463 615 688 655 ambulare
729 615 978 654 contentius
1021 620 1175 654 contra
1225 615 1433 653 decorum
1481 612 1579 664 jure

114 691 311 739 videtur3
346 690 389 729 in
420 689 655 729 solitudine
678 702 728 728 ac
760 702 931 729 secessu
965 702 1052 728 non
1086 689 1202 728 item.
1266 687 1415 740 Quare
1444 686 1578 726 etiam

113 763 298 816 joannis
330 763 536 816 Apostoli
569 777 732 812 cursus,
755 763 810 803 de
833 776 920 815 quo
952 762 1084 816 paulo
1117 768 1220 802 ante
1252 761 1460 808 diximus,
1485 765 1579 799 erat

113 852 191 891 per
212 838 428 878 montium
452 837 720 884 solitudines
744 837 817 877 ubi
836 837 1057 889 degebant
1080 836 1283 885 latrones,
1304 835 1378 888 qui
1401 834 1579 874 celebri-

113 918 251 952 tatem
286 913 439 961 vitant,
477 912 739 964 abditasque
781 911 970 951 latebras
1007 916 1328 951 consectantur.
1392 909 1451 948 Et
1493 907 1579 947 Dei

114 986 260 1026 Mater
300 1000 400 1027 cum
442 986 723 1026 festinatione
760 986 919 1026 abiisse
956 985 1114 1025 dicitur
1155 986 1198 1024 in
1237 989 1460 1031 montana,
1503 982 1577 1023 ubi

113 1061 342 1101 celebritas
365 1061 485 1100 nulla
507 1067 608 1100 erat.

204 1141 257 1186 50.
296 1135 529 1188 Temporis
566 1134 697 1174 etiam
740 1134 945 1173 habenda
987 1134 1097 1173 ratio
1139 1139 1215 1173 est.
1298 1132 1416 1185 Quia
1457 1131 1492 1171 si
1535 1131 1578 1171 in

114 1210 260 1249 medio
290 1210 443 1249 itinere
475 1215 518 1253 te
548 1223 638 1248 nox
672 1208 904 1261 opprimat,
925 1207 1091 1260 justam
1124 1207 1261 1247 habes
1283 1205 1578 1246 festinationis

113 1298 291 1324 causam
311 1297 319 1333 3
353 1290 400 1323 ut
423 1297 510 1323 non
534 1284 627 1322 sine
649 1296 783 1322 causa
814 1288 993 1335 putetur
1023 1296 1102 1334 par
1134 1281 1240 1321 illud
1264 1280 1578 1333 discipulorum

114 1372 171 1398 ex
207 1358 421 1397 Emmaus
457 1358 635 1397 rediisse
672 1356 951 1396 Hierusalem
990 1356 1249 1396 festinanter
1285 1356 1339 1395 ad
1374 1354 1578 1394 undecim

113 1438 431 1484 congregatos:
464 1432 567 1484 quia
601 1431 809 1471 inclinata
844 1437 936 1470 erat
967 1430 1059 1482 jam
1094 1431 1197 1477 dies,
1231 1436 1274 1470 et
1308 1429 1485 1482 quidem
1521 1427 1577 1468 ad

113 1520 353 1559 vesperam,
377 1519 475 1545 cum
500 1505 772 1557 regrediendi
796 1504 1027 1544 consilium
1051 1511 1277 1556 coeperant
1297 1519 1304 1550 ;
1338 1504 1443 1543 Luc.
1468 1514 1532 1553 24.

200 1581 257 1620 60.
293 1580 496 1632 Denique
533 1592 847 1631 personarum:
899 1578 1000 1631 quia
1038 1579 1071 1617 si
1110 1579 1313 1618 tardioris
1356 1578 1578 1629 ingressus

113 1655 321 1694 comitem
373 1654 548 1701 habeaS,
592 1659 744 1692 contra
793 1653 999 1692 decorum
1052 1652 1196 1700 facias,
1241 1653 1274 1691 si
1326 1664 1577 1704 praecurras,

114 1730 358 1782 praesertim
396 1729 430 1768 si
468 1742 567 1768 cum
605 1729 802 1780 graviore
839 1728 986 1780 aliquo
1023 1728 1115 1767 viro
1152 1728 1232 1767 iter
1268 1727 1411 1766 facias.
1476 1725 1579 1777 Quo

116 1804 295 1843 nomine
317 1810 494 1843 accusat
516 1803 719 1843 clericum
743 1803 964 1854 quendam
989 1802 1263 1847 Ambrosius,
1289 1814 1317 1841 1.
1340 1801 1424 1841 Off.
1444 1814 1576 1853 quem

115 1877 160 1917 in
194 1892 273 1918 suo
305 1878 419 1918 clero
452 1883 680 1930 repererat,
708 1877 781 1929 qui
814 1890 961 1916 secum
996 1877 1076 1915 iter
1104 1876 1266 1915 faciens
1299 1875 1453 1915 solitus
1487 1880 1580 1914 erat

116 1953 282 2005 praeire,
302 1952 583 2004 jussisseqroe,
611 1952 682 2000 ait,
706 1965 760 1990 ne
783 1965 975 2003 unquam
1000 1951 1080 1990 sibi
1104 1952 1286 2003 praeiret,
1311 1951 1413 2003 quia
1444 1949 1579 1989 veluti

118 2027 312 2078 quodam
336 2027 564 2066 insolentis
597 2026 790 2065 incessus
812 2026 989 2065 verbere
1011 2024 1160 2064 oculos
1183 2025 1327 2064 feriret
1350 2038 1461 2065 suos.

206 2101 331 2142 Isaac
370 2101 517 2153 Syrus,
553 2114 585 2140 e.
620 2109 715 2151 45.;
749 2100 853 2139 “Ne
890 2100 1132 2152 praevenias
1166 2099 1378 2151 majorem
1413 2105 1466 2138 te.
1531 2097 1578 2138 Si

117 2181 265 2215 autem
296 2176 532 2216 tardaverit
562 2176 704 2214 socius
734 2181 846 2223 tuus,
869 2188 1022 2227 parum
1057 2175 1162 2213 dum
1195 2174 1469 2226 progrederis
1502 2186 1578 2212 ex-

115 2256 244 2302 pecta
267 2251 401 2290 eum.''

165 2490 251 2530 DE
293 2488 630 2529 MODESTIA
674 2488 738 2527 IN
785 2486 1124 2528 COMITATU
1169 2487 1532 2529 SERVANDA.

547 2596 611 2626 Ex
646 2595 845 2626 REGULA
878 2595 1086 2626 X11.cAP.
1112 2598 1148 2637 3.

120 2687 395 2734 MODESTIA,
419 2699 518 2738 quae
551 2686 593 2725 in
616 2685 829 2725 comitatu
854 2685 1105 2725 adhibenda
1127 2692 1202 2733 est,
1227 2686 1269 2724 in
1303 2699 1354 2725 eo
1386 2686 1469 2725 sita
1502 2692 1579 2735 est,

117 2767 166 2801 ut
207 2761 250 2800 in
293 2759 574 2799 multitudine
611 2765 812 2799 cernatur
853 2760 970 2805 ordo,
1006 2760 1066 2799 ita
1100 2765 1147 2799 ut
1180 2759 1271 2799 bini
1308 2760 1485 2807 ternive,
1533 2766 1582 2799 ut

116 2836 312 2889 superior
333 2835 657 2887 praescripserit,
681 2834 761 2873 iter
782 2833 954 2873 faciant.

204 2909 306 2949 Duo
328 2908 397 2948 hic
419 2908 618 2948 dicenda.
682 2907 874 2947 Primum
896 2923 902 2947 :
935 2921 1010 2946 cur
1042 2908 1084 2947 in
1108 2907 1319 2947 comitatu
1344 2908 1582 2948 servandus
