<?xml version="1.0" encoding="UTF-8"?>
<!DOCTYPE html PUBLIC "-//W3C//DTD XHTML 1.0 Transitional//EN"
    "http://www.w3.org/TR/xhtml1/DTD/xhtml1-transitional.dtd">
<html xmlns="http://www.w3.org/1999/xhtml" xml:lang="en" lang="en">
 <head>
  <title>
</title>
<meta http-equiv="Content-Type" content="text/html;charset=utf-8" />
  <meta name='ocr-system' content='tesseract 3.04.00' />
  <meta name='ocr-capabilities' content='ocr_page ocr_carea ocr_par ocr_line ocrx_word'/>
</head>
<body>
  <div class='ocr_page' id='page_1' title='image "./nicolaiorlandini00orla/nicolaiorlandini00orla_0041.png"; bbox 0 0 1903 3197; ppageno 0'>
   <div class='ocr_carea' id='block_1_1' title="bbox 427 162 1611 211">
    <p class='ocr_par' dir='ltr' id='par_1_1' title="bbox 427 162 1611 211">
     <span class='ocr_line' id='line_1_1' title="bbox 427 162 1611 211; baseline 0.004 -5"><span class='ocrx_word' id='word_1_1' title='bbox 427 162 661 207; x_wconf 70' lang='lat' dir='ltr'>Studium</span> <span class='ocrx_word' id='word_1_2' title='bbox 696 163 927 208; x_wconf 70' lang='lat' dir='ltr'>servandi</span> <span class='ocrx_word' id='word_1_3' title='bbox 964 164 1007 210; x_wconf 84' lang='lat' dir='ltr'><em>C</em></span> <span class='ocrx_word' id='word_1_4' title='bbox 1004 165 1344 211; x_wconf 49' lang='lat' dir='ltr'>meditationes.</span> <span class='ocrx_word' id='word_1_5' title='bbox 1561 182 1611 211; x_wconf 80' lang='lat'>21</span> 
     </span>
    </p>
   </div>
   <div class='ocr_carea' id='block_1_2' title="bbox 141 293 1625 2925">
    <p class='ocr_par' dir='ltr' id='par_1_2' title="bbox 141 293 1625 2925">
     <span class='ocr_line' id='line_1_2' title="bbox 156 293 1617 346; baseline 0.002 -12"><span class='ocrx_word' id='word_1_6' title='bbox 156 294 295 334; x_wconf 84' lang='lat' dir='ltr'>nostri</span> <span class='ocrx_word' id='word_1_7' title='bbox 318 294 483 334; x_wconf 83' lang='lat' dir='ltr'>ratione</span> <span class='ocrx_word' id='word_1_8' title='bbox 507 293 790 346; x_wconf 88' lang='lat' dir='ltr'>adimplenda</span> <span class='ocrx_word' id='word_1_9' title='bbox 813 295 1235 346; x_wconf 72' lang='lat' dir='ltr'>p1·cete1·mitta1mis.&#39;&#39;</span> <span class='ocrx_word' id='word_1_10' title='bbox 1268 297 1327 336; x_wconf 88' lang='lat' dir='ltr'>Et</span> <span class='ocrx_word' id='word_1_11' title='bbox 1353 296 1500 337; x_wconf 89' lang='lat' dir='ltr'>Const.</span> <span class='ocrx_word' id='word_1_12' title='bbox 1522 296 1564 338; x_wconf 90' lang='lat' dir='ltr'>P.</span> <span class='ocrx_word' id='word_1_13' title='bbox 1581 299 1617 337; x_wconf 85' lang='lat'>6.</span> 
     </span>
     <span class='ocr_line' id='line_1_3' title="bbox 151 367 1620 422; baseline 0.002 -14"><span class='ocrx_word' id='word_1_14' title='bbox 151 382 193 408; x_wconf 67' lang='lat' dir='ltr'>=C.</span> <span class='ocrx_word' id='word_1_15' title='bbox 217 379 253 420; x_wconf 85' lang='lat'>9.</span> <span class='ocrx_word' id='word_1_16' title='bbox 278 374 425 407; x_wconf 87' lang='lat' dir='ltr'>noster</span> <span class='ocrx_word' id='word_1_17' title='bbox 448 367 577 406; x_wconf 84' lang='lat' dir='ltr'>Pater</span> <span class='ocrx_word' id='word_1_18' title='bbox 600 367 774 415; x_wconf 89' lang='lat' dir='ltr'>indicat,</span> <span class='ocrx_word' id='word_1_19' title='bbox 800 368 841 406; x_wconf 90' lang='lat' dir='ltr'>in</span> <span class='ocrx_word' id='word_1_20' title='bbox 872 381 959 420; x_wconf 90' lang='lat' dir='ltr'>quo</span> <span class='ocrx_word' id='word_1_21' title='bbox 990 369 1097 408; x_wconf 86' lang='lat' dir='ltr'>situs</span> <span class='ocrx_word' id='word_1_22' title='bbox 1126 369 1182 408; x_wconf 92' lang='lat' dir='ltr'>sit</span> <span class='ocrx_word' id='word_1_23' title='bbox 1211 369 1280 409; x_wconf 91' lang='lat' dir='ltr'>hic</span> <span class='ocrx_word' id='word_1_24' title='bbox 1311 384 1443 419; x_wconf 87' lang='lat' dir='ltr'>amor,</span> <span class='ocrx_word' id='word_1_25' title='bbox 1467 384 1554 422; x_wconf 91' lang='lat' dir='ltr'>quo</span> <span class='ocrx_word' id='word_1_26' title='bbox 1577 372 1620 411; x_wconf 90' lang='lat' dir='ltr'>in</span> 
     </span>
     <span class='ocr_line' id='line_1_4' title="bbox 161 437 1621 495; baseline 0.003 -14"><span class='ocrx_word' id='word_1_27' title='bbox 161 437 443 481; x_wconf 89' lang='lat' dir='ltr'>observandis</span> <span class='ocrx_word' id='word_1_28' title='bbox 503 440 915 489; x_wconf 87' lang='lat' dir='ltr'>Constitutionibus,</span> <span class='ocrx_word' id='word_1_29' title='bbox 970 441 1452 495; x_wconf 84' lang='lat' dir='ltr'>Declarationibusque,</span> <span class='ocrx_word' id='word_1_30' title='bbox 1505 445 1621 485; x_wconf 90' lang='lat' dir='ltr'>ordi-</span> 
     </span>
     <span class='ocr_line' id='line_1_5' title="bbox 160 514 1621 567; baseline 0.003 -13"><span class='ocrx_word' id='word_1_31' title='bbox 160 528 301 567; x_wconf 91' lang='lat' dir='ltr'>neque</span> <span class='ocrx_word' id='word_1_32' title='bbox 341 514 514 554; x_wconf 88' lang='lat' dir='ltr'>vivendi</span> <span class='ocrx_word' id='word_1_33' title='bbox 551 514 879 566; x_wconf 84' lang='lat' dir='ltr'>procedendum</span> <span class='ocrx_word' id='word_1_34' title='bbox 923 521 1014 564; x_wconf 71' lang='lat' dir='ltr'>est,</span> <span class='ocrx_word' id='word_1_35' title='bbox 1067 516 1173 555; x_wconf 91' lang='lat' dir='ltr'>dum</span> <span class='ocrx_word' id='word_1_36' title='bbox 1215 516 1321 556; x_wconf 88' lang='lat' dir='ltr'>dicit</span> <span class='ocrx_word' id='word_1_37' title='bbox 1363 522 1406 556; x_wconf 92' lang='lat' dir='ltr'>et</span> <span class='ocrx_word' id='word_1_38' title='bbox 1441 524 1487 557; x_wconf 87' lang='lat' dir='ltr'>nt</span> <span class='ocrx_word' id='word_1_39' title='bbox 1524 517 1621 558; x_wconf 93' lang='lat' dir='ltr'>loco</span> 
     </span>
     <span class='ocr_line' id='line_1_6' title="bbox 158 588 1620 642; baseline 0.002 -14"><span class='ocrx_word' id='word_1_40' title='bbox 158 589 326 629; x_wconf 91' lang='lat' dir='ltr'>timoris</span> <span class='ocrx_word' id='word_1_41' title='bbox 349 588 527 627; x_wconf 76' lang='lat' dir='ltr'>offensae</span> <span class='ocrx_word' id='word_1_42' title='bbox 555 588 762 628; x_wconf 80' lang='lat' dir='ltr'>succedat</span> <span class='ocrx_word' id='word_1_43' title='bbox 784 602 917 638; x_wconf 85' lang='lat' dir='ltr'>amor,</span> <span class='ocrx_word' id='word_1_44' title='bbox 941 595 984 629; x_wconf 91' lang='lat' dir='ltr'>et</span> <span class='ocrx_word' id='word_1_45' title='bbox 1006 589 1269 629; x_wconf 89' lang='lat' dir='ltr'>desiderium</span> <span class='ocrx_word' id='word_1_46' title='bbox 1293 590 1434 629; x_wconf 89' lang='lat' dir='ltr'>omnis</span> <span class='ocrx_word' id='word_1_47' title='bbox 1457 591 1620 642; x_wconf 77' lang='lat' dir='ltr'>perfec—</span> 
     </span>
     <span class='ocr_line' id='line_1_7' title="bbox 158 661 1620 715; baseline 0.001 -13"><span class='ocrx_word' id='word_1_48' title='bbox 158 663 314 702; x_wconf 87' lang='lat' dir='ltr'>tionis:</span> <span class='ocrx_word' id='word_1_49' title='bbox 351 663 475 713; x_wconf 91' lang='lat' dir='ltr'>quasi</span> <span class='ocrx_word' id='word_1_50' title='bbox 517 661 636 701; x_wconf 87' lang='lat' dir='ltr'>dicat</span> <span class='ocrx_word' id='word_1_51' title='bbox 679 675 766 701; x_wconf 90' lang='lat' dir='ltr'>non</span> <span class='ocrx_word' id='word_1_52' title='bbox 809 662 991 713; x_wconf 81' lang='lat' dir='ltr'>alicujus</span> <span class='ocrx_word' id='word_1_53' title='bbox 1033 663 1201 715; x_wconf 87' lang='lat' dir='ltr'>peccati</span> <span class='ocrx_word' id='word_1_54' title='bbox 1236 668 1368 712; x_wconf 89' lang='lat' dir='ltr'>metu,</span> <span class='ocrx_word' id='word_1_55' title='bbox 1402 664 1520 714; x_wconf 92' lang='lat' dir='ltr'>quod</span> <span class='ocrx_word' id='word_1_56' title='bbox 1564 677 1620 703; x_wconf 77' lang='lat' dir='ltr'>ex</span> 
     </span>
     <span class='ocr_line' id='line_1_8' title="bbox 157 735 1622 787; baseline 0.001 -12"><span class='ocrx_word' id='word_1_57' title='bbox 157 749 305 776; x_wconf 89' lang='lat' dir='ltr'>earum</span> <span class='ocrx_word' id='word_1_58' title='bbox 357 735 561 787; x_wconf 79' lang='lat' dir='ltr'>neglectu</span> <span class='ocrx_word' id='word_1_59' title='bbox 605 737 701 787; x_wconf 89' lang='lat' dir='ltr'>quis</span> <span class='ocrx_word' id='word_1_60' title='bbox 754 736 956 784; x_wconf 73' lang='lat' dir='ltr'>incurrat,</span> <span class='ocrx_word' id='word_1_61' title='bbox 1002 737 1076 775; x_wconf 84' lang='lat' dir='ltr'>sed</span> <span class='ocrx_word' id='word_1_62' title='bbox 1130 750 1278 776; x_wconf 89' lang='lat' dir='ltr'>amore</span> <span class='ocrx_word' id='word_1_63' title='bbox 1320 742 1364 776; x_wconf 91' lang='lat' dir='ltr'>et</span> <span class='ocrx_word' id='word_1_64' title='bbox 1405 736 1622 777; x_wconf 89' lang='lat' dir='ltr'>desiderio</span> 
     </span>
     <span class='ocr_line' id='line_1_9' title="bbox 155 808 1621 863; baseline 0.002 -16"><span class='ocrx_word' id='word_1_65' title='bbox 155 809 297 848; x_wconf 89' lang='lat' dir='ltr'>omnis</span> <span class='ocrx_word' id='word_1_66' title='bbox 326 808 605 861; x_wconf 88' lang='lat' dir='ltr'>perfectionis</span> <span class='ocrx_word' id='word_1_67' title='bbox 628 823 679 848; x_wconf 91' lang='lat' dir='ltr'>ea</span> <span class='ocrx_word' id='word_1_68' title='bbox 701 809 914 848; x_wconf 83' lang='lat' dir='ltr'>servanda</span> <span class='ocrx_word' id='word_1_69' title='bbox 944 815 1055 848; x_wconf 91' lang='lat' dir='ltr'>sunt.</span> <span class='ocrx_word' id='word_1_70' title='bbox 1120 809 1240 849; x_wconf 91' lang='lat' dir='ltr'>Nihil</span> <span class='ocrx_word' id='word_1_71' title='bbox 1273 816 1338 850; x_wconf 85' lang='lat' dir='ltr'>cst</span> <span class='ocrx_word' id='word_1_72' title='bbox 1370 810 1501 862; x_wconf 82' lang='lat' dir='ltr'>igitur</span> <span class='ocrx_word' id='word_1_73' title='bbox 1525 824 1621 863; x_wconf 89' lang='lat' dir='ltr'>per-</span> 
     </span>
     <span class='ocr_line' id='line_1_10' title="bbox 153 881 1621 936; baseline 0.002 -16"><span class='ocrx_word' id='word_1_74' title='bbox 153 881 353 922; x_wconf 90' lang='lat' dir='ltr'>fectionis</span> <span class='ocrx_word' id='word_1_75' title='bbox 410 883 529 934; x_wconf 91' lang='lat' dir='ltr'>quod</span> <span class='ocrx_word' id='word_1_76' title='bbox 581 884 879 923; x_wconf 76' lang='lat' dir='ltr'>custodiendis</span> <span class='ocrx_word' id='word_1_77' title='bbox 944 884 1255 935; x_wconf 78' lang='lat' dir='ltr'>servandisque</span> <span class='ocrx_word' id='word_1_78' title='bbox 1307 897 1621 936; x_wconf 78' lang='lat' dir='ltr'>usquequaque</span> 
     </span>
     <span class='ocr_line' id='line_1_11' title="bbox 157 956 1622 1010; baseline 0.001 -14"><span class='ocrx_word' id='word_1_79' title='bbox 157 956 567 1003; x_wconf 85' lang='lat' dir='ltr'>Constitutionibus,</span> <span class='ocrx_word' id='word_1_80' title='bbox 604 956 700 996; x_wconf 90' lang='lat' dir='ltr'>Deo</span> <span class='ocrx_word' id='word_1_81' title='bbox 744 956 993 1008; x_wconf 84' lang='lat' dir='ltr'>adjuvante,</span> <span class='ocrx_word' id='word_1_82' title='bbox 1032 958 1239 1009; x_wconf 88' lang='lat' dir='ltr'>consequi</span> <span class='ocrx_word' id='word_1_83' title='bbox 1278 971 1366 997; x_wconf 92' lang='lat' dir='ltr'>non</span> <span class='ocrx_word' id='word_1_84' title='bbox 1403 957 1622 1010; x_wconf 88' lang='lat' dir='ltr'>possimus</span> 
     </span>
     <span class='ocr_line' id='line_1_12' title="bbox 156 1030 1620 1084; baseline 0.002 -16"><span class='ocrx_word' id='word_1_85' title='bbox 156 1030 273 1069; x_wconf 89' lang='lat' dir='ltr'>Nam</span> <span class='ocrx_word' id='word_1_86' title='bbox 306 1036 465 1082; x_wconf 76' lang='lat' dir='ltr'>praeter</span> <span class='ocrx_word' id='word_1_87' title='bbox 487 1043 548 1077; x_wconf 87' lang='lat' dir='ltr'>ea,</span> <span class='ocrx_word' id='word_1_88' title='bbox 573 1043 671 1081; x_wconf 56' lang='lat' dir='ltr'>quae</span> <span class='ocrx_word' id='word_1_89' title='bbox 703 1031 745 1068; x_wconf 92' lang='lat' dir='ltr'>in</span> <span class='ocrx_word' id='word_1_90' title='bbox 778 1030 891 1069; x_wconf 90' lang='lat' dir='ltr'>hanc</span> <span class='ocrx_word' id='word_1_91' title='bbox 920 1031 1184 1071; x_wconf 88' lang='lat' dir='ltr'>sententiam</span> <span class='ocrx_word' id='word_1_92' title='bbox 1208 1045 1338 1084; x_wconf 91' lang='lat' dir='ltr'>supra</span> <span class='ocrx_word' id='word_1_93' title='bbox 1361 1038 1462 1071; x_wconf 87' lang='lat' dir='ltr'>sunt</span> <span class='ocrx_word' id='word_1_94' title='bbox 1491 1032 1620 1077; x_wconf 80' lang='lat' dir='ltr'>dicta,</span> 
     </span>
     <span class='ocr_line' id='line_1_13' title="bbox 157 1102 1622 1155; baseline 0.001 -12"><span class='ocrx_word' id='word_1_95' title='bbox 157 1103 534 1143; x_wconf 88' lang='lat' dir='ltr'>Constitutionum</span> <span class='ocrx_word' id='word_1_96' title='bbox 578 1102 764 1155; x_wconf 82' lang='lat' dir='ltr'>diligens</span> <span class='ocrx_word' id='word_1_97' title='bbox 807 1104 1054 1144; x_wconf 88' lang='lat' dir='ltr'>observatio</span> <span class='ocrx_word' id='word_1_98' title='bbox 1107 1104 1344 1145; x_wconf 88' lang='lat' dir='ltr'>multarum</span> <span class='ocrx_word' id='word_1_99' title='bbox 1388 1105 1513 1144; x_wconf 89' lang='lat' dir='ltr'>nobis</span> <span class='ocrx_word' id='word_1_100' title='bbox 1556 1113 1622 1145; x_wconf 88' lang='lat' dir='ltr'>est</span> 
     </span>
     <span class='ocr_line' id='line_1_14' title="bbox 155 1177 1620 1230; baseline 0.001 -13"><span class='ocrx_word' id='word_1_101' title='bbox 155 1190 286 1217; x_wconf 88' lang='lat' dir='ltr'>causa</span> <span class='ocrx_word' id='word_1_102' title='bbox 326 1190 573 1229; x_wconf 89' lang='lat' dir='ltr'>parensque</span> <span class='ocrx_word' id='word_1_103' title='bbox 609 1177 833 1226; x_wconf 87' lang='lat' dir='ltr'>virtutum,</span> <span class='ocrx_word' id='word_1_104' title='bbox 872 1178 1030 1229; x_wconf 88' lang='lat' dir='ltr'>quibus</span> <span class='ocrx_word' id='word_1_105' title='bbox 1069 1179 1265 1230; x_wconf 85' lang='lat' dir='ltr'>quotidie</span> <span class='ocrx_word' id='word_1_106' title='bbox 1302 1180 1534 1219; x_wconf 86' lang='lat' dir='ltr'>crescimus</span> <span class='ocrx_word' id='word_1_107' title='bbox 1578 1179 1620 1218; x_wconf 89' lang='lat' dir='ltr'>in</span> 
     </span>
     <span class='ocr_line' id='line_1_15' title="bbox 153 1250 1621 1306; baseline 0.001 -15"><span class='ocrx_word' id='word_1_108' title='bbox 153 1252 294 1291; x_wconf 88' lang='lat' dir='ltr'>virum</span> <span class='ocrx_word' id='word_1_109' title='bbox 331 1251 584 1303; x_wconf 83' lang='lat' dir='ltr'>perfectum.</span> <span class='ocrx_word' id='word_1_110' title='bbox 649 1250 912 1290; x_wconf 85' lang='lat' dir='ltr'>Tenendum</span> <span class='ocrx_word' id='word_1_111' title='bbox 951 1258 1016 1291; x_wconf 86' lang='lat' dir='ltr'>est</span> <span class='ocrx_word' id='word_1_112' title='bbox 1053 1259 1213 1301; x_wconf 87' lang='lat' dir='ltr'>autem,</span> <span class='ocrx_word' id='word_1_113' title='bbox 1250 1254 1368 1304; x_wconf 89' lang='lat' dir='ltr'>quod</span> <span class='ocrx_word' id='word_1_114' title='bbox 1404 1252 1621 1306; x_wconf 79' lang='lat' dir='ltr'>Theologi</span> 
     </span>
     <span class='ocr_line' id='line_1_16' title="bbox 143 1323 1622 1378; baseline 0.001 -14"><span class='ocrx_word' id='word_1_115' title='bbox 143 1325 323 1372; x_wconf 83' lang='lat' dir='ltr'>docent,</span> <span class='ocrx_word' id='word_1_116' title='bbox 362 1324 533 1363; x_wconf 89' lang='lat' dir='ltr'>virtutis</span> <span class='ocrx_word' id='word_1_117' title='bbox 576 1323 776 1363; x_wconf 87' lang='lat' dir='ltr'>habitum</span> <span class='ocrx_word' id='word_1_118' title='bbox 820 1324 1107 1376; x_wconf 87' lang='lat' dir='ltr'>frequentatis</span> <span class='ocrx_word' id='word_1_119' title='bbox 1146 1327 1315 1365; x_wconf 88' lang='lat' dir='ltr'>actibus</span> <span class='ocrx_word' id='word_1_120' title='bbox 1353 1327 1622 1378; x_wconf 88' lang='lat' dir='ltr'>comparari:</span> 
     </span>
     <span class='ocr_line' id='line_1_17' title="bbox 141 1396 1622 1452; baseline 0.001 -15"><span class='ocrx_word' id='word_1_121' title='bbox 141 1411 285 1438; x_wconf 64' lang='lat' dir='ltr'>⁴causa</span> <span class='ocrx_word' id='word_1_122' title='bbox 326 1398 490 1450; x_wconf 84' lang='lat' dir='ltr'>quippe</span> <span class='ocrx_word' id='word_1_123' title='bbox 541 1396 718 1437; x_wconf 88' lang='lat' dir='ltr'>habitus</span> <span class='ocrx_word' id='word_1_124' title='bbox 761 1397 964 1450; x_wconf 82' lang='lat' dir='ltr'>frequens</span> <span class='ocrx_word' id='word_1_125' title='bbox 1007 1404 1072 1438; x_wconf 84' lang='lat' dir='ltr'>est</span> <span class='ocrx_word' id='word_1_126' title='bbox 1123 1399 1248 1438; x_wconf 89' lang='lat' dir='ltr'>actio.</span> <span class='ocrx_word' id='word_1_127' title='bbox 1326 1399 1439 1439; x_wconf 88' lang='lat' dir='ltr'>Cum</span> <span class='ocrx_word' id='word_1_128' title='bbox 1491 1400 1622 1452; x_wconf 80' lang='lat' dir='ltr'>igitur</span> 
     </span>
     <span class='ocr_line' id='line_1_18' title="bbox 152 1471 1621 1512; baseline 0 0"><span class='ocrx_word' id='word_1_129' title='bbox 152 1471 376 1512; x_wconf 73' lang='lat' dir='ltr'>servandis</span> <span class='ocrx_word' id='word_1_130' title='bbox 412 1472 491 1510; x_wconf 87' lang='lat' dir='ltr'>rite</span> <span class='ocrx_word' id='word_1_131' title='bbox 528 1471 929 1511; x_wconf 87' lang='lat' dir='ltr'>Constitutionibus</span> <span class='ocrx_word' id='word_1_132' title='bbox 961 1478 1104 1512; x_wconf 89' lang='lat' dir='ltr'>totum</span> <span class='ocrx_word' id='word_1_133' title='bbox 1143 1472 1260 1512; x_wconf 87' lang='lat' dir='ltr'>diem</span> <span class='ocrx_word' id='word_1_134' title='bbox 1300 1473 1458 1512; x_wconf 81' lang='lat' dir='ltr'>crebris</span> <span class='ocrx_word' id='word_1_135' title='bbox 1488 1473 1621 1512; x_wconf 88' lang='lat' dir='ltr'>virtu—</span> 
     </span>
     <span class='ocr_line' id='line_1_19' title="bbox 151 1545 1621 1598; baseline 0.001 -14"><span class='ocrx_word' id='word_1_136' title='bbox 151 1551 246 1585; x_wconf 89' lang='lat' dir='ltr'>tum</span> <span class='ocrx_word' id='word_1_137' title='bbox 284 1545 535 1584; x_wconf 78' lang='lat' dir='ltr'>actionibus</span> <span class='ocrx_word' id='word_1_138' title='bbox 573 1545 837 1593; x_wconf 84' lang='lat' dir='ltr'>insistamus,</span> <span class='ocrx_word' id='word_1_139' title='bbox 883 1546 1016 1585; x_wconf 92' lang='lat' dir='ltr'>modo</span> <span class='ocrx_word' id='word_1_140' title='bbox 1054 1546 1329 1595; x_wconf 84' lang='lat' dir='ltr'>obedientiae,</span> <span class='ocrx_word' id='word_1_141' title='bbox 1370 1546 1502 1586; x_wconf 88' lang='lat' dir='ltr'>modo</span> <span class='ocrx_word' id='word_1_142' title='bbox 1544 1561 1621 1598; x_wconf 86' lang='lat' dir='ltr'>pa-</span> 
     </span>
     <span class='ocr_line' id='line_1_20' title="bbox 152 1619 1618 1672; baseline 0 -13"><span class='ocrx_word' id='word_1_143' title='bbox 152 1620 330 1667; x_wconf 78' lang='lat' dir='ltr'>tientiae,</span> <span class='ocrx_word' id='word_1_144' title='bbox 355 1619 488 1658; x_wconf 88' lang='lat' dir='ltr'>modo</span> <span class='ocrx_word' id='word_1_145' title='bbox 521 1619 781 1659; x_wconf 87' lang='lat' dir='ltr'>humilitatis</span> <span class='ocrx_word' id='word_1_146' title='bbox 814 1625 1159 1672; x_wconf 71' lang='lat' dir='ltr'>caeterarumque</span> <span class='ocrx_word' id='word_1_147' title='bbox 1188 1620 1411 1669; x_wconf 82' lang='lat' dir='ltr'>virtutum,</span> <span class='ocrx_word' id='word_1_148' title='bbox 1436 1634 1618 1672; x_wconf 85' lang='lat' dir='ltr'>quarum</span> 
     </span>
     <span class='ocr_line' id='line_1_21' title="bbox 152 1692 1621 1747; baseline 0.001 -15"><span class='ocrx_word' id='word_1_149' title='bbox 152 1692 236 1733; x_wconf 81' lang='lat' dir='ltr'>illae</span> <span class='ocrx_word' id='word_1_150' title='bbox 271 1698 393 1733; x_wconf 87' lang='lat' dir='ltr'>actus</span> <span class='ocrx_word' id='word_1_151' title='bbox 426 1692 608 1745; x_wconf 81' lang='lat' dir='ltr'>singulis</span> <span class='ocrx_word' id='word_1_152' title='bbox 644 1707 756 1745; x_wconf 89' lang='lat' dir='ltr'>pene</span> <span class='ocrx_word' id='word_1_153' title='bbox 789 1694 1026 1733; x_wconf 89' lang='lat' dir='ltr'>momentis</span> <span class='ocrx_word' id='word_1_154' title='bbox 1063 1694 1268 1746; x_wconf 87' lang='lat' dir='ltr'>horisque</span> <span class='ocrx_word' id='word_1_155' title='bbox 1302 1695 1621 1747; x_wconf 71' lang='lat' dir='ltr'>praescribunt3</span> 
     </span>
     <span class='ocr_line' id='line_1_22' title="bbox 154 1767 1623 1820; baseline 0.001 -14"><span class='ocrx_word' id='word_1_156' title='bbox 154 1780 331 1806; x_wconf 89' lang='lat' dir='ltr'>necesse</span> <span class='ocrx_word' id='word_1_157' title='bbox 384 1773 460 1813; x_wconf 83' lang='lat' dir='ltr'>est,</span> <span class='ocrx_word' id='word_1_158' title='bbox 514 1772 562 1807; x_wconf 89' lang='lat' dir='ltr'>ut</span> <span class='ocrx_word' id='word_1_159' title='bbox 612 1767 920 1819; x_wconf 81' lang='lat' dir='ltr'>progrediente</span> <span class='ocrx_word' id='word_1_160' title='bbox 972 1774 1181 1820; x_wconf 87' lang='lat' dir='ltr'>tempore,</span> <span class='ocrx_word' id='word_1_161' title='bbox 1244 1781 1322 1807; x_wconf 92' lang='lat' dir='ltr'>nec</span> <span class='ocrx_word' id='word_1_162' title='bbox 1384 1769 1623 1808; x_wconf 83' lang='lat' dir='ltr'>sentientes</span> 
     </span>
     <span class='ocr_line' id='line_1_23' title="bbox 152 1840 1622 1894; baseline 0.001 -15"><span class='ocrx_word' id='word_1_163' title='bbox 152 1840 319 1893; x_wconf 81' lang='lat' dir='ltr'>ingenti</span> <span class='ocrx_word' id='word_1_164' title='bbox 359 1840 553 1892; x_wconf 88' lang='lat' dir='ltr'>quodam</span> <span class='ocrx_word' id='word_1_165' title='bbox 590 1841 802 1880; x_wconf 88' lang='lat' dir='ltr'>virtutum</span> <span class='ocrx_word' id='word_1_166' title='bbox 845 1841 1051 1881; x_wconf 84' lang='lat' dir='ltr'>thesauro</span> <span class='ocrx_word' id='word_1_167' title='bbox 1088 1841 1416 1894; x_wconf 84' lang='lat' dir='ltr'>locupletemur,</span> <span class='ocrx_word' id='word_1_168' title='bbox 1456 1848 1499 1882; x_wconf 88' lang='lat' dir='ltr'>et</span> <span class='ocrx_word' id='word_1_169' title='bbox 1541 1856 1622 1881; x_wconf 80' lang='lat' dir='ltr'>nos</span> 
     </span>
     <span class='ocr_line' id='line_1_24' title="bbox 154 1914 1622 1967; baseline 0.001 -14"><span class='ocrx_word' id='word_1_170' title='bbox 154 1915 273 1967; x_wconf 88' lang='lat' dir='ltr'>ipsos</span> <span class='ocrx_word' id='word_1_171' title='bbox 307 1914 509 1954; x_wconf 89' lang='lat' dir='ltr'>meliores</span> <span class='ocrx_word' id='word_1_172' title='bbox 541 1914 583 1953; x_wconf 90' lang='lat' dir='ltr'>in</span> <span class='ocrx_word' id='word_1_173' title='bbox 621 1914 714 1954; x_wconf 90' lang='lat' dir='ltr'>dies</span> <span class='ocrx_word' id='word_1_174' title='bbox 746 1914 1113 1967; x_wconf 88' lang='lat' dir='ltr'>perfectioresque</span> <span class='ocrx_word' id='word_1_175' title='bbox 1148 1916 1393 1955; x_wconf 87' lang='lat' dir='ltr'>reddamus.</span> <span class='ocrx_word' id='word_1_176' title='bbox 1458 1915 1622 1955; x_wconf 78' lang='lat' dir='ltr'>Contra</span> 
     </span>
     <span class='ocr_line' id='line_1_25' title="bbox 154 1988 1620 2040; baseline 0 -12"><span class='ocrx_word' id='word_1_177' title='bbox 154 2003 256 2029; x_wconf 93' lang='lat' dir='ltr'>vero</span> <span class='ocrx_word' id='word_1_178' title='bbox 299 1989 334 2028; x_wconf 93' lang='lat' dir='ltr'>si</span> <span class='ocrx_word' id='word_1_179' title='bbox 379 1988 758 2028; x_wconf 86' lang='lat' dir='ltr'>Constitutionum</span> <span class='ocrx_word' id='word_1_180' title='bbox 795 1989 1106 2028; x_wconf 85' lang='lat' dir='ltr'>servandarum</span> <span class='ocrx_word' id='word_1_181' title='bbox 1155 1988 1348 2028; x_wconf 88' lang='lat' dir='ltr'>studium</span> <span class='ocrx_word' id='word_1_182' title='bbox 1402 1988 1620 2040; x_wconf 81' lang='lat' dir='ltr'>langueat,</span> 
     </span>
     <span class='ocr_line' id='line_1_26' title="bbox 154 2061 1623 2113; baseline -0.001 -11"><span class='ocrx_word' id='word_1_183' title='bbox 154 2068 231 2102; x_wconf 88' lang='lat' dir='ltr'>aut</span> <span class='ocrx_word' id='word_1_184' title='bbox 258 2062 393 2102; x_wconf 88' lang='lat' dir='ltr'>etiam</span> <span class='ocrx_word' id='word_1_185' title='bbox 426 2062 751 2109; x_wconf 86' lang='lat' dir='ltr'>intermittatur,</span> <span class='ocrx_word' id='word_1_186' title='bbox 776 2061 985 2113; x_wconf 83' lang='lat' dir='ltr'>langueat</span> <span class='ocrx_word' id='word_1_187' title='bbox 1013 2062 1146 2101; x_wconf 88' lang='lat' dir='ltr'>etiam</span> <span class='ocrx_word' id='word_1_188' title='bbox 1179 2075 1356 2101; x_wconf 89' lang='lat' dir='ltr'>necesse</span> <span class='ocrx_word' id='word_1_189' title='bbox 1385 2067 1451 2101; x_wconf 90' lang='lat' dir='ltr'>est</span> <span class='ocrx_word' id='word_1_190' title='bbox 1479 2062 1623 2101; x_wconf 82' lang='lat' dir='ltr'>omnis</span> 
     </span>
     <span class='ocr_line' id='line_1_27' title="bbox 155 2135 1620 2188; baseline -0.001 -12"><span class='ocrx_word' id='word_1_191' title='bbox 155 2136 416 2176; x_wconf 84' lang='lat' dir='ltr'>exercitatio</span> <span class='ocrx_word' id='word_1_192' title='bbox 458 2136 704 2184; x_wconf 85' lang='lat' dir='ltr'>virtutum;</span> <span class='ocrx_word' id='word_1_193' title='bbox 757 2140 801 2174; x_wconf 91' lang='lat' dir='ltr'>et</span> <span class='ocrx_word' id='word_1_194' title='bbox 841 2135 875 2174; x_wconf 93' lang='lat' dir='ltr'>si</span> <span class='ocrx_word' id='word_1_195' title='bbox 918 2135 1022 2187; x_wconf 91' lang='lat' dir='ltr'>quid</span> <span class='ocrx_word' id='word_1_196' title='bbox 1072 2135 1211 2175; x_wconf 88' lang='lat' dir='ltr'>fuerat</span> <span class='ocrx_word' id='word_1_197' title='bbox 1252 2141 1383 2188; x_wconf 82' lang='lat' dir='ltr'>antea</span> <span class='ocrx_word' id='word_1_198' title='bbox 1433 2141 1620 2187; x_wconf 88' lang='lat' dir='ltr'>partum,</span> 
     </span>
     <span class='ocr_line' id='line_1_28' title="bbox 147 2209 1622 2262; baseline -0.001 -12"><span class='ocrx_word' id='word_1_199' title='bbox 147 2216 305 2262; x_wconf 25' lang='lat' dir='ltr'>*pereat</span> <span class='ocrx_word' id='word_1_200' title='bbox 350 2209 546 2249; x_wconf 87' lang='lat' dir='ltr'>funditus</span> <span class='ocrx_word' id='word_1_201' title='bbox 590 2215 633 2248; x_wconf 91' lang='lat' dir='ltr'>et</span> <span class='ocrx_word' id='word_1_202' title='bbox 676 2215 916 2248; x_wconf 85' lang='lat' dir='ltr'>evanescat.</span> <span class='ocrx_word' id='word_1_203' title='bbox 1000 2209 1144 2249; x_wconf 86' lang='lat' dir='ltr'>Docet</span> <span class='ocrx_word' id='word_1_204' title='bbox 1186 2210 1302 2249; x_wconf 90' lang='lat' dir='ltr'>enim</span> <span class='ocrx_word' id='word_1_205' title='bbox 1356 2209 1397 2249; x_wconf 84' lang='lat' dir='ltr'>S.</span> <span class='ocrx_word' id='word_1_206' title='bbox 1424 2209 1622 2249; x_wconf 84' lang='lat' dir='ltr'>Thomas</span> 
     </span>
     <span class='ocr_line' id='line_1_29' title="bbox 154 2282 1622 2335; baseline 0 -13"><span class='ocrx_word' id='word_1_207' title='bbox 154 2283 309 2323; x_wconf 89' lang='lat' dir='ltr'>iisdem</span> <span class='ocrx_word' id='word_1_208' title='bbox 340 2283 421 2322; x_wconf 87' lang='lat' dir='ltr'>viis</span> <span class='ocrx_word' id='word_1_209' title='bbox 452 2288 625 2335; x_wconf 87' lang='lat' dir='ltr'>partam</span> <span class='ocrx_word' id='word_1_210' title='bbox 659 2282 869 2322; x_wconf 91' lang='lat' dir='ltr'>custodiri</span> <span class='ocrx_word' id='word_1_211' title='bbox 900 2282 1121 2331; x_wconf 84' lang='lat' dir='ltr'>virtutem,</span> <span class='ocrx_word' id='word_1_212' title='bbox 1146 2283 1304 2334; x_wconf 89' lang='lat' dir='ltr'>quibus</span> <span class='ocrx_word' id='word_1_213' title='bbox 1335 2282 1474 2322; x_wconf 86' lang='lat' dir='ltr'>fuerat</span> <span class='ocrx_word' id='word_1_214' title='bbox 1503 2296 1622 2322; x_wconf 89' lang='lat' dir='ltr'>com-</span> 
     </span>
     <span class='ocr_line' id='line_1_30' title="bbox 155 2356 1619 2409; baseline -0.001 -13"><span class='ocrx_word' id='word_1_215' title='bbox 155 2362 337 2409; x_wconf 85' lang='lat' dir='ltr'>parata:</span> <span class='ocrx_word' id='word_1_216' title='bbox 390 2356 466 2395; x_wconf 90' lang='lat' dir='ltr'>sed</span> <span class='ocrx_word' id='word_1_217' title='bbox 509 2370 560 2395; x_wconf 91' lang='lat' dir='ltr'>ea</span> <span class='ocrx_word' id='word_1_218' title='bbox 602 2356 682 2395; x_wconf 90' lang='lat' dir='ltr'>nisi</span> <span class='ocrx_word' id='word_1_219' title='bbox 725 2362 904 2395; x_wconf 85' lang='lat' dir='ltr'>actuum</span> <span class='ocrx_word' id='word_1_220' title='bbox 947 2356 1298 2408; x_wconf 88' lang='lat' dir='ltr'>frequentatione</span> <span class='ocrx_word' id='word_1_221' title='bbox 1349 2357 1490 2409; x_wconf 87' lang='lat' dir='ltr'>parari</span> <span class='ocrx_word' id='word_1_222' title='bbox 1533 2370 1619 2395; x_wconf 89' lang='lat' dir='ltr'>non</span> 
     </span>
     <span class='ocr_line' id='line_1_31' title="bbox 149 2429 1623 2482; baseline -0.001 -13"><span class='ocrx_word' id='word_1_223' title='bbox 149 2435 329 2482; x_wconf 47' lang='lat' dir='ltr'>‚potest;</span> <span class='ocrx_word' id='word_1_224' title='bbox 362 2429 519 2481; x_wconf 86' lang='lat' dir='ltr'>loquor</span> <span class='ocrx_word' id='word_1_225' title='bbox 550 2435 700 2469; x_wconf 88' lang='lat' dir='ltr'>autem</span> <span class='ocrx_word' id='word_1_226' title='bbox 734 2430 789 2469; x_wconf 91' lang='lat' dir='ltr'>de</span> <span class='ocrx_word' id='word_1_227' title='bbox 827 2429 993 2478; x_wconf 88' lang='lat' dir='ltr'>morali,</span> <span class='ocrx_word' id='word_1_228' title='bbox 1027 2443 1124 2481; x_wconf 82' lang='lat' dir='ltr'>quae</span> <span class='ocrx_word' id='word_1_229' title='bbox 1163 2430 1309 2469; x_wconf 89' lang='lat' dir='ltr'>studio</span> <span class='ocrx_word' id='word_1_230' title='bbox 1342 2435 1623 2482; x_wconf 86' lang='lat' dir='ltr'>comparatur</span> 
     </span>
     <span class='ocr_line' id='line_1_32' title="bbox 155 2502 1621 2556; baseline 0.001 -14"><span class='ocrx_word' id='word_1_231' title='bbox 155 2502 362 2543; x_wconf 87' lang='lat' dir='ltr'>humano.</span> <span class='ocrx_word' id='word_1_232' title='bbox 422 2504 702 2555; x_wconf 89' lang='lat' dir='ltr'>Relinquitur</span> <span class='ocrx_word' id='word_1_233' title='bbox 738 2503 880 2556; x_wconf 82' lang='lat' dir='ltr'>igitur,</span> <span class='ocrx_word' id='word_1_234' title='bbox 914 2509 961 2543; x_wconf 93' lang='lat' dir='ltr'>ut</span> <span class='ocrx_word' id='word_1_235' title='bbox 993 2517 1046 2543; x_wconf 91' lang='lat' dir='ltr'>ne</span> <span class='ocrx_word' id='word_1_236' title='bbox 1078 2504 1286 2543; x_wconf 89' lang='lat' dir='ltr'>custodiri</span> <span class='ocrx_word' id='word_1_237' title='bbox 1318 2505 1496 2556; x_wconf 89' lang='lat' dir='ltr'>quidem</span> <span class='ocrx_word' id='word_1_238' title='bbox 1530 2504 1621 2543; x_wconf 84' lang='lat' dir='ltr'>sinc</span> 
     </span>
     <span class='ocr_line' id='line_1_33' title="bbox 149 2576 1618 2629; baseline 0.002 -15"><span class='ocrx_word' id='word_1_239' title='bbox 149 2576 312 2616; x_wconf 84' lang='lat' dir='ltr'>iisdem</span> <span class='ocrx_word' id='word_1_240' title='bbox 345 2577 506 2616; x_wconf 91' lang='lat' dir='ltr'>crebris</span> <span class='ocrx_word' id='word_1_241' title='bbox 538 2583 581 2616; x_wconf 90' lang='lat' dir='ltr'>et</span> <span class='ocrx_word' id='word_1_242' title='bbox 612 2576 899 2629; x_wconf 88' lang='lat' dir='ltr'>frequentatis</span> <span class='ocrx_word' id='word_1_243' title='bbox 932 2577 1103 2617; x_wconf 89' lang='lat' dir='ltr'>actibus</span> <span class='ocrx_word' id='word_1_244' title='bbox 1135 2578 1299 2629; x_wconf 89' lang='lat' dir='ltr'>possit:</span> <span class='ocrx_word' id='word_1_245' title='bbox 1333 2584 1380 2617; x_wconf 90' lang='lat' dir='ltr'>ut</span> <span class='ocrx_word' id='word_1_246' title='bbox 1410 2578 1544 2617; x_wconf 89' lang='lat' dir='ltr'>etiam</span> <span class='ocrx_word' id='word_1_247' title='bbox 1578 2578 1618 2616; x_wconf 91' lang='lat' dir='ltr'>in</span> 
     </span>
     <span class='ocr_line' id='line_1_34' title="bbox 156 2649 1621 2702; baseline 0.001 -14"><span class='ocrx_word' id='word_1_248' title='bbox 156 2649 394 2702; x_wconf 89' lang='lat' dir='ltr'>disciplinis</span> <span class='ocrx_word' id='word_1_249' title='bbox 445 2649 668 2690; x_wconf 86' lang='lat' dir='ltr'>literarum</span> <span class='ocrx_word' id='word_1_250' title='bbox 712 2664 790 2690; x_wconf 91' lang='lat' dir='ltr'>usu</span> <span class='ocrx_word' id='word_1_251' title='bbox 833 2651 962 2700; x_wconf 89' lang='lat' dir='ltr'>venit,</span> <span class='ocrx_word' id='word_1_252' title='bbox 1001 2664 1186 2702; x_wconf 89' lang='lat' dir='ltr'>quarum</span> <span class='ocrx_word' id='word_1_253' title='bbox 1234 2651 1395 2691; x_wconf 89' lang='lat' dir='ltr'>sensim</span> <span class='ocrx_word' id='word_1_254' title='bbox 1444 2651 1621 2690; x_wconf 86' lang='lat' dir='ltr'>habitus</span> 
     </span>
     <span class='ocr_line' id='line_1_35' title="bbox 156 2723 1622 2777; baseline 0.002 -16"><span class='ocrx_word' id='word_1_255' title='bbox 156 2723 280 2775; x_wconf 88' lang='lat' dir='ltr'>perit,</span> <span class='ocrx_word' id='word_1_256' title='bbox 323 2724 565 2776; x_wconf 60' lang='lat' dir='ltr'>disciplinae</span> <span class='ocrx_word' id='word_1_257' title='bbox 608 2738 688 2763; x_wconf 91' lang='lat' dir='ltr'>usu</span> <span class='ocrx_word' id='word_1_258' title='bbox 732 2724 1138 2777; x_wconf 81' lang='lat' dir='ltr'>exercitationeque</span> <span class='ocrx_word' id='word_1_259' title='bbox 1188 2725 1371 2765; x_wconf 90' lang='lat' dir='ltr'>sublata.</span> <span class='ocrx_word' id='word_1_260' title='bbox 1440 2725 1622 2764; x_wconf 86' lang='lat' dir='ltr'>Maneat</span> 
     </span>
     <span class='ocr_line' id='line_1_36' title="bbox 154 2795 1623 2851; baseline 0.001 -17"><span class='ocrx_word' id='word_1_261' title='bbox 154 2795 301 2848; x_wconf 85' lang='lat' dir='ltr'>igitur,</span> <span class='ocrx_word' id='word_1_262' title='bbox 334 2797 456 2849; x_wconf 91' lang='lat' dir='ltr'>quod</span> <span class='ocrx_word' id='word_1_263' title='bbox 486 2798 752 2848; x_wconf 88' lang='lat' dir='ltr'>dicebamus,</span> <span class='ocrx_word' id='word_1_264' title='bbox 786 2798 891 2837; x_wconf 90' lang='lat' dir='ltr'>nihil</span> <span class='ocrx_word' id='word_1_265' title='bbox 924 2812 1029 2849; x_wconf 88' lang='lat' dir='ltr'>esse,</span> <span class='ocrx_word' id='word_1_266' title='bbox 1063 2799 1181 2851; x_wconf 93' lang='lat' dir='ltr'>quod</span> <span class='ocrx_word' id='word_1_267' title='bbox 1213 2798 1417 2839; x_wconf 88' lang='lat' dir='ltr'>absoluta</span> <span class='ocrx_word' id='word_1_268' title='bbox 1449 2797 1623 2838; x_wconf 89' lang='lat' dir='ltr'>Consti-</span> 
     </span>
     <span class='ocr_line' id='line_1_37' title="bbox 161 2869 1625 2925; baseline 0.003 -18"><span class='ocrx_word' id='word_1_269' title='bbox 161 2869 386 2909; x_wconf 82' lang='lat' dir='ltr'>tutionum</span> <span class='ocrx_word' id='word_1_270' title='bbox 416 2871 723 2912; x_wconf 87' lang='lat' dir='ltr'>observatione</span> <span class='ocrx_word' id='word_1_271' title='bbox 751 2878 795 2912; x_wconf 92' lang='lat' dir='ltr'>et</span> <span class='ocrx_word' id='word_1_272' title='bbox 825 2872 1032 2925; x_wconf 89' lang='lat' dir='ltr'>peculiari</span> <span class='ocrx_word' id='word_1_273' title='bbox 1067 2873 1261 2914; x_wconf 89' lang='lat' dir='ltr'>Instituti</span> <span class='ocrx_word' id='word_1_274' title='bbox 1294 2872 1428 2913; x_wconf 90' lang='lat' dir='ltr'>nostri</span> <span class='ocrx_word' id='word_1_275' title='bbox 1458 2872 1625 2912; x_wconf 85' lang='lat' dir='ltr'>ratione</span> 
     </span>
    </p>
   </div>
  </div>
 </body>
</html>
