1903 3197
649 155 726 201 De
763 155 1009 203 castitate.
1467 173 1562 217 309

104 288 318 339 neamur,'’
342 289 493 341 inquit,
513 290 639 327 “non
664 288 805 327 amitti
829 288 1021 340 corporis
1043 289 1334 337 sanctitatem,
1356 295 1561 329 manente

104 363 236 402 animi
273 362 516 410 sanctitate,
552 361 683 400 etiam
720 374 899 412 corpore
933 374 1169 413 oppresso;
1203 363 1313 402 sicut
1348 364 1564 402 amittitur

103 436 295 488 corporis
332 435 551 481 sanctitas,
578 433 741 474 violata
774 434 906 472 animi
941 434 1185 482 sanctitate,
1218 435 1350 474 etiam
1384 448 1563 487 corpore

103 508 302 549 intacto.''
367 509 439 547 Ex
462 521 548 560 quo
580 513 734 560 postea
765 506 895 546 efficit
928 512 1102 546 sanctus
1136 508 1315 555 Doctor,
1340 514 1563 548 matronas

102 584 315 636 quasdam
353 582 633 631 Christianas,
665 594 762 633 quae
801 581 843 619 in
878 581 1134 633 captivitate
1169 580 1451 621 barbarorum
1487 596 1565 634 per

101 657 189 696 vim
227 669 487 709 compressae
524 655 706 703 fuerant,
736 654 1032 706 virginitatem
1070 661 1218 694 tamen
1258 655 1563 695 castitatemve

102 744 188 771 non
231 730 436 770 amisisse.
501 729 706 782 Corporis
747 729 967 777 sanctitas,
1011 742 1108 781 qua:
1150 728 1365 769 violenter
1406 730 1564 770 auferri

102 810 258 857 potest,
299 805 531 844 sanctitate
569 803 701 843 animi
745 803 913 856 integra
950 809 1244 856 permanente,
1280 805 1454 857 proprie
1484 804 1566 843 vir—

101 878 262 931 ginitas
303 878 358 918 ab
396 878 551 917 eodem
594 877 849 930 Augustino
896 877 1168 930 appellatur;
1215 878 1427 917 sanctitas
1463 891 1565 917 vero

101 953 246 1001 animi,
292 952 512 1005 pudicitia.
592 951 664 992 Sic
706 952 823 991 enim
867 950 937 991 ille
974 951 1231 1004 distinguit:
1277 951 1380 991 “Ut
1423 951 1564 1003 quid?

102 1027 254 1078 inquit,
281 1026 576 1078 “pudicitiam
610 1032 651 1065 et
674 1026 969 1077 virginitatem
1004 1026 1126 1077 quasi
1163 1025 1360 1077 ejusdem
1394 1026 1564 1078 generis

99 1100 273 1153 jungis?
308 1100 522 1140 Pudicitia
541 1106 606 1140 est
624 1113 689 1139 res
708 1099 854 1144 animi,
871 1099 1096 1152 virginitas
1114 1100 1316 1152 corporis.
1351 1099 1565 1151 Denique,

103 1174 177 1214 illa
209 1175 378 1227 integra.
410 1174 452 1213 in
485 1174 632 1214 animo
670 1179 966 1226 perman-ente,
998 1179 1143 1225 potest
1174 1172 1228 1212 de
1266 1186 1445 1226 corpore
1476 1173 1566 1213 vio-

103 1248 243 1288 lenter
271 1248 453 1295 auferri;
486 1253 560 1287 aut
591 1261 688 1286 cum
720 1248 803 1287 ista
837 1253 987 1287 manet
1018 1248 1185 1298 integra
1214 1247 1395 1299 corpori,
1420 1252 1566 1299 potest

103 1321 176 1361 illa
217 1322 261 1360 in
303 1321 452 1360 animo
494 1320 682 1360 lasciviae
718 1320 947 1372 voluptate
989 1319 1265 1372 corrumpi.''1
1331 1319 1442 1359 Haec
1484 1319 1565 1359 ille.

102 1393 369 1447 Quanquam
398 1393 610 1447 pudicitia
633 1392 841 1446 appellari
875 1393 987 1433 solet
1011 1406 1072 1439 ea,
1098 1398 1144 1432 ut
1167 1392 1361 1444 theologi
1393 1392 1566 1439 docent,

104 1481 203 1520 quae
241 1474 305 1507 est
342 1467 454 1507 circa
492 1467 616 1519 signa
652 1480 837 1506 venerea
871 1466 939 1506 vel
983 1466 1214 1512 exteriora,
1248 1465 1358 1504 sicut
1389 1465 1568 1504 castitas

104 1542 217 1582 circa
251 1542 345 1594 ipsa
371 1554 582 1589 venerea;
616 1540 691 1579 sed
725 1554 843 1592 saepe
875 1539 1010 1579 altera
1042 1553 1121 1591 pro
1154 1538 1291 1578 altera
1326 1544 1567 1591 usurpatur.

105 1616 421 1655 Verumtamen
443 1629 468 1654 a
491 1614 651 1667 pudico
681 1614 839 1662 animo,
863 1614 905 1653 in
933 1627 1021 1666 quo
1051 1613 1309 1665 pudicitiam
1340 1612 1568 1659 collocant,

105 1689 343 1729 exteriores
373 1702 524 1728 sensus
561 1695 693 1739 atque
728 1687 925 1727 membra
959 1687 1119 1739 pudica
1154 1686 1365 1726 dicuntur.
1434 1686 1567 1726 Unde

107 1762 212 1802 illud
255 1762 297 1801 in
342 1761 433 1813 ejus
477 1760 659 1813 Regula.
748 1760 841 1799 Nec
885 1760 1039 1799 dicatis
1076 1774 1153 1799 vos
1194 1760 1366 1798 animos
1408 1758 1570 1798 habere

106 1836 299 1888 pudicos,
331 1849 429 1875 cum
464 1834 612 1874 oculos
647 1833 844 1873 habeatis
880 1833 1138 1886 impudicos,
1175 1833 1277 1885 quia
1320 1833 1568 1885 impudicus

105 1909 256 1949 oculus
289 1909 497 1962 impudici
531 1907 672 1948 cordis
705 1913 770 1947 est
802 1908 988 1947 nuntius.

195 1983 283 2024 Sed
312 1982 539 2022 videamus
568 1982 659 2034 jam
693 1996 767 2022 cur
798 1986 999 2022 constare
1031 1981 1149 2022 dicat
1181 1982 1309 2022 Pater
1342 1982 1567 2035 Ignatius:

107 2056 288 2109 “Quam
322 2057 512 2109 perfecte
545 2057 600 2096 sit
632 2057 809 2096 castitas
847 2056 1120 2096 observanda
1141 2055 1177 2105 ;”
1227 2056 1349 2108 cujus
1387 2056 1565 2108 quidem

105 2131 210 2170 dicti
261 2130 422 2184 triplex
475 2136 621 2183 potest
673 2130 814 2169 afferri
867 2131 986 2170 ratio.
1078 2130 1221 2169 Prima
1273 2136 1337 2169 est
1388 2135 1569 2182 propter

105 2204 301 2257 spiritale
342 2203 607 2257 conjugium,
642 2205 760 2256 quod
804 2205 915 2244 inter
957 2218 1035 2243 nos
1069 2210 1112 2243 et
1155 2203 1312 2252 Deum,
1340 2204 1408 2243 cui
1440 2204 1569 2244 casti-

104 2283 242 2318 tatem
284 2279 493 2327 vovimus,
534 2278 770 2317 intercedit.
848 2277 920 2317 Ex
964 2292 1051 2330 quo
1094 2277 1209 2317 enim
1253 2277 1468 2317 exivimus
1511 2279 1566 2318 de

105 2352 366 2404 cognatione
396 2358 556 2400 nostra,
581 2358 623 2392 et
650 2352 704 2391 de
727 2351 860 2391 domo
893 2352 1029 2404 patris
1061 2352 1209 2399 nostri,
1234 2357 1277 2391 et
1311 2352 1353 2390 in
1384 2351 1566 2391 domum

107 2425 191 2465 Dei
225 2427 435 2475 venimus,
471 2425 753 2474 domicilium,
792 2426 982 2477 inquam,
1019 2425 1273 2476 Religionis,
1310 2424 1464 2465 effecta
1502 2431 1567 2465 est

106 2497 253 2538 anima
275 2505 423 2539 nostra
445 2512 605 2551 sponsa
628 2498 960 2551 quodammodo
984 2499 1067 2538 Dei
1087 2511 1095 2547 3
1119 2498 1179 2538 ita
1202 2504 1249 2538 ut
1271 2512 1369 2538 cum
1389 2497 1567 2550 Agnete

104 2572 244 2624 possit
275 2571 446 2611 dicere:
480 2572 630 2611 Posuit
661 2572 835 2624 signum
869 2572 911 2610 in
944 2571 1102 2611 faciam
1135 2585 1290 2620 meam,
1319 2577 1365 2610 ut
1398 2570 1564 2610 nullum

104 2650 264 2697 praeter
285 2658 384 2684 eum
407 2651 649 2684 amatorem
672 2645 889 2685 admittat.
940 2645 1048 2685 Ideo
1077 2644 1265 2685 Sanctus
1287 2644 1565 2696 Augustinus

104 2719 192 2758 ait:
216 2717 365 2770 “Quae
385 2718 681 2771 virginitatem
712 2718 811 2758 Deo
832 2724 1005 2766 vovent,
1028 2719 1120 2758 sine
1147 2718 1310 2770 nuptiis
1339 2730 1427 2757 non
1458 2730 1563 2766 esse,

108 2791 194 2832 Dei
231 2792 348 2832 enim
385 2804 557 2844 sponsae
594 2790 765 2832 fiunt.'’2
827 2791 940 2833 Cum
977 2793 1033 2832 sit
1067 2792 1200 2843 igitur
1235 2791 1382 2830 anima
1419 2795 1568 2831 nostra

336 2878 348 2898 ¹
372 2880 447 2912 Lib.
466 2889 497 2920 4.
519 2884 632 2912 contra
652 2880 776 2922 Julian.
970 2878 983 2898 2
1009 2880 1110 2911 Hom.
1132 2887 1162 2919 9.
1182 2878 1216 2910 in
1236 2878 1333 2921 Joan.
