1903 3197
270 181 371 229 454
598 166 677 212 De
709 164 899 212 ratione
932 161 1126 210 vivendi
1157 160 1418 208 societatis.

272 300 491 348 Alterum,
531 298 633 351 quia
666 302 819 338 contra
849 301 1121 350 praeceptum
1165 292 1250 334 Dei
1292 291 1502 332 facimus:
1543 289 1745 339 alterum,

276 374 380 429 quia
420 378 572 414 contra
610 371 855 425 justitiam:
888 375 954 410 est
996 369 1112 409 enim
1156 365 1338 407 Domini
1380 369 1664 417 praeceptum,
1696 369 1745 402 ut

276 460 357 489 nos
393 447 475 500 ipsi
510 445 757 498 diligamus,
781 456 881 485 cum
904 443 1072 491 dicitur,
1097 444 1118 461 “
1136 440 1305 493 Diliges
1331 438 1586 491 proximum
1618 441 1744 476 tuum

277 527 492 574 tanquam
525 517 750 573 teipsum.”
814 517 1002 559 Constat
1032 521 1193 564 autem,
1231 518 1280 553 ut
1311 511 1498 552 Basilius
1534 510 1607 560 ait,
1645 522 1745 549 eum

279 594 390 637 falso
422 594 604 648 diligere
631 592 887 646 proximum
910 590 1093 643 ejusque
1125 587 1373 642 prospicere
1394 583 1650 632 commodis,
1672 583 1746 635 qui

281 670 474 723 seipsum
511 667 693 720 diligere
730 666 879 707 nescit.
942 665 1040 704 “Et
1081 675 1169 715 qua
1203 660 1384 702 tandem
1421 658 1589 699 ratione
1625 669 1749 697 man-

281 743 436 785 datum
470 741 541 782 ille
569 741 686 794 juste
718 740 899 792 implere
931 738 1100 786 dicitur,
1136 736 1210 789 qui
1243 747 1420 777 causam
1452 745 1552 773 cum
1584 730 1750 771 famulo

284 831 466 871 corpore
498 817 667 867 integre
689 828 739 854 ac
767 813 885 865 juste
907 825 995 851 non
1022 810 1219 863 judicat;
1250 815 1458 849 caeterum
1485 804 1749 858 subjugandi

285 891 481 938 obtentu,
525 888 632 928 illud
674 900 721 927 se
771 886 988 937 castigare
1039 882 1271 936 professuS,
1314 882 1551 921 indiscreto
1602 878 1750 931 potius

286 964 454 1017 impetu
496 961 686 1014 pessime
728 958 947 999 consumit
988 970 1038 997 ac
1089 953 1333 1009 perimit?''
1399 954 1512 992 Haec
1555 951 1751 992 Basilius.

287 1037 495 1078 Alterum
536 1048 650 1082 vero,
694 1033 798 1086 quia
839 1037 991 1072 contra
1029 1029 1247 1083 justitiam
1280 1033 1323 1068 et
1355 1032 1506 1067 contra
1538 1026 1751 1065 rationem

287 1110 498 1152 facimus:
532 1108 664 1161 idque
692 1106 929 1160 tripliciter.
994 1104 1152 1152 Primo,
1177 1103 1279 1155 quia
1309 1101 1444 1141 nostri
1475 1113 1561 1140 non
1593 1112 1755 1148 sumus,

287 1189 337 1225 ut
377 1197 496 1237 saepe
533 1182 627 1235 jam
669 1181 877 1230 diximus,
915 1192 995 1219 nec
1035 1178 1136 1218 vitae
1194 1182 1354 1216 nostrae
1407 1174 1586 1221 domini,
1628 1178 1678 1212 ut
1718 1172 1757 1212 ei

290 1271 424 1311 grave
465 1257 678 1297 damnum
731 1254 858 1294 nobis
909 1252 1039 1292 liceat
1090 1251 1256 1291 inferre.
1341 1249 1449 1289 Ideo
1498 1247 1658 1287 Paulus
1699 1246 1755 1286 ad

293 1331 545 1373 Corinthios
563 1344 572 1370 ε
596 1333 616 1350 “
634 1329 693 1369 Et
715 1342 802 1368 non
825 1327 929 1367 estis
950 1323 1143 1375 vestri,''1
1162 1324 1330 1377 inquit;
1360 1329 1404 1362 et
1425 1322 1481 1362 ad
1506 1322 1734 1362 Romanos
1753 1334 1760 1359 :

293 1404 514 1453 “Nemo,'’
538 1404 691 1456 inquit,
718 1405 951 1442 “nostrum
976 1400 1057 1440 sibi
1081 1399 1198 1448 vivit,
1221 1404 1265 1438 et
1287 1410 1416 1437 nemo
1438 1396 1519 1436 sibi
1553 1395 1760 1435 moritur:

294 1479 385 1520 sive
402 1479 519 1519 enim
537 1478 735 1526 vivimus,
751 1477 840 1516 sive
859 1475 1080 1523 morimur,
1101 1472 1282 1513 Domini
1300 1468 1510 1511 sumus.⁷'2
1533 1468 1651 1521 “Qui
1669 1468 1762 1521 qui-

295 1553 410 1601 dem,
435 1552 469 1592 si
502 1552 654 1591 fuisset
685 1547 889 1598 bonum,’'
913 1553 962 1588 ut
984 1560 1171 1599 magnus
1201 1545 1389 1586 Basilius
1410 1544 1482 1592 ait,
1508 1545 1529 1563 “
1544 1542 1764 1595 negligere

296 1640 466 1681 corpus,
491 1632 534 1666 et
556 1624 675 1677 quod
697 1624 846 1663 vivum
881 1628 947 1662 est
982 1627 1204 1661 mortuum
1240 1619 1518 1666 constituere,
1541 1616 1652 1656 tales
1686 1629 1766 1655 nos

297 1714 392 1741 esse
423 1699 547 1739 initio
571 1697 864 1738 condidisset:
897 1696 933 1735 si
955 1708 1059 1734 vero
1090 1693 1174 1734 hoc
1197 1706 1284 1732 non
1307 1692 1420 1739 fecit,
1444 1690 1624 1730 omnino
1647 1689 1765 1741 quod

297 1774 465 1815 bonum
489 1786 583 1812 esse
612 1771 790 1818 sciebat,
815 1769 898 1809 hoc
928 1766 1066 1808 fecit.”
1129 1766 1177 1807 Si
1199 1779 1303 1806 vero
1325 1764 1445 1817 quod
1474 1764 1640 1803 bonum
1663 1769 1767 1811 erat,

297 1847 383 1888 hoc
404 1860 484 1887 nos
506 1859 601 1886 esse
623 1845 736 1894 fecit,
759 1848 947 1897 peccant
969 1842 1055 1894 qui,
1080 1840 1201 1893 quod
1235 1840 1347 1880 bene
1381 1839 1545 1878 factum
1579 1843 1656 1885 est,
1679 1849 1767 1876 non

300 1928 349 1963 ut
386 1927 452 1962 est
489 1920 754 1961 custodiunt.
820 1917 929 1958 Ideo
967 1922 1011 1956 et
1052 1914 1301 1968 Apostolus
1340 1912 1467 1965 jubet
1508 1911 1768 1963 obsequium

302 2002 502 2036 nostrum
549 1991 809 2033 rationabile
855 2004 978 2031 esse:
1032 1986 1301 2037 “Obsecro,'’
1345 1986 1497 2038 inquit,
1542 1987 1655 2024 “vos
1695 1996 1772 2036 per

304 2068 648 2110 misericordiam
692 2066 789 2115 Dei,
813 2071 862 2105 ut
904 2063 1152 2104 exhibeatis
1196 2074 1377 2114 corpora
1408 2065 1551 2099 vestra
1582 2057 1770 2097 hostiam

304 2144 537 2192 viventem,
561 2146 772 2190 sanctam,
797 2140 896 2179 Deo
928 2137 1190 2191 placentem,
1224 2132 1482 2175 rationabile
1513 2131 1773 2183 obsequium

305 2215 535 2257 vestrum.'’
629 2215 719 2255 Ubi
764 2212 951 2253 Glossa:
1004 2209 1277 2257 rationabile,
1322 2207 1472 2259 inquit,
1515 2205 1775 2257 obsequium

306 2296 512 2338 vestrum,
550 2301 649 2328 cum
692 2286 982 2335 discretione;
1028 2298 1083 2323 ne
1125 2283 1230 2335 quid
1273 2281 1401 2321 nimis
1443 2280 1509 2328 sit,
1553 2279 1629 2319 sed
1676 2291 1774 2318 cum

308 2362 601 2415 temperantia
653 2373 836 2413 corpora
887 2363 1032 2398 vestra
1084 2356 1317 2408 castigetis,
1371 2360 1419 2394 ut
1470 2366 1557 2392 non
1609 2357 1776 2391 natura:

312 2437 486 2479 defectu
521 2440 736 2488 cogantur
766 2432 958 2481 dissolvi,
993 2431 1069 2471 sed
1102 2430 1217 2470 vitiis
1252 2428 1373 2468 mori.
1440 2427 1540 2466 Hoc
1574 2426 1778 2465 nimirum

311 2510 556 2564 significare
579 2509 717 2548 voluit
751 2506 973 2547 Dominus
1005 2505 1048 2544 in
1082 2501 1441 2550 Deuteronomio,
1465 2513 1565 2540 cum
1583 2498 1779 2551 jubebat,

313 2585 452 2626 sicubi
490 2583 617 2623 nidus
656 2582 747 2621 avis
790 2585 904 2621 esset
946 2580 1159 2627 inventus,
1183 2583 1226 2617 et
1263 2582 1403 2616 mater
1440 2574 1652 2614 incubans
1688 2571 1780 2612 ovis

315 2659 384 2700 vel
425 2658 567 2711 pullis,
611 2661 797 2696 matrem
841 2654 982 2707 ipsam
1025 2652 1258 2699 dimittere,
1302 2663 1390 2689 non
1433 2660 1598 2696 necare,
1635 2644 1779 2698 pullos

316 2738 465 2774 autern
508 2738 551 2772 et
592 2744 675 2771 ova
726 2740 910 2781 capere;
957 2733 1005 2766 ut
1047 2725 1344 2777 intelligamus
1385 2734 1559 2762 carnem
1601 2718 1779 2772 quidem

317 2813 514 2848 nostram
550 2819 638 2846 non
675 2817 769 2844 esse
806 2800 1062 2849 necandam,
1091 2799 1197 2840 vitia
1232 2811 1335 2837 vero
1371 2797 1467 2849 ipsa
1502 2808 1601 2847 quae
1638 2793 1695 2833 ab
1730 2804 1781 2832 ea

773 2891 786 2911 ²
814 2900 839 2924 1.
861 2892 936 2924 Cor.
958 2891 988 2922 6.
1125 2887 1139 2906 ‘2
1163 2889 1259 2920 Rom.
1285 2896 1333 2927 14.
