1903 3197
389 152 467 198 De
498 152 845 198 antevertendz‘s
880 152 1231 198 leutalz'om'bzts.
1447 162 1535 207 205

75 290 225 325 autem
251 285 510 325 nominatim
540 284 583 323 in
610 284 852 323 tentatione
879 284 1107 335 superbiae‚
1133 297 1218 322 non
1242 284 1334 322 sine
1356 281 1537 322 consilio

78 373 127 399 ac
150 360 343 407 ratione;
377 359 480 410 quia
501 357 711 397 latissime
733 362 866 409 patet,
898 362 940 395 et
969 356 1165 408 plerique
1194 356 1423 396 hominum
1454 356 1537 395 hoc

78 432 170 471 vitii
201 433 354 472 morbo
385 437 636 476 tentantur;
669 436 763 469 tum
797 431 929 469 etiam
959 430 1060 481 quia
1090 430 1278 468 tentatio
1310 430 1536 481 superbiae,

76 506 159 545 etsi
194 519 219 545 a
252 505 470 558 plerisque
504 510 551 544 ut
585 503 689 543 levis
724 504 1028 550 contemnitur,
1059 507 1125 541 est
1159 508 1307 540 tamen
1344 503 1537 541 maxime

77 578 331 631 periculosa,
365 584 407 618 et
441 578 624 617 aliarum
659 590 855 629 persaepe
891 576 1031 623 radix,
1066 589 1174 627 quas
1208 575 1364 626 vulgus
1399 575 1538 614 homi-

76 665 182 692 num
218 652 353 704 pluris
387 651 500 699 facit,
523 657 572 690 ut
605 651 873 690 tentationes
909 649 1101 689 libidinis
1128 654 1307 701 propter
1335 654 1535 700 apertum

77 725 269 765 dedecus
298 731 340 765 et
363 724 659 776 ignominiam.
714 723 760 764 Si
785 729 933 763 tamen
956 723 1151 770 velimus,
1177 721 1220 761 id
1244 721 1362 774 quod
1391 728 1539 761 noster

80 799 208 839 Pater
228 797 654 851 praetermittendum
678 797 859 850 putavit,
879 797 921 836 in
943 797 1038 836 aliis
1062 796 1195 836 etiam
1219 795 1538 836 tentationibus

76 879 154 912 aut
186 872 330 925 pravis
363 871 498 912 animi
532 871 897 924 propensionibus
932 869 1189 922 exemplum
1227 882 1402 921 ponere,
1441 882 1541 921 pos-

76 958 227 985 sumus
279 958 456 985 omnem
509 945 798 985 tentationem
851 957 1118 997 pravamque
1171 942 1305 983 animi
1354 955 1541 995 propen-

79 1019 248 1059 sionem
291 1018 345 1058 ad
397 1019 480 1058 tria
521 1019 666 1071 capita
708 1032 921 1066 revocare,
961 1018 1092 1069 juxta
1139 1017 1220 1057 tria
1267 1016 1340 1056 illa
1381 1029 1541 1069 genera

83 1106 237 1141 rerum,
281 1106 389 1144 quas
417 1105 527 1133 oesse
572 1093 614 1131 in
658 1092 825 1132 mundo
869 1092 1000 1131 docet
1034 1091 1229 1143 Joannes
1271 1089 1544 1142 Apostolus;

76 1167 189 1206 sicut
211 1166 340 1206 docet
364 1166 576 1206 Rabanus
600 1167 643 1205 in
668 1165 824 1206 Matth.
848 1178 886 1215 4.
950 1165 1067 1204 Nam
1090 1177 1190 1204 cum
1215 1168 1237 1183 “
1253 1163 1398 1203 Omne
1414 1165 1540 1216 ¹quod

77 1247 144 1281 est
173 1241 215 1280 in
247 1239 448 1288 mundo,’'
473 1248 519 1280 ut
550 1240 620 1279 ille
649 1240 721 1288 ait,
746 1240 837 1279 “sit
868 1239 1224 1291 concupiscentia
1253 1238 1407 1285 carnis,
1437 1251 1541 1278 con-

78 1314 347 1367 cupiscentia
369 1313 605 1362 oculorum,
630 1319 673 1353 et
696 1313 901 1366 superbia
922 1314 1023 1352 vitae
1045 1311 1098 1361 ;”1
1128 1312 1184 1352 ad
1215 1311 1310 1351 haec
1333 1312 1415 1351 tria
1444 1325 1542 1364 pro-

75 1387 198 1428 clivis
230 1393 296 1427 est
326 1387 556 1427 hominum
588 1388 688 1427 vita.
750 1387 826 1427 Ad
857 1387 1130 1439 voluptatem
1170 1386 1350 1437 inquam
1388 1385 1541 1433 carnis,

79 1476 137 1502 ex
171 1475 258 1514 qua
288 1461 455 1514 duplex
487 1462 624 1501 oritur
652 1462 850 1509 tentatio,
881 1460 1044 1500 ventris
1074 1459 1239 1499 scilicet
1269 1472 1321 1498 ac
1348 1459 1544 1507 veneris;

77 1537 135 1577 ad
187 1536 474 1589 cupiditatem
527 1535 708 1588 pulchra
758 1549 808 1575 ac
860 1534 1059 1587 speciosa
1110 1532 1376 1585 possidendi,
1429 1532 1544 1571 unde

79 1611 273 1651 avaritiae
303 1611 489 1650 tentatio
523 1610 742 1663 gignitur;
776 1609 831 1649 ad
867 1608 1030 1648 fastum
1063 1621 1112 1647 ac
1145 1612 1364 1646 tumorem
1397 1606 1546 1655 animi,

77 1698 139 1725 ex
181 1698 268 1736 quo
311 1683 575 1724 desiderium
618 1683 760 1723 laudis
806 1688 941 1735 atque
988 1681 1216 1727 honorum,
1259 1693 1309 1720 ac
1357 1679 1547 1732 denique

81 1757 360 1798 coenodoxiae
397 1757 583 1798 tentatio
619 1763 881 1809 procreatur.
968 1755 1075 1795 Ideo
1115 1754 1345 1801 Dominus,
1382 1759 1429 1792 ut
1467 1767 1546 1792 suo

80 1832 350 1871 disceremus
382 1829 601 1883 exemplo,
626 1838 778 1869 contra
809 1829 904 1868 haec
934 1829 1017 1868 tria
1049 1841 1246 1880 pugnare
1267 1827 1413 1866 voluit.

171 1903 320 1957 Quare
343 1903 685 1956 Chrysostomus
711 1907 730 1922 ‘⁴
747 1902 973 1949 Omnium,
999 1901 1151 1952 inquit,
1176 1900 1391 1940 malorum
1413 1913 1548 1952 prava

82 1983 128 2018 et
145 1977 322 2017 fortiora
341 1983 443 2017 sunt
460 1976 737 2029 tria2—gula,
757 1976 950 2024 avaritia,
967 1982 1010 2015 et
1025 1987 1136 2014 vana
1153 1973 1311 2026 gloria;
1340 1972 1548 2013 adversus

83 2065 184 2104 quae
219 2051 448 2100 Dominus,
472 2050 729 2090 tentationis
758 2050 998 2102 suscipiens
1031 2048 1207 2096 bellum,
1231 2046 1444 2099 pugnavit
1469 2060 1549 2099 pro

84 2125 219 2165 nobis.
286 2124 453 2164 Contra
474 2124 625 2177 gulam
652 2123 867 2177 pugnavit
890 2123 933 2162 in
963 2135 1122 2170 eremo,
1144 2126 1297 2161 contra
1319 2120 1549 2160 avaritiam

83 2211 215 2251 super
252 2204 461 2247 montem,
494 2204 647 2238 contra
678 2211 838 2238 vanam
881 2196 1065 2250 gloriam
1103 2207 1233 2248 super
1268 2191 1552 2246 templum.’'²

85 2272 212 2313 Idem
255 2273 384 2312 docet
423 2273 670 2312 Bernardus
708 2285 826 2325 saepe
863 2272 906 2310 in
945 2270 1009 2310 Ps.
1045 2269 1167 2322 “Qui
1205 2267 1435 2309 habitat.’'3
1499 2269 1549 2307 In

83 2345 151 2386 his
173 2346 306 2386 etiam
329 2346 468 2386 tribus
490 2345 650 2386 docent
675 2345 825 2386 Patres
848 2350 1042 2385 tentatos
1065 2356 1159 2383 esse
1181 2341 1345 2395 primos
1380 2346 1551 2381 nostros

85 2425 299 2473 parentes,
328 2419 480 2459 Adam
515 2425 558 2460 et
595 2420 764 2460 Evam:
806 2419 862 2459 de
897 2418 1000 2471 gula
1030 2417 1219 2469 quidem,
1247 2428 1347 2455 cum
1382 2416 1554 2468 rogavit

84 2506 161 2532 eos
193 2498 368 2533 satanas
398 2498 446 2533 ut
475 2493 530 2533 de
554 2493 692 2533 vetito
724 2493 846 2544 ligno
878 2496 1105 2545 gustarent
1124 2490 1150 2541 3⁴
1182 2490 1236 2529 de
1258 2502 1372 2529 vana
1401 2489 1552 2542 gloria,

88 2579 187 2607 cum
210 2566 326 2606 dixit
344 2580 352 2606 ;
375 2570 396 2586 “
414 2567 531 2607 eritis
553 2567 666 2607 sicut
685 2567 758 2606 Dii
777 2566 809 2617 ;’'
835 2567 890 2606 de
909 2565 1102 2613 avaritia,
1118 2577 1217 2604 cum
1235 2563 1315 2603 ait:
1331 2566 1352 2583 “
1366 2563 1553 2603 scientes

544 2640 551 2655 5

88 2640 255 2681 bonum
285 2647 328 2680 et
350 2640 539 2681 malum.’
602 2641 856 2681 Dorotheus
880 2652 1081 2693 quoque:
1106 2638 1242 2679 “Uno
1264 2636 1374 2686 ore,‘’
1398 2636 1550 2688 inquit,

91 2718 281 2754 “omnes
304 2714 454 2754 Patres
477 2720 674 2754 asserunt
688 2714 916 2767 passiones
939 2713 1167 2754 morbosas
1188 2724 1341 2752 omnes
1363 2715 1406 2750 et
1420 2721 1551 2749 omne

130 2826 143 2845 ¹
171 2836 195 2860 1.
214 2828 311 2869 Joan.
333 2836 362 2860 2.
438 2826 451 2846 2
477 2828 579 2860 Hom.
601 2834 647 2869 15.
664 2829 728 2870 Op.
747 2829 833 2869 Imp.
908 2827 922 2846 3
946 2828 1021 2860 Ser.
1038 2827 1068 2860 6.
1086 2833 1116 2859 et
1138 2834 1185 2866 14.
1203 2830 1234 2857 et
1251 2826 1345 2857 Cant.
1365 2823 1434 2856 Ser.
1451 2830 1503 2864 33.

650 2878 664 2897 ⁴
689 2879 797 2911 Gloss.
815 2880 848 2911 in
865 2879 984 2911 Matth.
