1903 3197
295 203 354 246 62
756 199 836 245 De
869 198 1120 245 Socz'etatzsse
1155 199 1290 246 Fine.

290 346 362 373 me
403 333 464 372 sic
500 332 718 385 proximis
750 332 878 372 valde
914 332 1134 385 prodesse,
1170 338 1213 373 et
1248 332 1461 386 plurimos
1494 332 1656 374 habere
1687 336 1761 388 qui

289 420 362 447 me
395 406 593 459 quotidie
627 406 871 456 consulunt,
902 413 945 447 et
983 420 1053 447 me
1091 407 1247 447 ducem
1281 407 1337 447 ad
1373 407 1532 447 animae
1574 408 1761 449 salutem

288 481 568 535 potissimum
610 480 775 530 volunt,
817 487 1051 534 propterea
1092 494 1180 521 non
1232 479 1420 521 libenter
1469 481 1571 522 hinc
1608 484 1759 535 migro.

292 554 456 597 Contra
478 569 592 604 vero,
616 556 650 595 si
680 556 832 608 paucis
861 555 944 595 hoc
967 555 1063 595 loco
1086 554 1193 595 mihi
1215 555 1368 595 videor
1389 569 1518 608 posse
1540 557 1762 609 prodesse,

289 636 332 671 et
374 631 550 670 inanem
585 643 731 670 meam
769 643 949 683 operam
985 629 1211 678 collocare,
1247 630 1457 670 continuo
1492 631 1565 671 ubi
1608 631 1761 674 habito

290 718 361 744 me
402 704 485 744 loci
527 704 680 752 toedet,
723 709 767 744 et
809 703 894 744 alio
935 703 1139 744 secedere
1182 704 1224 743 in
1277 711 1471 745 mentem
1513 706 1644 755 venit,
1688 707 1761 748 ubi

289 792 470 832 operam
504 784 768 830 tempusque
801 791 888 818 non
922 779 1115 831 perdam.

380 852 467 892 Hae
500 858 602 892 sunt
633 853 868 905 praecipuae
901 866 1058 901 causae,
1092 866 1168 892 cur
1208 853 1330 894 locus
1367 854 1526 906 aliquis
1559 855 1761 906 delectet,

289 932 366 967 aut
408 940 495 967 non
539 926 742 967 delectet.
825 927 915 968 Sed
968 927 1274 980 expendendae
1327 935 1429 968 sunt
1478 928 1673 982 singuhe,
1717 936 1761 971 et

290 1015 440 1042 earum
483 1001 767 1055 inspiciendae
810 1002 990 1051 radices,
1026 1008 1073 1041 ut
1115 1001 1408 1042 remediorum
1452 1005 1760 1056 opportunitas

288 1077 509 1126 afferatur,
545 1077 813 1129 reperiemus
851 1076 967 1115 enim
1003 1075 1093 1114 fere
1125 1088 1292 1124 omnes,
1325 1081 1402 1116 aut
1435 1090 1491 1116 ex
1526 1079 1761 1130 prudentia

289 1152 442 1199 carnis,
476 1157 552 1191 aut
587 1165 644 1190 ex
680 1157 854 1190 tumore
885 1149 1091 1201 fastuque
1134 1149 1363 1202 superbiae,
1397 1156 1473 1190 aut
1510 1165 1567 1191 ex
1611 1152 1761 1206 inopia

287 1225 534 1266 devotionis
557 1239 607 1265 ac
634 1224 812 1278 spiritus
836 1229 982 1264 ortum
1013 1238 1142 1264 suum
1171 1223 1345 1265 habere.
1410 1225 1555 1266 Prima
1579 1227 1759 1278 quidem

285 1313 419 1340 causa
451 1313 549 1352 quae
583 1299 773 1339 nationis
806 1304 899 1338 erat
930 1312 981 1339 ac
1013 1298 1214 1350 regionis,
1238 1299 1400 1351 partim
1434 1313 1491 1339 ex
1525 1301 1760 1353 prudentia

286 1375 428 1415 carnis
471 1374 616 1422 oritur,
660 1388 758 1426 quae
801 1374 944 1426 patria
986 1373 1138 1426 magiS‚
1181 1387 1348 1425 suaque
1390 1374 1581 1424 natione,
1623 1389 1758 1428 quam

286 1449 432 1489 aliena
463 1447 734 1497 delectatur;
769 1448 930 1501 partim
965 1461 1021 1487 ex
1055 1447 1271 1500 superbia,
1296 1462 1382 1500 qua
1415 1450 1513 1500 quis
1546 1449 1647 1490 illuc
1670 1464 1759 1491 non

285 1522 473 1563 libenter
515 1523 687 1575 migrat,
731 1522 804 1562 ubi
858 1522 1069 1562 obscurus
1123 1521 1292 1561 futurus
1341 1523 1407 1562 sit.
1493 1523 1760 1564 Remedium

285 1597 419 1649 igitur
458 1601 838 1650 peropportunum
892 1602 958 1636 est
1000 1595 1204 1649 duplex:
1257 1596 1444 1636 alterum
1488 1598 1668 1649 quidem
1712 1603 1761 1639 ut

284 1670 492 1712 affectum
555 1684 733 1711 omnem
786 1671 928 1711 carnis
990 1676 1034 1710 et
1085 1670 1309 1723 sanguinis
1361 1685 1590 1720 exuamus,
1644 1672 1760 1714 illius

284 1745 494 1798 praecepti
548 1758 775 1792 memores,
820 1744 938 1796 quod
982 1744 1213 1784 Abraham
1266 1745 1525 1797 patriarchae
1578 1760 1603 1786 a
1656 1747 1756 1788 Deo

283 1819 438 1859 datum
477 1824 554 1867 est,
590 1832 689 1858 cum
728 1819 765 1858 ei
799 1818 927 1866 dixit,
963 1819 1224 1871 “Egredere
1259 1818 1315 1858 de
1349 1824 1465 1859 terra
1501 1825 1588 1869 tua,
1626 1826 1670 1860 et
1704 1821 1761 1861 de

283 1892 548 1945 cognatione
579 1898 667 1941 tua,
693 1898 736 1932 et
769 1892 824 1932 de
856 1893 990 1933 domo
1025 1893 1162 1946 patris
1193 1892 1268 1942 tui,
1303 1899 1346 1933 et
1379 1893 1478 1933 veni
1517 1894 1560 1933 in
1596 1899 1757 1934 terram

284 1980 416 2019 quam
460 1966 718 2007 monstrabo
760 1966 839 2006 tibi
864 1965 924 2017 ;''1
977 1973 1053 2007 aut
1096 1967 1189 2019 ejus
1231 1966 1351 2018 quod
1399 1980 1477 2020 per
1518 1981 1567 2007 os
1609 1968 1756 2008 David

281 2055 456 2094 sponsae
495 2041 655 2081 animae
695 2041 835 2091 datur,
873 2042 940 2081 cui
984 2042 1169 2081 dicitur:
1215 2041 1374 2081 “Audi
1417 2041 1516 2089 filia,
1557 2048 1601 2082 et
1642 2042 1756 2091 vide,

283 2121 327 2156 et
360 2115 524 2155 inclina
561 2128 711 2155 aurem
747 2121 882 2163 tuam,
916 2121 959 2154 et
992 2115 1248 2155 obliviscere
1284 2114 1497 2167 populum
1535 2121 1674 2164 tuum,
1710 2122 1756 2157 et

281 2189 464 2229 domum
488 2189 625 2241 patris
648 2188 711 2228 tui
731 2187 795 2237 ;”2
817 2202 960 2241 neque
983 2190 1099 2228 enim
1123 2188 1214 2228 fieri
1237 2194 1395 2241 potest,
1416 2194 1464 2228 ut
1486 2189 1583 2241 quis
1606 2190 1754 2230 Deum

281 2263 395 2303 bene
429 2268 649 2314 sequatur,
690 2267 765 2302 aut
802 2261 896 2315 ejus
934 2262 1138 2302 decorem
1174 2276 1230 2302 ex
1269 2263 1417 2303 animo
1456 2265 1753 2317 concupiscat,

282 2337 362 2377 nisi
395 2338 561 2390 patriae,
595 2337 798 2387 nationis,
832 2336 1072 2390 populique
1105 2337 1181 2386 sui,
1207 2350 1391 2389 quorum
1425 2338 1585 2378 affectu
1618 2344 1752 2378 retar-

279 2411 418 2461 datur,
460 2412 647 2452 voluerit
699 2411 909 2452 oblivisci.
993 2412 1169 2451 Docent
1221 2412 1336 2451 enim
1391 2412 1542 2454 Sancti
1597 2413 1750 2452 Patres

280 2486 399 2539 apud
437 2485 729 2534 Cassianum,3
763 2486 916 2539 patria?
959 2492 1280 2539 parentumque
1322 2487 1526 2526 viciniam
1570 2487 1632 2535 iis,
1675 2487 1749 2539 qui

280 2561 476 2600 nondum
550 2560 793 2613 perfectam
855 2560 989 2599 animi
1062 2560 1446 2600 mortificationem
1507 2561 1751 2613 possident,

279 2635 461 2674 noxiam
494 2648 599 2674 csse.
665 2634 814 2674 Debet
849 2635 991 2686 igitur,
1017 2635 1214 2687 quisquis
1246 2635 1301 2675 ad
1339 2634 1580 2687 perfectam
1613 2635 1751 2675 vitam

278 2709 475 2749 studiose
513 2709 754 2757 contendit,
792 2709 834 2747 in
878 2710 1109 2761 peregrino
1143 2709 1237 2749 solo
1273 2715 1406 2760 atque
1448 2709 1626 2749 natione
1660 2721 1748 2749 non

276 2789 458 2835 gravate
504 2783 697 2832 versari;
760 2783 873 2835 quia,
925 2783 959 2822 si
1012 2783 1276 2824 Sanctorum
1330 2784 1550 2823 sententia
1595 2782 1751 2835 patriae

274 2857 475 2898 vicinitas
508 2857 646 2907 obest,
680 2856 772 2909 ejus
805 2857 1003 2910 profecto
1036 2857 1334 2911 longinquitas
1366 2857 1557 2910 prodest.
1619 2855 1747 2896 Alte-

620 2945 632 2964 1
658 2947 741 2978 Gen.
761 2955 807 2978 12.
881 2946 894 2964 ‘⁶'
920 2948 971 2979 Ps.
989 2956 1041 2987 44.
1108 2946 1120 2966 3
1147 2947 1230 2978 Coll.
1250 2954 1302 2987 24,
1319 2957 1345 2978 c.
1364 2955 1393 2986 9.
