1903 3197
509 173 588 218 De
619 172 902 234 Disciplina
939 173 1132 221 Mensa&
1455 185 1548 234 377

90 305 135 346 in
172 305 329 346 edendi
366 304 656 354 festinatione,
679 310 773 344 tum
816 304 859 343 in
896 303 1207 345 exhauriendis
1244 305 1349 346 totis
1385 306 1546 358 patinis

92 378 470 430 conficiendisque,
522 391 620 430 quae
671 377 875 430 apposita
925 384 1036 426 sunt,
1090 378 1299 418 universis
1353 379 1550 419 maxime

93 452 290 494 cernitur.
330 451 430 504 Qua
452 451 507 491 de
528 464 573 491 re
596 450 800 491 Clemens
823 450 959 490 idem:
995 451 1180 500 “Licet‚‘’
1203 452 1354 503 inquit,
1375 453 1551 493 “videre

93 538 168 566 eos
199 525 273 578 qui
304 530 406 565 sunt
436 523 700 576 hujusmodi,
728 523 877 563 suibus
908 523 976 563 vel
1008 524 1189 563 canibus
1219 530 1399 577 propter
1428 539 1552 566 vora-

91 599 268 639 citatem
301 598 527 639 assimilari
559 598 706 650 potius
738 610 871 649 quam
903 596 1165 645 hominibus,
1190 598 1264 649 qui
1294 598 1406 638 adeo
1432 599 1551 640 festi-

92 678 199 712 nant
222 678 268 712 ut
290 677 547 718 saturentur,
572 676 620 710 ut
641 671 784 710 ambae
808 670 1001 710 maxillae
1032 669 1160 710 simul
1187 670 1401 720 inflentur,
1426 672 1551 712 elatis

87 746 203 786 vasis
235 758 334 797 quae
365 749 467 784 sunt
497 744 540 783 in
573 743 709 794 facie3
742 743 846 796 quin
879 743 1012 783 etiam
1045 744 1204 783 sudore
1234 749 1447 797 praeterea
1469 745 1552 785 dif-

91 818 224 867 fundi,
262 818 367 857 dum
405 822 584 870 propter
624 816 1001 858 insatiabilitatem
1038 823 1157 857 arcte
1193 818 1550 871 comprimuntur,

90 897 134 931 et
164 897 343 944 propter
374 891 758 943 intemperantiam
790 890 997 931 anhelant
1030 891 1308 931 festinatione
1334 891 1550 941 indecora,

91 969 134 1004 et
175 964 231 1004 ab
272 964 458 1004 honesta
499 964 816 1004 consuetudine
857 964 1000 1004 aliena
1042 965 1209 1005 intruso
1261 965 1304 1005 in
1352 971 1549 1006 ventrem

91 1038 369 1086 nutrimento,
394 1043 437 1077 et
468 1044 680 1090 tanquam
713 1038 769 1078 ad
801 1037 1020 1087 viaticum,
1049 1051 1137 1078 non
1169 1038 1224 1078 ad
1257 1038 1549 1091 digestionem

90 1110 236 1152 edulia
256 1111 507 1164 reponunt.’'
571 1111 644 1150 Ex
671 1110 948 1151 festinatione
971 1111 1101 1163 igitur
1122 1111 1206 1152 alia
1227 1112 1333 1152 vitia
1354 1112 1551 1153 oriuntur

91 1185 372 1225 maxillarum
415 1183 592 1234 inflatio,
634 1184 804 1224 sudoris
846 1184 1031 1234 diffusio,
1073 1184 1292 1225 anhelitus
1337 1192 1416 1235 etc,
1449 1200 1549 1238 quae

89 1272 266 1300 omnem
318 1258 506 1310 religiosi
557 1258 804 1298 decentiam
856 1258 1055 1311 perdunt.
1119 1257 1206 1311 Qui
1253 1265 1401 1299 autem
1443 1258 1549 1299 nihil

90 1332 242 1385 reliqui
278 1332 443 1372 faciunt
478 1345 536 1371 ex
571 1331 621 1371 iis
655 1345 755 1384 quae
789 1337 1079 1384 apponuntur,
1111 1332 1187 1372 sed
1222 1332 1550 1374 insatiabilitate

89 1405 280 1459 quadam
303 1411 418 1445 totas
441 1405 614 1457 patinas
644 1404 921 1454 exhauriunt,
945 1404 971 1444 ii
1001 1410 1214 1457 tanquam
1244 1406 1300 1445 ad
1329 1406 1548 1455 viaticum,

89 1492 175 1519 non
216 1479 272 1519 ad
315 1478 605 1531 digestionem
648 1477 792 1517 edulia
841 1478 884 1517 in
934 1483 1085 1517 ventre
1130 1485 1357 1531 reponunt.
1442 1479 1550 1519 Ideo

88 1557 239 1592 monet
282 1551 591 1591 Bonaventura
632 1564 806 1604 semper
845 1550 1010 1604 aliquid
1053 1551 1095 1590 in
1137 1552 1318 1604 potagio
1364 1551 1548 1593 honeste

88 1624 281 1678 relinqui,
319 1631 413 1665 tum
455 1625 759 1677 temperantiae
801 1638 942 1673 causa,
978 1630 1074 1665 tum
1118 1625 1250 1665 etiam
1291 1639 1547 1678 pauperum,

87 1699 329 1752 praesertim
352 1712 451 1739 cum
475 1698 592 1751 apud
616 1705 821 1739 externos
844 1698 989 1738 cibum
1015 1700 1238 1739 sumimus.
1304 1700 1363 1740 Et
1387 1700 1550 1741 Beatus

85 1773 345 1813 Vincentius
395 1772 638 1824 generatim
691 1787 747 1812 ex
799 1773 1014 1822 omnibus,
1057 1787 1156 1825 quae
1198 1787 1292 1813 esse
1333 1773 1547 1823 volumus,

87 1846 244 1886 suadet
264 1845 524 1898 particulam
549 1844 723 1885 Christo
746 1845 926 1898 pauperi
956 1845 1279 1896 dimittendam,
1303 1853 1346 1887 et
1368 1847 1547 1899 quidem

87 1920 255 1973 optima
277 1932 476 1971 quaeque,
499 1931 585 1958 non
606 1918 816 1958 vilissima
838 1924 886 1958 ut
907 1932 994 1958 non
1017 1918 1123 1958 nulli
1147 1918 1320 1960 solent.2

173 1994 273 2045 Jam
310 2006 411 2032 vero
454 1992 698 2045 inquinatio
740 1992 870 2045 longe
913 1992 1160 2033 maximum
1197 1993 1350 2034 vitium
1389 1999 1465 2043 est,
1504 2000 1548 2036 et

88 2067 143 2108 ab
180 2067 299 2107 omni
336 2079 435 2106 cum
474 2066 692 2119 religione,
731 2071 826 2106 tum
863 2065 1107 2106 honestatis
1148 2066 1318 2117 decoro,
1342 2067 1544 2109 alienum.

87 2140 155 2181 Ea
189 2140 383 2193 quinque
423 2140 642 2192 praecipue
677 2140 948 2192 temporibus
984 2146 1051 2180 est
1084 2141 1288 2181 cavenda.
1352 2142 1546 2182 Primum

85 2214 129 2254 in
159 2213 364 2254 tollendis
393 2213 705 2266 capiendisque
735 2213 790 2252 de
820 2226 972 2254 mensa
993 2214 1111 2264 cibis,
1136 2228 1190 2254 ne
1212 2214 1376 2255 scilicet
1397 2215 1546 2268 digitis

86 2293 383 2337 attrectentur,
420 2293 617 2339 totaeque
653 2287 848 2327 dexterae
887 2288 1250 2329 contaminentur.
1316 2288 1547 2331 Clemens:

87 2362 172 2402 “A
223 2362 390 2402 ratione
439 2361 642 2410 alienum,
687 2374 842 2401 manus
893 2362 1185 2402 condimentis
1237 2362 1548 2404 immiscere.''3

87 2436 392 2476 Bonaventura
426 2450 482 2476 ex
521 2436 738 2489 Hugone:
787 2435 1089 2476 “Indecenter
1122 2436 1275 2489 agitur,
1311 2437 1346 2477 si
1384 2437 1546 2491 digitos

88 2511 185 2563 quis
227 2510 424 2550 immittit
464 2510 656 2562 potagio,
691 2515 735 2549 et
772 2509 882 2549 offas
913 2509 981 2549 vel
1023 2510 1142 2550 olera
1178 2511 1305 2551 nudis
1341 2512 1546 2563 articulis,

90 2583 325 2625 cochlearis
354 2584 458 2632 vice,
482 2582 707 2636 piscatur.'’
725 2582 741 2605 4

804 2584 873 2624 Ita
895 2589 943 2624 ut
966 2584 1008 2623 in
1032 2585 1188 2624 eodem
1206 2584 1303 2637 jure
1325 2591 1368 2626 et
1390 2599 1547 2627 manus

87 2657 368 2707 ablutionem,
395 2663 439 2697 et
472 2657 634 2697 ventris
667 2657 961 2707 refectionem,
994 2664 1042 2698 ut
1074 2659 1136 2698 ait
1172 2659 1320 2711 Hugo,
1352 2672 1546 2711 quaerere

85 2732 295 2779 videatur,
349 2730 634 2782 ejusdemque
685 2732 967 2784 turpitudinis
1019 2737 1085 2772 est
1136 2732 1297 2785 digitos
1357 2732 1544 2786 dapibus

244 2844 255 2865 ¹
281 2845 378 2887 Spec.
398 2845 488 2876 Dise.
509 2855 540 2886 p.
563 2853 588 2876 1.
609 2855 636 2876 c.
657 2853 708 2877 21.
887 2845 900 2863 ²
923 2846 1032 2876 Tract.
1053 2846 1095 2876 de
1111 2845 1177 2876 Vit.
1200 2845 1286 2886 Spir.
1307 2855 1333 2876 c.
1356 2851 1384 2885 7.

333 2894 347 2914 ³
372 2896 501 2936 Paedag.
523 2895 544 2928 1.
565 2904 594 2928 2.
614 2906 641 2927 c.
666 2904 692 2928 1.
827 2895 842 2915 ⁴
865 2896 961 2938 Spec.
982 2896 1073 2929 Disc.
1093 2906 1125 2937 p.
1147 2904 1172 2928 1.
1193 2906 1219 2928 c.
1240 2904 1291 2928 21.
